2155 2892
928 166 1197 197 —673—

153 275 250 313 rajat,
287 283 368 313 quae
409 272 609 302 desertorum
643 279 757 300 nomen
794 273 863 307 est,
900 277 969 298 cum
998 267 1048 296 illo
1078 266 1145 296 loco
1173 265 1347 304 coniunxit,
1386 265 1468 305 quod
1499 268 1528 295 in
1558 266 1730 305 propinquo
1759 269 1829 296 eius
1857 270 1940 296 sunit.

154 338 261 367 Arcus
288 346 306 366 e
334 336 419 376 ligno
446 334 568 364 arboris
596 333 690 363 Nubh
734 331 869 362 consecti
915 332 1020 370 optimi
1051 333 1200 370 putantur
1228 329 1332 358 llurir.
1361 329 1391 356 *1ο
1418 329 1434 357 Ι.
1466 330 1487 358 9
1515 329 1614 357 schol.
1646 330 1737 358 llum.
1766 331 1821 357 ΡοΛ
1849 339 1879 358 v.
1909 329 1940 358 2.

150 401 192 428 ‘ilo
219 408 250 429 v.
280 397 311 428 3.
341 396 504 426 Posterior
532 403 647 424 versus
682 403 756 433 pars
788 394 817 423 in
845 393 1002 422 Mersukii
1029 390 1139 421 codice
1168 390 1275 419 verbis
1309 391 1516 429 sequentibus
1547 387 1648 432 [τύψας
1675 406 1716 428 U·
1742 388 1835 423 νεὼς
1863 390 1885 418 Ι..
1912 398 1943 437 o)

154 462 341 501 explicatur,
369 469 451 500 quae
476 459 523 488 sic
547 458 709 497 intellig0,
745 466 838 486 arcus
866 464 982 485 cornua
1010 453 1093 483 hund
1120 452 1251 482 riiultuin
1279 458 1412 482 curvata
1442 462 1529 490 esse,
1551 459 1583 482 nt
1612 454 1807 491 comparatio
1835 462 1940 491 arcus,

153 523 220 562 (qui
252 522 381 552 multum
409 521 603 555 incurvatus,
634 519 716 557 ‹piuli
746 521 776 548 in
804 519 975 548 certamine
1003 514 1184 555 utebantur,
1212 511 1330 555 ἐ’-ὲ)ὲιμ
1360 515 1604 554 appellabatur)
1636 516 1739 554 aptior
1766 516 1818 544 sit.

154 582 186 611 6.
233 581 392 618 Quomodo
415 588 524 608 ennam
549 580 694 606 incessus
719 578 773 606 noi
795 578 930 609 ridetur,
955 585 1035 613 qurw
1056 575 1183 602 arbores
1212 574 1355 602 Ttmllmla
1387 575 1599 610 depascuntur
1623 578 1653 602 et
1672 575 1791 610 plantis
1815 574 1942 603 Hnnidb

803 633 961 659 vescentes
984 637 1170 666 (ferocemque
1192 629 1300 656 stulu?

270 693 304 722 ln
332 691 440 720 verbis
468 690 661 720 camelorum
690 689 758 717 laus
789 692 850 716 est.
912 685 1034 715 Cameli
1061 684 1100 714 ab
1128 685 1240 713 arbore
1268 687 1299 713 et
1326 684 1443 723 planta,
1472 692 1551 722 quae
1579 683 1616 712 iis
1645 683 1833 711 nutrimento
1860 688 1945 721 sunt,

154 754 367 796 cognominati
394 757 478 782 sunt.
508 752 643 781 Formas
672 750 869 790 grammatici
897 749 985 778 vario
1014 747 1106 777 modo
1136 748 1303 786 explicant.
1333 747 1419 776 Loco
1448 746 1538 775 vocis
1558 734 1722 785 Ula-³³⁴3)
1744 743 1806 786 (11.
1823 741 1946 788 792.)

155 818 271 858 legitur
299 812 462 856 cabensi-'59
494 819 547 843 net
574 814 706 843 arbores
726 811 865 843 Ghadhn
891 811 1141 850 depascentes«.

157 888 188 916 7.
233 888 297 916 Per
321 891 440 915 noctem
464 886 611 915 utensilia
633 895 692 913 sna
715 886 934 919 transportant
955 886 984 911 et
1006 890 1173 918 ‹ryasonem
1198 881 1318 908 lassum
1343 889 1385 908 es
1407 879 1599 915 agasonibus
1620 879 1696 907 sut's.

257 943 319 972 {ter
349 952 404 982 per
434 946 560 971 noctem
589 940 751 970 describit.
780 940 902 970 Cameli
926 949 987 968 non
1014 939 1117 967 solum
1146 938 1301 977 utensilia,
1329 936 1440 975 quibus
1467 936 1572 964 onusti
1600 940 1684 975 sunt,
1713 945 1825 964 verum
1853 937 1949 965 etiam

158 1012 320 1044 agasones
349 1004 459 1033 itinere
498 1007 652 1032 nocturno
688 1002 841 1042 fatigatos
878 1006 1015 1040 portant.
1081 999 1123 1029 Ut
1163 999 1300 1028 camelos
1340 997 1379 1027 ad
1406 999 1544 1027 celerem
1572 997 1730 1026 incessum
1771 998 1949 1036 incitarent,

161 1075 323 1107 agasones
343 1071 496 1095 canentes
523 1065 718 1104 praecedere
745 1065 899 1094 solebant.
926 1065 960 1093 ln
979 1072 1059 1093 voce
1089 1061 1262 1110 Lpljpb,
1288 1070 1369 1100 quae
1397 1060 1526 1099 pluralis
1555 1059 1653 1089 forma
1680 1068 1698 1088 a
1728 1060 1839 1099 plurali
1868 1059 1949 1088 irre-

161 1127 266 1168 gulari
294 1127 439 1157 derivata
466 1132 526 1165 est,
556 1127 752 1166 praepositio
780 1127 834 1156 Ba
860 1126 1024 1165 superflua
1051 1131 1112 1155 est.

1019 1196 1104 1228 1⁷1.

185 1261 367 1296 llaeim
400 1262 438 1295 b.
464 1262 697 1295 Kabizah
720 1262 759 1295 Ι».
783 1261 975 1295 luth-m·
997 1261 1099 1294 filio
1124 1268 1227 1301 suo,
1251 1257 1336 1299 qui
1360 1266 1387 1291 e
1412 1259 1604 1291 deserto
1627 1257 1678 1290 in
1703 1257 1935 1299 oppidum

815 1316 1133 1356 migraverat,
1159 1312 1295 1347 «lixit.

728 1360 793 1404 (De
820 1368 910 1402 patre
938 1369 1052 1401 poetae
1082 1362 1227 1392 conferas
1256 1368 1284 1398 p.
1313 1362 1386 1401 ΡΜ.)

168 1424 200 1452 1.
247 1423 311 1452 Per
333 1425 427 1452 ritum
447 1423 551 1459 putris
578 1421 730 1451 Essem-i!
771 1422 930 1451 Bischrus
953 1433 1022 1451 enm
1045 1423 1166 1458 decepit
1188 1422 1276 1457 lwrci,
1302 1432 1364 1461 qua
1383 1425 1558 1459 paupertas
1580 1422 1622 1450 ad
1641 1431 1710 1450 enm
1731 1424 1881 1459 pert-enit.

282 1479 516 1510 Grammaticus
546 1478 745 1518 Almadajeni
771 1481 1011 1519 cognominatus
1049 1480 1078 1509 in
1115 1481 1192 1510 libro
1227 1479 1266 1509 de
1305 1480 1584 1519 inobsequentibus
1618 1480 1690 1510 filiis
1742 1490 1843 1521 agens
1883 1480 1958 1510 dicit

170 1550 322 1572 versuum
350 1546 512 1570 auctorem
541 1541 652 1570 Hacim
686 1541 713 1569 b.
741 1540 856 1571 Dhirar
886 1541 1044 1572 Dhabbita
1071 1551 1155 1582 esse,
1184 1552 1274 1583 quem
1304 1541 1385 1571 filius
1413 1541 1644 1580 expeditionem
1673 1542 1854 1581 suscipiens
1881 1542 1958 1571 reli-

167 1605 280 1642 querit.
348 1601 464 1632 Bisehr
502 1602 557 1631 filii
589 1611 703 1631 nomen
731 1608 782 1632 est
808 1608 841 1632 et
867 1607 956 1642 pater
984 1604 1110 1634 Bischri
1137 1610 1245 1634 auctor
1272 1604 1428 1634 carminis.
1488 1604 1598 1633 Voces
1626 1601 1707 1632 &aba
1734 1605 1785 1643 ὣς
1813 1615 1830 1634 e
1861 1605 1957 1634 verbo

168 1666 278 1710 imisit-a
308 1664 402 1695 »dum
431 1665 563 1705 tempori
593 1665 789 1704 propinquus
817 1670 888 1696 est«
926 1666 1054 1706 pendet,
1117 1666 1226 1696 Voces
1252 1668 1300 1712 53³3
1327 1665 1445 1706 22³>oe
1471 1665 1503 1702 33
1531 1668 1748 1706 transpositae
1790 1670 1863 1696 sunt
1904 1677 1959 1706 pro

170 1731 289 1766 ῳ>ω
322 1726 355 1763 „gl
383 1729 431 1772 5⁵55
473 1732 506 1757 et
541 1728 672 1757 verbum
709 1730 806 1755 mm
843 1728 1050 1767 supplendum
1090 1732 1139 1758 est
1174 1729 1193 1759 i.
1230 1738 1258 1758 e.
1297 1730 1448 1769 tempori,
1487 1738 1545 1768 quo
1581 1729 1668 1758 socio
1701 1729 1837 1758 maxime
1873 1735 1959 1769 eget.

170 1790 264 1828 Quod
292 1790 374 1819 filius
409 1790 510 1828 ipsum
536 1798 646 1819 senem
667 1794 822 1830 tempore,
851 1799 913 1829 quo
942 1789 1004 1819 filio
1033 1790 1170 1820 maxime
1197 1796 1322 1832 egeret,
1351 1792 1526 1833 reliquerit,
1555 1792 1707 1830 queritur.
1738 1791 1787 1820 Ex
1815 1791 1960 1820 homoio-

167 1854 282 1882 teleuto
314 1852 426 1891 prioris
454 1850 647 1880 hemistichii
673 1851 792 1881 initium
820 1853 964 1882 carminis
993 1854 1233 1892 cognoscimus.

170 1914 200 1942 2.
245 1911 396 1940 Paradisi
417 1910 541 1938 hortum
565 1912 695 1945 cupiens
719 1920 780 1938 non
803 1912 928 1948 abiisti,-
951 1914 1008 1940 sed
1025 1916 1120 1949 panis
1142 1914 1328 1950 dactylique,
1353 1917 1436 1950 pulo,
1462 1917 1491 1942 te
1513 1914 1716 1942 advocarunt.

269 1967 315 1996 De
343 1975 393 2006 eo,
422 1965 505 2005 quod
532 1966 692 1995 meliorem
720 1967 824 1996 cibum
854 1967 997 2007 cupienS,
1018 1978 1079 1997 non
1108 1974 1142 1998 ut
1170 1970 1332 2010 religionis
1360 1969 1476 1998 officiis
1504 1970 1613 1999 melius
1642 1969 1859 2008 satisfaceret,
1890 1979 1960 1999 enm

172 2030 345 2068 reliquerit,
376 2028 470 2057 filiuni
498 2027 711 2066 reprehendit.
781 2027 884 2065 Quum
912 2030 1002 2067 panis
1031 2034 1063 2059 et
1089 2029 1207 2070 dactyli
1244 2030 1410 2069 oppidanis
1439 2031 1636 2069 potissimum
1674 2030 1743 2060 cibo
1778 2031 1861 2068 sint,
1904 2031 1963 2060 hoc

174 2099 269 2119 versu
298 2099 406 2119 eorum
431 2090 589 2118 sententia
611 2088 838 2129 confirmatur,
878 2090 930 2129 qui
953 2089 1049 2120 filium
1069 2092 1137 2121 vita
1160 2092 1333 2131 campestri
1360 2093 1469 2123 relicta
1493 2095 1525 2122 iu
1545 2092 1691 2131 oppidum
1718 2094 1962 2133 transmigrasse

174 2157 294 2192 putant.
322 2153 356 2181 ln
371 2161 467 2181 versu
483 2151 651 2181 verborum
669 2151 744 2180 ordo
761 2152 910 2182 inversus
941 2157 1000 2183 est.
1031 2154 1119 2183 Prior
1146 2164 1219 2193 pars
1247 2157 1294 2184 sic
1322 2155 1518 2194 disponenda
1547 2160 1615 2185 est:
1640 2159 1745 2200 ‘gbk-'³'
1776 2154 1891 2198 “³5²³
1920 2155 1962 2184 'ule

174 2212 312 2259 ψυὸῗὲλ
331 2218 411 2250 'ati-q>
444 2215 519 2244 Vox
534 2215 638 2257 &2³55
666 2214 796 2253 originis
824 2216 1013 2256 peregrinae
1041 2226 1058 2245 e
1086 2217 1193 2256 lingua
1222 2217 1353 2247 Persica
1381 2223 1435 2247 aut
1464 2216 1590 2248 Graeca
1618 2227 1673 2256 per
1702 2217 1902 2247 Christianos
1933 2217 1962 2246 in

176 2277 343 2307 Arabicam
372 2281 516 2314 tempore
543 2278 615 2304 ante
641 2274 895 2306 Moliammedem
923 2278 1078 2307 translata
1116 2280 1146 2307 in
1181 2277 1304 2309 duobus
1333 2279 1449 2309 Corani
1476 2279 1554 2308 locis
1595 2278 1651 2308 Su
1669 2288 1692 2306 r.
1726 2278 1778 2314 18,
1811 2277 1888 2308 107.
1932 2282 1963 2306 et

175 2339 235 2380 23,
270 2339 322 2369 11.
352 2338 510 2367 invenitur
537 2342 569 2366 et
597 2336 756 2367 Graecum
795 2336 997 2382 παράδεισος
1030 2345 1091 2370 est..
1146 2341 1220 2371 Vox
1248 2341 1353 2371 varias
1380 2346 1486 2380 partes
1515 2341 1591 2370 dicti
1622 2339 1772 2379 paradisi,
1800 2340 1963 2369 beatorum

176 2407 251 2442 post
278 2408 410 2431 mortem
438 2400 526 2430 sedis
555 2401 788 2439 complectitur,
815 2406 1006 2440 quapropter
1032 2403 1061 2432 in
1089 2404 1159 2433 loco
1190 2410 1300 2434 nostro
1326 2404 1490 2433 hortum
1526 2401 1716 2440 paradisi
1743 2407 1775 2431 et
1804 2401 1877 2430 Sur.
1911 2402 1963 2431 18.

182 2463 261 2494 107.
296 2464 446 2493 hortos
482 2461 669 2501 paradisi
705 2462 895 2493 invenimus.
961 2463 1094 2502 Qualem
1125 2466 1287 2496 beatorum
1316 2470 1389 2504 post
1416 2469 1547 2493 mortem
1574 2463 1681 2493 sedem
1708 2463 1965 2493 Mohammedani

180 2526 352 2566 finxerint,
386 2525 528 2565 pluribus
554 2534 572 2554 a
598 2524 686 2554 Salio
714 2524 752 2554 ad
780 2524 940 2554 Coranum
968 2533 1000 2556 et
1027 2537 1045 2557 a
1073 2527 1111 2556 du
1143 2528 1250 2566 Ryero
1279 2523 1436 2557 l'Alcoran
1465 2527 1503 2556 de
1531 2526 1693 2556 Mohamet
1721 2527 1756 2555 Τ.
1783 2527 1794 2555 Ι
1833 2536 1863 2565 p.
1899 2525 1966 2556 193

180 2597 249 2626 sqq.
275 2589 454 2627 expositum
481 2592 542 2616 cst.
613 2587 691 2616 Post
717 2595 831 2616 vocem
861 2589 1004 2627 wi,
1047 2601 1127 2631 quae
1170 2599 1224 2630 per
1261 2590 1419 2619 licentiam
1448 2590 1602 2628 poeticam
1631 2590 1708 2618 inter
1748 2589 1824 2618 duas
1867 2597 1965 2618 voces

184 2650 369 2680 coniunctas
397 2650 501 2689 posita
526 2654 587 2687 est,
616 2650 773 2679 obiectum
802 2650 952 2680 omissum
981 2658 1042 2682 est.
