2155 2892
923 107 1064 136 —61

157 207 188 238 1.
208 206 280 237 Duo
303 207 408 235 nutritii
428 208 556 235 trior-tem
580 204 718 236 Alnmm·
739 207 832 232 noctu
856 205 1105 237 annuntiarunt,
1137 203 1190 240 qm'
1219 211 1292 230 voce
1320 202 1384 230 alla
1416 212 1469 231 cor
1499 206 1617 232 terrore
1644 201 1826 240 implebunt,
1854 203 1938 242 quod

800 259 932 285 tremere.-
953 265 1114 293 raitteqmrm
1138 256 1282 286 vesstibit.

250 330 366 360 'l‘ribus
394 329 488 359 rebus
515 327 629 357 mortui
656 325 788 356 Alunrui
815 325 954 354 nuntium
977 324 1204 365 gravissimum
1225 318 1328 352 suis-'so
1350 323 1479 360 indicat,
1507 333 1578 361 una,
1607 323 1688 362 quod
1707 323 1787 354 duos
1807 324 1932 354 nuntios

152 391 267 431 fuisse,
294 392 393 423 alteru
420 389 503 432 quod
529 398 585 420 cor
613 394 749 419 tremore
777 389 923 418 continuo
951 388 1056 427 adlici,
1091 388 1203 427 tertia,
1238 386 1320 426 quod
1355 386 1436 415 diem
1475 396 1535 414 non
1570 390 1796 425 exspectantes
1828 386 1930 416 noctis

152 457 292 491 tempore
319 462 383 482 rein
410 452 576 481 nuntiasse
603 450 688 480 dicit.
739 450 872 490 Alunru,
903 459 993 489 quein
1020 450 1166 489 deflevit,
1191 449 1261 478 sine
1288 447 1380 477 dubio
1411 447 1490 476 idern
1517 452 1580 486 est,
1608 457 1701 486 quum
1730 446 1932 478 Elin-Sallu}

151 526 255 556 cons.
283 527 375 556 llam.
403 535 432 565 p.
460 526 510 555 imit*
538 535 569 554 v.
600 525 628 555 1.
689 525 786 555 verbi
821 523 909 555 tami
945 525 1006 555 duo
1041 524 1165 553 obiecta
1198 522 1315 553 omissa
1341 525 1415 552 sunt
1444 531 1499 551 sc:
1536 509 1605 558 sig-..25
1637 511 1749 561 Qun.
1804 521 1932 550 omisso

150 589 272 618 obiecto
300 588 430 618 verbum
458 588 487 618 in
514 589 610 618 rebus
638 587 767 628 ingratis
798 587 975 617 adhibetur.
1003 587 1203 626 Mersukius,
1234 586 1360 616 omissis
1384 585 1532 625 obiectis,
1556 585 1617 614 vim
1637 584 1794 613 sermonis
1822 583 1933 624 augeri

151 651 238 682 dixit.
291 651 382 682 Voce
402 650 472 695 kz.»
492 654 585 690 pocta
613 660 692 680 usus
720 655 782 689 est,
811 654 844 680 ut
871 648 1078 689 signiticaret,
1108 658 1145 678 se
1171 648 1262 679 buius
1290 649 1350 678 viri
1380 653 1481 678 morte
1509 651 1595 678 tanto
1623 652 1744 677 terrore
1771 646 1932 685 impletum

148 721 235 750 esse,
265 718 299 743 ut
326 723 367 743 ex
395 714 498 744 animo
525 723 584 743 suo
612 723 673 743 nou
700 714 791 743 abeat
820 718 874 742 aut
900 722 937 742 se
964 712 1003 741 ob
1031 722 1165 751 magnas
1193 711 1404 751 calamitatcS‚
1435 711 1548 750 quibus
1569 717 1649 751 gens
1667 717 1726 738 sua
1747 707 1932 748 adfligatur,

147 786 275 816 semper
302 777 431 814 timere,
465 787 505 807 ne
531 786 636 807 novae
664 777 846 816 irrumpant.
901 776 949 805 Ex
976 775 1220 805 lionioioteleuto
1247 773 1339 803 vocis
1367 766 1462 803 Laeuii
1490 771 1654 809 videmus,
1690 771 1719 799 in
1747 770 1808 799 hoc
1833 777 1933 798 versu

148 840 269 871 initium
297 840 443 871 carminis
469 850 555 871 csse.

147 938 179 967 2.
208 937 320 969 Vestis.
345 948 407 977 qua
428 941 457 966 te
480 938 684 968 incolt-erunt.
710 946 828 973 spurca
851 945 913 964 non
935 939 990 969 est,
1016 936 1076 963 etsi
1096 944 1163 963 eam
1187 943 1272 962 noxa
1296 935 1506 969 corruptionis
1528 933 1654 969 decipit,
1683 934 1718 959 ut
1737 928 1930 968 diffindam·-

245 1016 407 1045 Mortuum
435 1015 536 1045 indole
563 1015 655 1045 animi
682 1014 884 1053 purissimum
913 1013 1015 1043 fuisse
1043 1012 1238 1042 indicaturus
1265 1011 1353 1052 dicit,
1381 1020 1538 1051 pannum,
1566 1020 1627 1050 quo
1656 1009 1796 1040 cadaver
1823 1008 1930 1040 mortui

146 1077 341 1118 involvatur,
369 1077 450 1108 haud
476 1077 692 1116 contaminari,
714 1076 774 1106 etsi
801 1076 953 1115 temporis
982 1076 1064 1105 noxa
1093 1074 1286 1104 diffindatur.
1339 1073 1482 1103 Verbum
1503 1073 1583 1112 φὶ.)
1608 1077 1671 1101 tam
1700 1070 1738 1100 de
1763 1080 1810 1107 re,
1839 1079 1932 1110 quam

147 1140 187 1170 de
213 1140 307 1170 animi
335 1139 440 1170 indole
467 1139 642 1169 adhibetur.
693 1139 819 1169 Pannus
846 1143 951 1169 autem
981 1138 1133 1168 funereus
1161 1146 1255 1176 quum
1283 1141 1405 1166 mortuo
1434 1136 1501 1164 loco
1529 1138 1725 1164 commeatus
1753 1134 1807 1172 sit,
1837 1137 1931 1172 poeta

146 1200 255 1250 6902)-
282 1201 371 1233 dixit.
423 1202 471 1232 De
498 1201 602 1240 mode,
626 1210 687 1240 quo
715 1201 776 1231 duo
803 1201 922 1231 suffixa
949 1210 1020 1231 cum
1047 1200 1145 1230 verbo
1173 1199 1416 1238 coniunguntur,
1444 1196 1590 1227 conferas
1618 1195 1728 1226 Grani.
1744 1195 1799 1224 Ar.
1828 1194 1864 1223 Τ.
1894 1194 1930 1222 Π.

145 1273 176 1303 p.
203 1263 285 1296 378.
337 1264 371 1293 ln
396 1263 504 1293 verbis
531 1259 599 1302 &qli
627 1274 695 1307 qq)
723 1266 817 1302 poeta
844 1262 977 1292 cundem
1012 1261 1162 1302 loquendi
1196 1260 1319 1290 modum
1357 1264 1491 1289 secutus
1528 1261 1597 1298 est,
1634 1266 1723 1296 quem
1757 1257 1786 1285 in
1823 1256 1931 1285 verbis

145 1322 239 1374 (ῥισὶ-Π
256 1339 324 1371 qq)
351 1329 383 1356 et
410 1323 500 1371 orm
518 1337 586 1369 *²2³9
613 1325 799 1355 invenimus.
834 1323 1136 1354 Abu-Olibaidahus
1161 1322 1326 1352 adnotavit
1346 1318 1440 1365 59⁴.le
1468 1318 1537 1356 &fil-2
1562 1318 1618 1366 egl)
1646 1318 1790 1359 (tempus
1817 1320 1846 1347 ei
1873 1327 1932 1347 su·

145 1390 323 1429 pervenit),
351 1394 384 1420 et
410 1398 492 1419 voce
519 1401 587 1435 ,μὴ
615 1398 726 1418 casum
751 1387 945 1427 inopinatum
971 1385 1145 1427 significari
1171 1395 1233 1414 non
1260 1384 1379 1417 dubito.
1407 1383 1474 1414 Sed
1500 1392 1595 1422 quum
1623 1381 1696 1412 talis
1723 1381 1783 1411 viri
1810 1389 1930 1420 pannos

144 1451 294 1482 funereos
320 1461 449 1492 semper
476 1461 579 1482 novos
607 1461 683 1482 esse
711 1451 834 1488 deceat,
863 1455 959 1490 poeta
984 1447 1062 1478 asti>
1089 1445 1144 1494 0⁸>
1175 1448 1227 1486 (et
1253 1447 1280 1477 si
1301 1456 1372 1477 eum
1399 1445 1536 1485 decipit)
1563 1444 1650 1475 dixit.

144 1559 176 1590 3.
200 1559 263 1590 Per
286 1563 315 1589 te
337 1560 404 1590 dies
425 1560 611 1599 repulimus,
635 1561 740 1594 donec,
767 1571 861 1600 quum
882 1564 912 1590 te
931 1562 1073 1597 petentes
1095 1560 1246 1593 venirent,
1272 1567 1324 1586 eas
1346 1568 1364 1586 a
1387 1560 1417 1586 te
1438 1556 1589 1593 repellere
1610 1563 1672 1584 non
1693 1555 1861 1592 potuimue.

242 1638 275 1667 lu
292 1637 353 1668 hoe
378 1638 448 1668 eius
474 1637 630 1668 beneficia
656 1639 890 1678 potentiamque
918 1638 1026 1669 laudat
1052 1644 1095 1677 et,
1122 1647 1184 1679 quo
1212 1638 1325 1668 clarius
1353 1646 1405 1667 res
1425 1636 1630 1676 intelligatur,
1657 1634 1825 1664 discrimen
1849 1633 1929 1662 inter

144 1704 295 1730 mortuum
321 1703 353 1730 et
378 1710 416 1730 se
443 1701 575 1740 eiusque
601 1702 747 1731 asseclas
771 1702 922 1742 explicat.
975 1700 1057 1732 Eum'
1084 1701 1280 1731 calamitates
1306 1700 1345 1730 ab
1373 1699 1452 1739 ipsis
1479 1699 1658 1738 repulisse,
1694 1698 1783 1736 ipsos
1820 1696 1858 1726 ab
1891 1704 1929 1724 eo

145 1762 344 1793 calamitates
371 1772 538 1792 removere
565 1772 626 1793 non
654 1763 809 1803 potuisse.
860 1763 952 1794 Voce
980 1760 1064 1800 „ow
1091 1769 1147 1794 aut
1171 1762 1409 1794 vicissitudines
1438 1761 1556 1791 dierum
1586 1756 1666 1794 ,elffii
1686 1755 1784 1798 &³555
1811 1757 1930 1786 omissa

143 1833 226 1855 voce
252 1825 476 1864 antecedente,
501 1830 558 1855 aut
583 1826 780 1856 calamitates
809 1826 897 1865 ipsas
924 1827 1108 1869 significare
1134 1826 1216 1867 vult,
1244 1811 1337 1855 sicuti
1358 1823 1477 1863 proelia
1504 1823 1595 1853 dies
1623 1821 1818 1861 appellantur
1843 1822 1874 1848 et.
1899 1819 1929 1847 in

146 1888 217 1918 ioco
245 1887 361 1918 Corani
376 1887 449 1918 Sur.
463 1887 497 1928 3,
515 1887 594 1918 134.
624 1888 736 1918 diebus
764 1889 960 1919 calamitates
986 1888 1217 1929 significantur.
1245 1888 1385 1917 Verbum
1398 1883 1508 1929 6023)ss
1528 1884 1626 1914 statui
1653 1881 1851 1923 designando
1879 1880 1929 1910 in-

145 1949 260 1990 servit,
289 1953 323 1979 ut
348 1949 390 1979 sit
415 1959 471 1988 pro
498 1946 550 1979 ὠ
578 1954 670 1993 &Agla
696 1947 744 1993 (te
772 1947 946 1992 volentes).
979 1951 1055 1981 Vox
1082 1947 1178 1997 CM
1206 1954 1257 1979 est
1284 1958 1340 1988 pro
1369 1944 1501 1994 elna-m,
1529 1955 1590 1976 una
1617 1946 1734 1985 littera,
1769 1949 1804 1974 ut
1831 1942 1930 1972 lenior

145 2023 202 2053 fiat
227 2023 445 2062 pronuntiandi
473 2023 597 2064 modus,
627 2024 758 2055 abiecta.
799 2025 1002 2056 Adnotarunt
1028 2033 1153 2064 quoque
1178 2006 1277 2074 {Um-:i
1311 2032 1383 2053 cum
1418 2021 1523 2052 futuro
1549 2003 1681 2068 &Sasu-2.
1733 2018 1929 2049 Scholiastes

145 2085 208 2116 hoc
234 2094 290 2125 pro
316 2082 386 2135 ethi
411 2095 484 2116 esse
511 2086 693 2125 contendit3
729 2086 788 2116 sed
822 2097 888 2117 rem
921 2097 958 2117 se
991 2089 1038 2118 ita
1070 2087 1189 2117 habere
1222 2086 1328 2117 dubito
1364 2084 1489 2123 (conf.
1519 2082 1630 2134 Gram.
1657 2082 1753 2113 Arab.
1782 2081 1818 2110 T.
1848 2081 1869 2109 Ι.
1899 2089 1927 2118 p.

147 2148 229 2178 224.
257 2153 290 2178 et
317 2147 443 2178 Anthol.
470 2157 570 2189 gram.
597 2158 627 2188 p.
655 2148 737 2180 387.

149 2258 181 2286 4.
224 2258 370 2287 Decessit
391 2261 422 2286 et
442 2266 548 2287 omnes
568 2258 751 2297 voluptates,
775 2259 888 2297 quibus
911 2258 1094 2295 delectabar,
1119 2258 1216 2287 simul
1234 2267 1283 2286 me
1304 2257 1508 2295 reliquerunt.
1556 2254 1694 2292 L'lerque
1722 2252 1796 2281 abiit
1826 2248 1880 2289 (id
1905 2259 1929 2278 e.

830 2317 973 2342 morluua=
995 2317 1026 2342 et
1045 2308 1251 2350 voluptates).

245 2387 297 2428 Ut,
323 2392 441 2426 quanto
468 2396 614 2418 moerore
639 2388 787 2420 adflictus
814 2390 878 2429 sit,
904 2394 1121 2431 cognoscant,
1155 2393 1313 2418 mortuum
1348 2396 1417 2417 eum
1450 2386 1553 2416 fuisse
1586 2385 1679 2424 dicit,
1719 2387 1765 2419 p-
1788 2374 1927 2419 391.)

147 2460 189 2481 ex
215 2459 276 2490 quo
302 2449 372 2480 solo
398 2450 584 2490 voluptates
611 2452 803 2491 perceperit,
832 2457 866 2482 ut
892 2462 931 2482 eo
958 2457 1076 2483 mortuo
1104 2451 1221 2482 nullum
1248 2451 1309 2481 sibi
1336 2450 1486 2492 gaudium
1514 2447 1701 2488 sperandum
1725 2446 1927 2486 relinquatur.

148 2509 255 2548 Quum
281 2512 314 2541 in
339 2510 443 2541 oculis
472 2511 572 2550 prima
598 2511 706 2552 gaudii
731 2512 825 2552 signa
850 2518 1044 2552 appareant,
1079 2513 1178 2544 oculis
1204 2515 1308 2553 ipsum
1334 2511 1484 2553 gaudium
1513 2509 1714 2540 adscribitur.
1766 2509 1874 2539 Verbo
1893 2510 1930 2554 ἀὲ

147 2577 203 2602 aut
227 2573 411 2613 quiescendi
437 2578 492 2605 aut
517 2573 727 2616 refrigerandi
753 2574 1020 2616 significationem
1046 2575 1193 2606 tribuunt.
1246 2575 1317 2604 Hoc
1345 2573 1438 2613 priori
1471 2571 1712 2612 praeferendum
1740 2574 1801 2609 est,
1835 2580 1929 2611 quum
