2155 2892
905 165 1175 198 -507—

944 300 1125 335 Lvnl.

394 366 586 402 Elath-le
610 367 695 400 aut
718 366 988 407 Mogtmms
1023 368 1061 401 Ιι.
1084 367 1218 401 ΙΙίΖιι
1242 366 1519 402 Fakahslta
1543 368 1672 402 «lixit.

139 437 165 465 1.
212 436 312 466 Feras
331 438 484 474 petebam,
508 437 579 466 dnm
603 436 751 464 socordes
785 439 877 464 eraut
907 439 936 464 et
959 446 1017 473 per
1048 436 1176 473 aliquod
1195 439 1316 474 tempus
1336 439 1470 475 suquces
1493 448 1600 467 earum
1624 440 1666 466 m!
1686 449 1733 467 me
1755 449 1824 467 sese
1847 443 1931 468 reci-

959 490 1094 526 piebant.
1730 495 1788 532 (Ι).
1811 492 1929 527 (37².)

234 561 374 600 Tempus
404 560 568 599 pristinum
597 559 772 590 iuventutis
801 568 878 588 suae
903 558 1059 595 describit,
1090 567 1151 597 quo
1180 558 1314 588 feminas
1333 559 1561 598 pulchritudine
1589 570 1648 590 sna
1677 563 1835 602 petiisset,
1857 563 1927 593 dum

137 622 288 652 socordes
317 628 438 652 essent.
492 623 646 652 Mulieres
674 627 780 652 autem
809 626 956 659 tunquam
986 619 1070 649 seras
1099 620 1341 660 pulelnitudinis
1370 621 1498 662 sagittis
1531 623 1593 660 peti
1622 623 1719 663 lingit.

136 721 166 748 2.
210 719 256 748 E!
281 721 341 748 iam
367 720 458 757 ferae
486 722 538 748 sm¹
570 721 689 753 copiam
720 718 799 746 mila
814 718 977 755 secet-mel,
1011 726 1053 745 es
1085 726 1144 754 qno
1169 720 1303 754 tempore
1325 719 1461 754 sayillae
1484 727 1569 746 meae
1591 718 1720 746 obtusae
1741 723 1852 755 ernust:
1875 721 1931 747 sed

618 778 754 809 renalor,
779 775 834 811 qm*
856 770 941 801 stated
963 772 1205 809 1·ena!m·,ser1's
1229 770 1317 799 haud
1339 774 1437 799 nocet.

245 841 387 880 Tempus
420 850 572 880 praesens
608 843 784 871 senectutis
820 840 914 880 priori
952 839 1086 878 tempori
1114 838 1254 878 opponit.
1318 838 1427 880 Fingit
1457 838 1540 868 seras
1578 841 1595 869 i.
1633 850 1660 870 e.
1695 840 1828 870 seminas
1867 842 1926 870 iam

132 903 234 942 ipsum
261 903 344 932 haud
372 903 498 944 sugere,
523 912 615 942 quum
642 904 783 944 sagittae
811 903 942 933 obtusae
973 903 1046 932 sint.
1099 902 1241 933 Verbum
1269 903 1331 948 cb),
1360 901 1442 940 quod
1470 901 1509 931 de
1537 903 1631 932 rebus
1660 912 1720 932 usu
1748 903 1830 932 tritis
1867 902 1925 932 ad-

131 963 265 1004 hibetur,
293 965 423 1005 sagittis
452 966 554 995 minus
582 966 752 995 convenire
778 965 914 995 videtur.

131 1060 163 1089 3.
208 1060 253 1089 Et
268 1071 286 1088 a
300 1059 408 1089 Selma
426 1071 474 1089 me
495 1064 640 1090 avertens
657 1063 740 1090 socio
759 1070 824 1089 meo
843 1060 926 1090 dimi:
940 1061 1084 1090 Avaritia
1109 1064 1138 1090 et
1159 1060 1332 1089 liberalitas
1344 1060 1469 1090 Selmae
1491 1060 1577 1098 aput!
1597 1072 1645 1089 me
1668 1061 1755 1090 baud
1769 1060 1926 1099 disserunt.

236 1131 344 1162 Selma
381 1132 516 1162 feminae
542 1141 656 1162 nomen
690 1136 752 1172 est,
780 1140 882 1170 quam,
915 1133 964 1161 cui
998 1136 1092 1161 antea
1130 1130 1255 1159 omnino
1291 1129 1414 1159 deditus
1440 1135 1540 1167 esset,
1569 1131 1801 1172 seseliquisse
1841 1130 1926 1160 dicit.

132 1194 296 1232 Quomodo
327 1199 431 1224 autem
471 1193 502 1223 hi
537 1202 654 1224 versus
690 1202 760 1225 cum
798 1192 1005 1232 sequentibus
1040 1195 1150 1222 contra
1185 1194 1315 1233 gentem
1342 1191 1430 1221 Ahbs
1467 1192 1559 1222 dictis
1586 1202 1686 1221 sensu
1717 1191 1923 1232 cohaereant,

131 1265 192 1286 non
219 1256 324 1289 video,

129 1353 161 1381 4.
205 1353 256 1381 Ne
274 1355 362 1390 qemi
383 1352 473 1382 Alabs
494 1353 534 1391 id)
559 1351 642 1391 quod
663 1357 831 1383 consecuta
854 1358 909 1389 est,
932 1354 1073 1384 invideas
1096 1358 1127 1384 et
1148 1356 1241 1384 vitam
1262 1357 1417 1393 vitupera,
1441 1356 1532 1384 cuias
1552 1363 1690 1391 paucum
1712 1356 1773 1382 iam
1796 1353 1894 1382 abiit!

229 1421 406 1451 Alwalidus
434 1421 710 1461 Solaimanusque,
737 1423 791 1454 filii
809 1423 1088 1465 Ahbd-Almalici,
1118 1435 1135 1455 e
1163 1424 1280 1455 femina
1306 1424 1413 1466 gentis
1427 1424 1518 1453 Ahbs
1546 1426 1610 1453 nati
1636 1428 1737 1460 erant,
1759 1433 1839 1462 quae
1869 1432 1921 1453 res

129 1491 229 1512 causa
268 1487 352 1523 erat,
389 1492 444 1513 cur
489 1485 592 1524 gentis
626 1485 717 1515 Ahbs
754 1495 807 1515 res
842 1486 1003 1516 florerent.
1069 1487 1162 1517 Hanc
1200 1492 1306 1517 autem
1344 1496 1408 1517 rem
1446 1487 1590 1517 Ahbsitis
1629 1487 1831 1516 invidendum
1859 1496 1919 1516 non

129 1555 215 1576 esse.
268 1546 416 1586 Temperi
444 1557 512 1577 rem
541 1547 737 1578 tribuendam
768 1557 853 1578 esse.
881 1549 998 1588 Sperat
1024 1552 1132 1578 autem
1159 1548 1238 1589 sore,
1263 1554 1297 1579 ut
1324 1549 1474 1588 temporiS
1503 1548 1640 1578 decursu
1667 1558 1719 1578 res
1747 1553 1895 1578 mutetur.

125 1651 153 1673 o.
199 1642 288 1672 Gens
312 1643 403 1672 Alth-s·
422 1645 511 1681 qemi
538 1644 701 1674 Hascllem
730 1646 843 1674 similis
871 1644 993 1675 reddita
1022 1649 1085 1681 est,
1111 1645 1194 1684 qnod
1223 1647 1340 1675 tunicis
1368 1647 1480 1674 sericis
1505 1647 1616 1673 vestitu
1641 1648 1706 1679 est,
1733 1655 1813 1683 quas
1836 1647 1917 1673 culis

883 1702 952 1728 eius
973 1709 1067 1737 aeyre
1086 1701 1162 1738 fer!-

237 1766 375 1798 Gentem
404 1767 506 1807 AhbS,
533 1777 614 1805 quae
640 1769 680 1799 ad
709 1774 838 1810 gentem
867 1769 945 1799 Kais
963 1768 1107 1799 -Aihlan
1144 1766 1270 1809 (conf.
1298 1767 1534 1797 Ebu-Kotaib.
1563 1778 1592 1808 p.
1623 1768 1699 1806 97.)
1728 1768 1917 1806 pertinebat,

125 1829 247 1859 vestitu
276 1830 429 1868 pretioso,
448 1830 486 1860 ad
515 1839 606 1870 quem
636 1831 824 1862 adsuefacta
851 1841 911 1861 non
938 1832 992 1871 sit,
1018 1831 1106 1872 genti
1132 1830 1308 1870 Haschem,
1336 1839 1416 1868 quae
1443 1830 1676 1859 Mohammedis
1705 1830 1816 1859 familia
1851 1834 1919 1858 erat

127 1890 185 1928 (ib.
214 1900 241 1929 p.
272 1890 360 1929 78),
386 1891 520 1920 similem
547 1891 665 1921 factam
693 1902 768 1922 esse
794 1893 879 1922 dicit.
930 1892 1063 1922 Vestitu
1090 1896 1195 1922 autem
1222 1892 1287 1931 illo,
1315 1902 1382 1922 eam
1409 1893 1541 1932 imperio
1571 1893 1698 1931 potitam
1727 1897 1758 1922 et
1787 1892 1917 1921 divitem

126 1950 244 1981 factam
273 1961 360 1987 esse,
379 1950 565 1992 significare
591 1954 672 1982 vult.
701 1953 799 1983 Simili
827 1954 916 1983 modo
945 1956 1025 1984 alius
1053 1960 1149 1993 poeta
1175 1955 1300 1985 loeutus
1329 1960 1381 1985 est
1405 1956 1513 1993 (metr.
1539 1955 1702 1994 ThawilJ:
1731 1954 1917 1984 Sericum

125 2013 171 2042 ob
199 2013 380 2043 Auhfum
421 2014 609 2053 ploravit
649 2020 690 2045 et
718 2016 810 2045 eius
838 2021 973 2046 cutem
1001 2026 1135 2057 aegre
1164 2017 1264 2046 tulit
1291 2022 1330 2046 et
1357 2022 1515 2047 vestes
1543 2017 1716 2046 sericae
1744 2017 1791 2046 ob
1819 2025 1918 2057 gen-

127 2081 208 2105 tem
248 2074 449 2114 Djodsam
496 2075 737 2107 clamarunt.
804 2077 847 2107 Ut
880 2078 911 2107 in
947 2086 1048 2107 versu
1075 2082 1185 2107 nostro
1221 2083 1317 2116 poeta
1343 2082 1450 2108 cutem
1477 2082 1625 2117 tanquam
1653 2086 1823 2116 personam
1852 2086 1916 2106 rem

125 2146 224 2178 aegre
250 2137 333 2167 serre
363 2137 450 2174 dicit,
480 2140 527 2168 sic
555 2139 607 2169 hic
634 2140 771 2170 sericum
795 2140 921 2179 plorare
948 2143 981 2169 et
1006 2139 1144 2170 clamare
1172 2140 1249 2170 vult.

123 2234 155 2263 6.
198 2233 249 2262 Ne
272 2237 374 2262 autem
394 2237 484 2272 yenli
505 2236 596 2266 Ahbs
617 2237 730 2265 bonum
753 2238 969 2266 necessarium
988 2246 1058 2266 esse
1077 2241 1180 2275 putes,
1206 2237 1331 2276 quando
1354 2239 1400 2266 eis
1430 2237 1581 2266 Walae'dus
1603 2238 1744 2272 moritur,

122 2300 153 2328 7.
196 2300 279 2329 Num
297 2304 422 2329 recente
445 2304 580 2338 tempore
601 2301 746 2331 Alth-eilia
767 2301 914 2331 mulieres
942 2303 1056 2332 ducum
1085 2303 1151 2332 loco
1182 2307 1291 2342 erant;
1322 2307 1355 2332 at
1385 2305 1514 2341 antiqno
1545 2306 1680 2339 tempore
1709 2301 1915 2330 Ablasilarum

854 2356 960 2386 'duces
980 2359 1065 2386 servi
1084 2360 1182 2386 erant.

239 2422 287 2453 Ob
322 2423 531 2453 Ahbsitarum
559 2425 751 2464 opulentiam
779 2425 902 2456 socium
931 2428 1023 2466 quasi
1059 2427 1231 2457 consolans
1263 2427 1361 2466 dixit,
1402 2435 1466 2455 rem
1492 2425 1615 2454 nonnisi
1645 2425 1778 2463 tempori
1814 2425 1914 2455 adtri-

123 2482 278 2514 buendam
305 2493 393 2521 esse,
421 2493 483 2513 non
511 2484 716 2516 Ahbsitarum
746 2487 888 2527 meritis;
917 2497 989 2518 nam
1015 2497 1085 2518 cum
1101 2487 1250 2517 Alwalidi
1274 2492 1374 2518 morte
1399 2496 1465 2517 rem
1485 2496 1546 2516 non
1573 2496 1672 2525 posse
1700 2495 1760 2515 non
1790 2488 1912 2516 mutari.

125 2542 245 2575 Walidi
272 2547 463 2576 mentionem
491 2546 565 2578 fecit
595 2552 661 2588 aut,
702 2549 784 2588 quod
823 2549 850 2579 is
884 2551 1055 2590 praecipue
1082 2554 1212 2591 gentem
1244 2549 1452 2589 adjuvaretur
1480 2552 1534 2577 aut
1561 2557 1656 2578 unum
1685 2548 1751 2577 loco
1779 2548 1911 2578 duorum

123 2607 305 2647 appellavit,
333 2619 402 2639 nam
434 2610 512 2640 alter
539 2619 663 2650 quoque
690 2610 790 2641 frater
808 2611 1010 2642 Solaimanus
1039 2621 1079 2641 ex
1109 2611 1224 2641 femina
1242 2610 1408 2641 Ahbsitica
1437 2615 1531 2639 natus
1560 2613 1636 2638 erat.
1672 2610 1704 2638 In
1732 2612 1912 2648 posteriore
