2155 2892
893 165 1158 197 -293—

135 262 216 293 atiud
244 263 339 293 video
365 264 424 294 uisi
448 269 577 302 motum,
604 274 665 304 quo
691 266 846 297 camelus.
876 271 1045 308 postquam
1072 269 1245 308 procubuit,
1270 269 1387 310 surgit,
1407 274 1440 301 ut
1467 274 1496 301 in
1522 271 1615 301 ulium
1634 272 1735 302 locum
1755 281 1789 303 se
1809 278 1918 303 traus-

141 324 232 354 ἴοι-αι.
291 326 475 356 Mersukius
509 332 613 357 autom
640 327 670 356 iu
697 327 827 357 scholiis
864 333 936 367 post
970 330 1084 360 lineam
1119 331 1247 370 primam
1281 332 1427 375 (Q)
1464 337 1628 373 sequentia
1662 336 1763 366 verba
1797 336 1919 367 addens

135 447 337 493 &plutum
359 458 453 489 super
478 458 535 480 eos
563 449 692 480 lacinias
719 450 907 482 calamitatis
933 457 966 482 et
989 453 1228 492 permutationis
1259 456 1413 493 protraxit
1439 462 1471 487 et
1498 467 1606 488 eorum
1634 461 1772 501 vestigia
1799 462 1918 492 delevit

136 515 167 539 et
195 519 303 541 eorum
330 510 495 551 dynastias
522 520 650 542 cessure
678 512 766 553 fecit,
792 513 882 544 vides
909 524 978 544 eam
1006 515 1044 545 ad
1071 516 1149 545 alios
1176 526 1213 545 se
1240 517 1518 551 transferentem«,

139 607 171 635 2.
216 607 275 644 Iis,
305 609 359 645 qui
379 617 421 636 es:
442 610 559 638 nostris
582 610 673 638 matis
693 611 843 647 ymnum„
866 614 1059 651 percipiunt,
1081 615 1148 642 dic:
1170 615 1212 643 ml
1230 625 1285 644 vos
1307 616 1425 645 redite!
1456 616 1547 653 Quod
1567 620 1654 647 nobis
1677 622 1812 657 contiqit.
1839 624 1918 651 idem

657 668 706 700 tis,
728 668 783 705 qui
803 667 895 696 malis
917 670 1034 697 nostris
1054 669 1204 705 yamlent,
1231 672 1397 706 contu'nyet.

247 732 321 762 Non
353 740 429 762 esse
464 741 613 773 causam,
648 743 705 763 cur
742 734 870 764 aliorum
907 736 996 766 malis
1030 736 1210 777 gaudeant3
1243 737 1379 769 futurum
1408 742 1490 770 enim
1517 749 1611 780 esse,
1640 744 1671 771 ut
1699 741 1808 772 eadem
1841 743 1918 782 ipsis

135 793 325 834 contingant.

964 921 1094 955 Ln'.

675 983 938 1020 Alznlatan
959 987 1177 1021 Ahlulita
1191 988 1222 1029 ¹)
1246 987 1382 1021 «lixit.

235 1058 434 1090 Scholiastes
456 1069 568 1090 vocem
599 1060 768 1090 Alzalatan
796 1060 910 1100 agilem
937 1060 966 1089 iu
992 1068 1026 1089 re
1053 1069 1112 1089 sua
1141 1059 1324 1101 peragenda
1349 1059 1543 1101 significare,
1571 1066 1603 1091 et
1631 1071 1701 1092 cum
1729 1063 1787 1094 hac
1815 1064 1918 1105 signi-

136 1121 281 1152 ficatione
306 1122 452 1162 loquendi
479 1123 602 1153 modum
630 1121 754 1154 Q
779 1125 867 1158 Q*
895 1122 998 1161 (ensis
1025 1122 1237 1163 evaginatus)
1265 1123 1450 1152 cohaerere.
1504 1124 1558 1154 Sic
1585 1124 1614 1153 in
1643 1124 1768 1156 Rubahi
1799 1135 1900 1156 versu

137 1184 242 1222 (metr.
270 1184 389 1225 Redjes
416 1190 470 1216 aut
496 1182 623 1228 Saril1):
651 1185 780 1223 Quasi
808 1194 888 1226 ego
916 1185 952 1214 in
980 1195 1024 1216 ea
1052 1186 1125 1215 sim
1154 1185 1270 1215 ensis
1298 1185 1565 1225 evaginatus.

137 1283 165 1311 1.
210 1281 364 1311 Matutine·
384 1284 531 1319 temporis
553 1283 675 1311 iteratio
698 1285 728 1311 et
747 1284 919 1319 vespertini
938 1284 1085 1319 temporis
1108 1283 1263 1311 transitus
1282 1291 1415 1319 parvum
1437 1284 1480 1312 ad
1499 1286 1687 1313 senectutem
1699 1285 1923 1322 perduxerunt

777 1340 807 1365 et
833 1337 1047 1374 yramlaerum
1067 1337 1283 1373 perdiderunt.

236 1404 401 1443 Temporis
428 1405 672 1435 vicissitudines
700 1407 832 1444 eiusque
858 1406 922 1435 vim
947 1405 976 1434 in
1001 1405 1158 1435 hominem
1185 1405 1344 1436 describit.
1374 1406 1407 1435 In
1435 1410 1599 1445 postrema
1625 1411 1716 1446 parte
1746 1407 1855 1437 littera
1879 1407 1922 1437 Ja

137 1469 176 1498 ob
204 1467 468 1497 homoioteleuton
495 1472 527 1497 et
554 1476 684 1497 versum
711 1467 926 1498 'reschdidum
952 1468 1156 1508 vocalemque
1185 1468 1300 1507 amisit,
1329 1468 1358 1499 id
1386 1469 1468 1508 quod
1495 1470 1524 1500 in
1544 1470 1686 1509 pluribus
1713 1471 1921 1511 sequentibus

143 1530 290 1563 versibus
318 1530 436 1560 factum
463 1535 523 1561 est.

137 1632 168 1660 2.
215 1628 317 1665 Quum
338 1637 404 1658 note
427 1630 505 1658 d1'em
527 1639 619 1658 suum
642 1630 832 1666 decrepitum
853 1630 961 1661 reddit,
985 1632 1057 1666 post
1076 1629 1164 1658 illum
1187 1630 1253 1658 dies
1279 1629 1424 1658 iuvenilis
1445 1633 1538 1658 renel.

233 1699 374 1738 Tempus
404 1707 471 1728 cum
498 1708 635 1738 persona
661 1707 846 1737 comparans
875 1698 904 1728 id
931 1708 1058 1738 semper
1086 1708 1200 1729 novum
1226 1699 1350 1738 prodire
1380 1702 1521 1738 exponit.

140 1797 172 1826 3·
223 1796 363 1832 Vespera
377 1799 409 1824 et
427 1803 518 1824 niune
540 1796 722 1823 necessitati
742 1798 869 1823 nostrae
892 1804 1016 1832 operam
1041 1795 1151 1823 dumus
1174 1797 1205 1823 el
1226 1796 1357 1823 viventis
1380 1798 1550 1826 necessitas
1572 1806 1634 1825 non
1658 1799 1772 1825 cessat.

238 1864 394 1903 Quamdiu
421 1864 512 1894 homo
538 1863 630 1901 vivit,
659 1863 775 1894 tamdiu
803 1864 898 1903 cupit,
927 1869 960 1893 ut
988 1864 1082 1893 rebus
1110 1864 1166 1903 ipsi
1195 1865 1386 1894 necessariis
1414 1874 1542 1904 operam
1570 1865 1633 1895 det.

143 1963 173 1991 4.
218 1961 295 1991 Cum
317 1965 382 1992 riro
404 1966 577 1993 necessitas
596 1965 727 1991 moritur
749 1966 779 1991 et
794 1964 940 2000 quamdin
964 1967 1062 1991 restat
1083 1960 1183 2003 (tir),
1207 1965 1325 1993 tamdiu
1348 1966 1521 1992 necessitas
1544 1967 1650 1992 restat.
1707 1961 1772 2005 (p.
1793 1962 1920 2002 53².)

241 2032 375 2062 Nonnisi
400 2032 460 2062 viri
487 2038 588 2062 morte
619 2042 671 2062 res
699 2032 758 2071 ipsi
787 2032 1002 2072 necessariae>
1030 2042 1107 2070 quas
1132 2033 1230 2071 cupit,
1258 2036 1396 2062 cessant.

143 2115 173 2144 5.
217 2114 320 2150 Quum
343 2117 510 2154 aliquando
529 2120 587 2150 iis,
612 2127 690 2155 quos
714 2118 806 2150 rides,
828 2116 922 2143 disis:
945 2115 1119 2144 Liberalem
1140 2117 1217 2145 milti
1237 2117 1410 2146 ostendite!
1429 2118 1551 2146 dit-item
1575 2119 1630 2146 tibi
1649 2118 1821 2146 ostendent.

241 2184 387 2223 Quantae
413 2187 536 2217 utilitati
563 2187 677 2217 homini
704 2188 833 2217 divitiae
861 2189 934 2225 sint,
951 2187 1094 2220 ostendit.
1147 2188 1282 2217 Divitem
1309 2197 1436 2227 semper
1464 2196 1657 2228 generosum
1686 2192 1718 2217 et
1745 2186 1918 2216 virtutibus

143 2251 283 2278 ornatum
309 2258 384 2277 esse
420 2250 590 2288 putabunt,
618 2250 688 2280 dum
716 2252 864 2289 pauperis
891 2258 981 2278 neruo
1010 2249 1195 2278 mentionem
1224 2249 1306 2279 facit.
1360 2249 1500 2279 Similem
1527 2258 1655 2279 sensum
1690 2249 1781 2278 Ham.
1823 2257 1851 2286 p.
1881 2250 1921 2274 cr·

145 2320 175 2339 v.
203 2310 234 2340 5.
263 2311 452 2340 invenimus.

145 2406 178 2436 6.
235 2407 406 2441 Nescisne,
440 2407 633 2436 Lukmanum
660 2410 723 2446 filio
757 2419 814 2439 suo
845 2414 1012 2448 praecepta
1040 2412 1161 2440 dedisse
1189 2413 1218 2437 et
1246 2419 1300 2446 eqo
1330 2409 1472 2438 Alemruo
1493 2412 1662 2445 praecepta
1685 2409 1756 2437 dedi
1777 2412 1808 2437 et
1829 2418 1921 2446 quam

831 2463 927 2491 bonus
953 2466 1137 2500 praeceptor
1166 2463 1233 2491 est!

242 2528 387 2558 Lokman
411 2538 522 2558 nomen
553 2528 611 2558 viri
643 2530 869 2568 sapientissimi
896 2531 976 2560 iuter
1004 2533 1126 2562 Arabes
1154 2538 1213 2562 est.
1279 2533 1349 2561 Duo
1380 2532 1533 2562 Lokiuani
1562 2538 1652 2569 sunt;
1691 2542 1771 2563 unus
1799 2538 1922 2574 noster,

179 2635 210 2667 1)
229 2638 330 2661 Nomen
347 2639 430 2662 tribus
449 2639 532 2669 poetis
551 2639 683 2670 proprium
703 2644 761 2668 est,
780 2641 916 2671 Ahbditae‚
937 2642 1092 2673 uhabbitae,
1113 2642 1256 2666 inhiiiitae.
1278 2641 1363 2664 Ram.
