2155 2892
932 156 1202 186 —694—

286 259 453 289 Pulchram
482 262 515 288 et
541 257 708 287 iuvencam
736 265 806 286 eam
834 255 996 295 describit,
1039 255 1125 286 haud
1151 256 1348 286 ventriosam
1376 261 1409 287 et
1436 256 1566 287 dorsum
1602 256 1790 287 emaciatum
1818 265 1878 287 non
1907 258 1969 288 ha-

174 325 325 361 bentem3
353 321 411 351 sed
439 321 603 362 glabrum,
632 324 666 349 ut
694 318 784 358 quasi
812 318 939 358 politum
967 319 1020 348 sit.
1072 319 1148 349 Vox
1175 324 1281 359 ύοψο
1306 320 1387 350 idem
1414 319 1595 360 significare
1622 325 1698 359 puto
1725 330 1763 350 ac
1791 329 1857 350 vox
1883 326 1970 360 ,κλμ

173 386 311 415 locum
340 388 640 424 campestrem,
660 385 752 422 eique
781 392 847 412 vox
872 379 957 426 ἷκε-τέ
986 381 1113 411 loeus
1141 382 1187 411 ab
1215 382 1470 412 hominibus
1497 382 1704 412 incultus
1732 383 1881 422 opposita
1907 388 1968 413 est.

173 449 284 478 Totam
312 448 454 477 Arabum
483 452 599 477 terram
627 446 707 476 duae
736 455 837 476 voces
864 444 1051 486 designant.

174 557 205 586 9.
250 557 363 586 Podeae
385 559 415 586 ei
432 560 479 585 est
500 559 602 586 instar
625 565 741 585 arenae
766 556 892 590 tumuli,
925 566 1014 594 quem
1042 556 1150 593 pluvia
1179 556 1305 591 firmum
1330 552 1474 589 reddidit,
1508 558 1541 584 et
1558 566 1594 585 os
1613 540 1730 593 puram
1752 558 1835 585 sicut
1854 556 1967 586 anthe-

966 612 1025 639 mis
1051 612 1180 648 florens.

290 681 410 711 Similis
439 681 682 721 pulchritudinis
722 680 894 719 descriptio
930 680 960 709 in
987 679 1137 709 Meidanii
1164 687 1262 717 opere
1298 678 1335 707 Τ.
1370 678 1398 706 11
1427 687 1455 716 p.
1485 677 1567 707 592.
1596 679 1763 709 iuvenitur.
1828 682 1970 723 Magnae

176 740 268 773 nates
297 743 468 783 firmaeque
487 743 570 773 laudi
586 748 672 780 sunt,
691 747 887 782 quapropter
914 751 972 771 eas
1001 750 1068 771 cum
1097 750 1214 770 arenae
1242 741 1361 769 tumulo
1388 740 1594 779 comparavit,
1611 750 1702 780 quem
1720 742 1828 781 pluvia
1846 743 1969 774 firmum

177 804 301 834 redidit.
347 814 395 834 co
413 815 430 833 n
447 804 467 834 f.
507 805 608 834 Amrn
636 805 664 834 b.
693 804 800 833 Kelth.
830 813 861 832 v.
894 803 947 833 16.
976 807 1008 832 et
1038 802 1160 833 Bohlen
1186 802 1306 831 Moten.
1337 811 1366 840 p.
1397 802 1453 832 51.
1520 803 1667 833 Colorem
1699 813 1824 845 quoque
1851 806 1970 837 flavum

177 866 330 905 respexit.
358 876 374 896 c
391 876 408 895 o
426 876 444 895 n
463 867 482 896 f.
512 866 746 897 Amru—l'Kaisi
774 866 882 896 Moall.
912 875 943 895 v.
971 865 1004 896 Μ
1032 866 1101 898 sch.
1130 874 1146 895 c
1163 875 1180 895 ο
1196 874 1213 893 n
1229 865 1248 894 f.
1277 865 1370 894 Ham.
1396 865 1441 894 0⁶1⁶!
1459 875 1490 894 v.
1511 866 1538 896 1.
1568 865 1614 896 Os
1643 866 1789 907 fragrans
1815 868 1969 900 laudatur.

177 938 195 959 c
211 938 227 958 ο
244 939 262 958 ιι
277 928 297 958 f.
314 928 547 958 Amr-u—l‘Kaisi
565 928 673 958 Moall.
695 938 726 958 v.
748 928 779 959 7.
800 933 832 958 et
852 928 930 958 baec
955 933 1008 958 est
1034 937 1143 966 causa,
1161 937 1216 957 cur
1236 926 1263 956 id
1285 936 1354 957 cum
1374 928 1554 958 anthemide
1584 928 1719 960 florente
1739 933 1975 971 comparaverit

991 1059 1206 1092 xxxvl.

323 1123 456 1158 Salul
487 1123 630 1165 dixin
675 1126 760 1158 secl
790 1134 960 1159 versus
990 1125 1116 1159 libr-o
1147 1123 1507 1159 adr-umeramli
1538 1134 1635 1158 non
1671 1125 1798 1158 sunt.

370 1197 554 1235 (Tebrisius
582 1196 680 1238 igitur
706 1206 762 1226 eos
790 1197 953 1227 addidisse
981 1197 1118 1228 videtur.
1150 1199 1183 1228 In
1211 1198 1369 1228 Mersukii
1397 1197 1506 1227 codice
1534 1192 1783 1239 desiderantur.)

178 1267 206 1296 1.
251 1267 278 1298 0
306 1271 428 1298 utinam
457 1273 557 1298 mater
592 1272 702 1298 nostra
733 1268 877 1298 celeriter
906 1271 966 1298 z'rel
987 1273 1043 1299 aut
1061 1271 1104 1299 ad
1121 1271 1308 1308 paradisum
1331 1273 1389 1299 aut
1408 1270 1451 1299 ad
1471 1272 1574 1307 iynem
1598 1267 1786 1308 infernum!

279 1338 418 1369 Metrum
445 1339 559 1369 Basith
585 1338 789 1378 adpellatum.
827 1338 993 1378 Loquendi
1020 1339 1133 1369 modus
1163 1337 1274 1379 Lgxaekai
1303 1336 1402 1372 vdta
1428 1344 1463 1370 ut
1490 1339 1610 1383 'ug-mm
1639 1340 1737 1372 ψάρ
1764 1339 1972 1379 proverbialis

176 1404 237 1439 est,
266 1409 327 1440 quo
351 1401 501 1431 celeritas
528 1401 698 1431 discessus
725 1400 937 1442 significatur.
967 1401 1070 1432 conf.
1099 1400 1197 1432 Meid.
1228 1401 1261 1439 7,
1281 1401 1338 1431 26.
1365 1405 1398 1431 et
1425 1401 1550 1431 lexicon
1569 1411 1610 1432 m.
1629 1410 1656 1431 s·
1673 1410 1704 1431 v.
1731 1397 1805 1442 ἐγὼ.
1831 1401 1972 1432 Verbum

175 1470 238 1509 &Lib
267 1485 286 1506 a
312 1475 434 1506 camela
461 1475 492 1505 iu
519 1475 808 1506 struthiocamelum
838 1476 1027 1507 translatum
1055 1480 1112 1507 est.
1147 1477 1222 1507 Vox
1250 1474 1305 1513 Lug!
1333 1486 1389 1517 pro
1420 1457 1470 1516 Gi,
1498 1480 1532 1506 ut
1559 1463 1634 1519 hi}
1661 1479 1692 1506 et
1711 1463 1768 1522 ji>
1795 1485 1851 1516 pro
1879 1473 1972 1521 &2553

178 1542 211 1568 et
232 1535 316 1581 ῥέῃ
342 1537 467 1568 dicitur.
523 1537 632 1579 Optat,
661 1542 696 1569 ut
723 1543 826 1569 mater
851 1547 923 1569 mox
950 1539 1110 1573 moriatur.

177 1649 209 1677 2.
254 1647 345 1677 Onus
363 1649 519 1687 frumenti
541 1649 685 1688 deqlulil,
710 1651 802 1679 cuius
822 1650 943 1687 liynum
965 1651 1097 1687 liyatum
1120 1653 1178 1688 est,
1201 1659 1239 1678 ac
1261 1659 1289 1677 m
1307 1648 1408 1687 facies
1429 1648 1498 1676 eius
1518 1648 1590 1684 pice
1610 1647 1703 1676 oblzta
1725 1649 1776 1676 sit.

290 1716 430 1747 Causam
457 1717 555 1748 addit.
594 1719 813 1749 Voracitatem
841 1723 873 1750 et
900 1720 1125 1758 turpitudinem
1154 1719 1183 1748 ei
1211 1717 1326 1750 obiicit.
1352 1716 1409 1745 Illa
1436 1720 1525 1746 tanta
1551 1720 1612 1754 est,
1640 1720 1674 1746 ut
1702 1715 1849 1746 frumenti
1876 1725 1970 1756 onus,

178 1783 325 1820 quantum
353 1781 524 1811 iumentum
552 1786 680 1821 portare
707 1782 807 1822 valet,
836 1781 908 1811 dum
937 1782 997 1811 iam
1025 1781 1054 1810 in
1082 1780 1179 1810 dorso
1209 1781 1276 1809 eius
1303 1777 1478 1818 adligatum
1506 1781 1569 1818 est,
1589 1776 1755 1818 deglutiat.
1783 1777 1858 1808 Vox
1884 1779 1972 1818 eim,

179 1850 261 1871 onus
278 1841 430 1882 designat
447 1842 619 1882 sexaginta
647 1842 740 1872 Zah
769 1843 946 1873 continens.
974 1842 1043 1872 Una
1068 1850 1218 1871 mensura
1244 1841 1337 1870 Zah
1363 1845 1470 1870 autem
1498 1845 1633 1879 quatuor
1660 1839 1779 1870 modios
1797 1844 1849 1870 aa
1866 1840 1972 1871 habet.

178 1903 253 1933 Vox
280 1898 389 1934 &kh-&1
416 1908 523 1932 autem
552 1903 669 1943 lignum
697 1903 849 1934 inflexum
876 1908 939 1944 est7
967 1902 1051 1943 quod
1078 1912 1135 1942 per
1160 1903 1300 1933 insertas
1332 1903 1468 1933 invicem
1483 1911 1653 1932 saccorum
1681 1912 1777 1934 ansas
1809 1903 1974 1944 traiicitur,

180 1969 214 1994 ut
240 1967 285 1995 ita
313 1965 475 1995 coniuncti
501 1966 590 1995 sacci
616 1966 655 1995 ab
683 1971 820 2006 utroque
847 1967 948 1996 latere
974 1966 1106 1996 iumenti
1133 1965 1303 2005 pendeant.
1331 1965 1447 1996 Facies
1474 1965 1567 2006 nigra
1585 1965 1811 2005 turpitudinem
1829 1970 1862 1996 et
1891 1974 1970 1996 con·

180 2025 330 2056 ditionem
358 2026 527 2067 ignobilem
555 2027 704 2069 designat
730 2028 833 2059 cous.
860 2030 955 2059 Ham.
982 2031 1029 2059 νΓο
1055 2038 1087 2058 v.
1115 2029 1148 2059 2.

177 2137 210 2167 3.
254 2136 378 2166 satiata
399 2146 461 2166 mm
483 2141 582 2173 esset,
606 2139 667 2166 etsi
697 2139 730 2165 in
761 2139 919 2174 reqionem
949 2139 1074 2177 Hadjar
1105 2149 1173 2169 eam
1206 2140 1359 2169 duxisses
1387 2142 1418 2168 et
1435 2142 1512 2177 polu
1534 2140 1639 2176 riyata
1662 2147 1724 2168 non
1747 2141 1839 2175 esset,
1863 2140 1924 2168 etsi
1943 2139 1975 2167 in

181 2190 241 2230 (Ι).
257 2189 368 2223 811.)
744 2192 811 2220 loco
835 2193 999 2223 osu-Kar
1021 2197 1173 2224 aestatem
1194 2195 1411 2231 transeqisset.

302 2260 381 2290 Eam
408 2258 617 2289 insatiabilem
653 2269 729 2289 esse
767 2262 835 2291 cibo
876 2268 1018 2302 potuque
1054 2264 1137 2294 dicit.
1165 2263 1286 2303 Hadjar
1324 2262 1489 2303 provincia
1524 2262 1617 2292 aliter
1644 2261 1781 2292 Bahrain
1817 2261 1974 2301 adpellata

182 2320 317 2360 dactylis
347 2319 511 2350 abundans
539 2325 590 2351 est
625 2321 732 2350 Abulf.
762 2321 869 2363 Geog.
898 2333 927 2362 p.
955 2325 993 2353 5⁴1.
1021 2326 1179 2355 Dsu—Kar
1206 2327 1296 2356 locus
1324 2326 1404 2356 inter
1431 2325 1545 2356 Cufam
1573 2330 1606 2355 et
1632 2325 1840 2364 Wasethum,
1869 2322 1972 2352 Cufae

180 2383 395 2424 propinquior,
423 2384 488 2412 sita
516 2388 577 2413 est.
621 2384 728 2413 conf.
767 2384 915 2415 Abulfed.
953 2385 1076 2427 Geogr.
1104 2397 1134 2427 p.
1162 2389 1212 2417 r‘lt'.
1258 2388 1366 2417 Locus
1395 2389 1505 2429 pugna
1531 2388 1611 2418 inter
1640 2388 1766 2418 Arabes
1793 2386 1972 2424 Persasque

180 2450 273 2476 notus
309 2450 370 2476 est.
409 2445 525 2476 cons.
561 2446 659 2476 Meid.
695 2448 732 2477 T.
768 2448 810 2477 111
846 2448 878 2477 Ρ.
915 2449 927 2478 1
962 2459 992 2489 p.
1021 2449 1102 2479 557.
1138 2451 1277 2480 Pocock.
1305 2460 1392 2491 spec.
1420 2461 1451 2491 p.
1479 2449 1561 2480 438.
1590 2451 1672 2481 461.
1734 2450 1844 2479 Locus
1872 2448 1971 2487 pratis

181 2508 361 2539 abundasse
390 2509 530 2548 videtur,
559 2516 590 2539 ut
620 2511 709 2541 lactis
739 2511 831 2551 copia
848 2512 888 2541 ibi
916 2513 1048 2543 maxima
1069 2518 1171 2554 esset,
1191 2522 1259 2543 nam
1287 2512 1326 2543 de
1353 2523 1436 2553 aqua
1463 2523 1539 2553 pura
1566 2512 1625 2542 hoc
1648 2513 1679 2541 iu
1698 2511 1767 2540 loco
1795 2509 1850 2540 vix
1868 2518 1975 2539 sermo

179 2581 255 2601 esse
282 2577 401 2611 potest.
