2155 2892
893 132 1162 163 —354—

120 238 152 266 2.
195 235 321 267 Debiles
343 234 502 270 sanquine
522 232 611 262 haud
629 234 726 270 effuso
747 233 830 260 viros
854 232 1004 259 occidunt
1008 240 1021 265 ,·
1041 230 1106 264 sed,
1130 238 1147 258 o
1168 230 1292 265 mirum,
1315 228 1399 267 quod
1420 227 1536 257 debiles
1557 228 1727 258 occidunt!

232 317 353 346 Poetae
388 325 407 345 a
441 314 565 345 feminis
600 317 742 344 amantes
784 311 884 342 occidi
911 311 1036 352 dicunt,
1071 319 1256 350 quamquam
1282 314 1426 339 amantes
1454 319 1488 338 re
1515 318 1594 338 vera
1622 310 1720 340 occisi
1748 319 1809 339 non
1840 315 1911 342 sunt

123 378 246 418 (conf.
274 379 367 408 Ham.
394 376 446 407 ovi²
472 387 504 407 v.
534 377 566 408 5.
593 376 749 407 Mersukii
777 374 904 415 legendi
931 373 1081 412 modum).
1116 373 1202 402 Ante
1227 380 1343 400 vocem
1368 368 1508 412 &gl-axo,
1536 381 1617 410 quae
1644 371 1815 411 praedicati
1840 371 1908 402 loco

122 445 194 481 est,
221 440 397 470 subiectum
416 442 467 486 Ua*
481 448 550 469 eae
577 439 728 468 omissum
761 442 822 467 est.
849 436 1051 466 Scholiastae
1083 432 1318 464 adsentiendum
1345 442 1406 462 non
1433 437 1520 473 puto,
1544 433 1595 473 qni
1624 434 1723 464 verba
1744 438 1784 480 ΓΟ
1806 431 1845 471 >Li
1871 434 1910 465 de

124 502 198 532 odio
225 501 429 543 intelligenda
455 510 529 531 esse
558 501 643 541 dicit,
672 505 706 530 ut
745 499 880 530 feminae
914 501 1056 528 amantes
1090 496 1160 526 odio
1200 496 1284 526 haud
1320 500 1498 525 commotae
1525 495 1688 537 occidant3
1716 505 1787 526 nam
1816 505 1872 526 cur
1891 505 1909 526 a

123 565 252 604 propria
287 563 456 604 sanguinis
484 563 717 603 significatione
744 561 922 600 recedatur,
951 569 1079 590 causam
1106 568 1167 588 non
1194 558 1301 598 video,
1330 566 1423 596 quum
1441 557 1480 587 de
1496 559 1567 596 ipsa
1595 562 1696 587 morte
1718 567 1823 587 sermo
1850 566 1911 587 non

121 625 175 655 sit.
229 625 332 655 Vocis
361 622 453 662 [ἦξε
478 623 734 663 interpretandae
761 624 882 653 varium
910 621 1032 652 modum
1062 622 1210 660 proponit
1236 620 1439 649 scholiastes.
1467 620 1534 649 Aut
1554 620 1712 661 singulam
1731 629 1842 650 vocem
1861 620 1912 649 iu—

121 685 268 717 vocando
296 686 452 716 inservire
479 691 511 716 et
540 686 671 716 litteram
699 686 774 722 Alif,
803 690 835 715 ut
863 694 930 714 vox
957 683 1158 719 extendatur,
1188 681 1324 711 additam
1353 690 1440 720 esse,
1469 684 1522 710 aut
1549 690 1661 711 vocem
1690 691 1761 711 cum
1790 691 1908 720 prono-

121 748 203 777 mine
230 750 349 787 primae
381 756 539 786 personae
574 747 773 777 coniunctam
800 755 896 786 esse,
930 751 965 777 ut
990 746 1096 775 littera
1122 745 1165 775 Ja
1190 745 1220 774 in
1247 745 1379 775 litteram
1407 743 1475 773 Alif
1499 748 1620 773 mutata
1654 744 1703 774 sit.
1756 744 1900 783 Praepo-

123 810 269 840 sitionem
297 810 395 839 Lam
422 809 569 849 sequenti
595 809 680 849 voci,
707 812 741 838 ut
770 807 985 838 admirationis
1013 816 1142 838 causam
1171 806 1336 842 indicaret,
1367 805 1501 835 additam
1528 814 1613 834 esse.

122 920 154 949 3.
199 919 318 948 Oculus
339 919 464 957 quidem
492 917 585 946 rebus
607 916 763 946 veteribus
785 916 959 946 delectatur
966 927 977 954 ‚·
1006 917 1063 945 sed
1082 915 1172 946 mella
1194 924 1246 943 res
1268 924 1404 943 amorem
1427 916 1526 943 animi
1545 916 1646 951 maqis
1669 916 1790 943 excitat
1810 923 1906 952 quam

928 979 979 998 res
1003 979 1108 999 novae.

220 1041 398 1071 Discrimen
426 1039 555 1081 indicat,
584 1040 667 1079 quod
693 1040 774 1070 inter
803 1039 882 1069 alias
908 1048 961 1068 res
989 1042 1020 1069 et
1045 1048 1185 1068 amorem
1212 1037 1401 1068 inveniatur.
1422 1037 1589 1067 Hominem
1616 1037 1723 1076 rebus,
1750 1045 1828 1075 quas
1856 1036 1908 1067 din

127 1102 316 1143 possederit,
355 1101 525 1140 delectari3
553 1101 583 1131 in
616 1112 724 1132 amore
759 1107 863 1132 autem
890 1111 943 1130 res
970 1110 1073 1131 novas
1102 1100 1235 1130 animum
1275 1100 1447 1129 attrahere.
1499 1100 1591 1129 Hanc
1618 1099 1807 1128 sententiam
1834 1109 1910 1139 pro—

122 1165 266 1195 verbium
293 1163 409 1203 (Meid.
428 1163 485 1204 23,
505 1163 594 1203 582)
610 1164 774 1203 exprimit:
801 1165 915 1195 »Omni
943 1173 1028 1194 novo
1055 1163 1227 1201 voluptas«
1250 1166 1282 1191 et
1307 1170 1447 1200 sequens
1475 1161 1693 1201 proverbium:
1724 1160 1836 1191 »Omni
1852 1171 1911 1191 an-

123 1228 207 1267 tiquo
236 1227 418 1257 reverentia
446 1231 517 1257 est«
547 1227 615 1257 eius
642 1232 764 1267 partem
790 1227 937 1257 illustrat.
987 1224 1187 1255 Scholiastes
1221 1233 1305 1253 voce
1327 1221 1417 1268 &gd-e
1448 1227 1511 1252 tam
1538 1232 1616 1253 rem
1635 1222 1910 1265 accidentem,

124 1299 239 1329 nempe
265 1290 428 1327 lusum,
455 1299 547 1329 quam
578 1289 717 1320 locum
745 1293 785 1319 et
811 1294 984 1328 tempus
1014 1288 1074 1317 rei
1104 1286 1343 1316 accidentis
1382 1286 1401 1315 i.
1429 1295 1456 1314 e.
1486 1285 1622 1315 locum
1661 1288 1702 1315 et
1738 1289 1908 1324 tempus

124 1353 246 1382 lusus
276 1350 449 1392 significari
477 1360 575 1390 posse
604 1350 694 1381 dixit.
745 1352 779 1380 Iu
806 1352 864 1381 cel.
892 1351 1112 1393 Kosegarteni
1139 1348 1400 1381 Clirestomathia
1426 1345 1511 1386 obl-§lt
1538 1346 1664 1394 ᾆσμα
1689 1348 1813 1390 legitur.
1842 1349 1909 1378 Le-

125 1415 221 1456 gendi
253 1414 365 1445 modus
398 1415 448 1444 hic
476 1414 666 1454 rejiciendus
700 1418 766 1454 est,
809 1413 891 1454 quod
920 1424 1021 1444 voces
1049 1411 1137 1443 oblati
1176 1418 1208 1443 et
1236 1409 1367 1456 ...Agbia-li
1395 1421 1494 1442 sensu
1522 1413 1602 1442 bene
1629 1412 1795 1452 oppositae
1821 1418 1906 1442 sunt.

125 1477 215 1507 Haec
242 1485 365 1517 quoque
392 1486 445 1507 res
472 1485 573 1506 causa
599 1480 662 1515 est,
691 1486 747 1507 cur
774 1476 900 1518 legendi
926 1477 1049 1507 modum
1078 1471 1210 1521 Qbffll
1237 1474 1320 1515 apud
1346 1475 1603 1516 Kosegartenurn
1633 1473 1716 1504 haud
1745 1474 1880 1514 probem.

961 1634 1062 1668 LV.

860 1700 1002 1735 Alius
1033 1700 1170 1734 dixit.

127 1784 153 1813 l.
198 1782 367 1822 Profecto!
385 1785 415 1813 si
431 1785 538 1822 friyus
560 1784 699 1812 dentium
721 1785 788 1812 erius
820 1780 1000 1822 (feminae)
1028 1785 1225 1819 superiorum
1249 1785 1433 1821 pauperiori
1464 1792 1512 1811 me
1539 1782 1688 1818 claretum
1719 1782 1824 1820 ulique
1851 1790 1906 1818 eqo

911 1846 1033 1874 pllllpk’r
1048 1847 1126 1867 sum.

225 1908 271 1938 Se
299 1908 443 1938 feminam
474 1911 561 1937 tanto
588 1906 618 1935 in
645 1915 748 1936 amore
776 1905 903 1942 habere,
931 1910 967 1935 ut
994 1905 1105 1935 nullius
1136 1915 1223 1935 amor
1249 1915 1340 1936 sunm
1369 1910 1495 1944 aequet.
1547 1905 1713 1934 Amantem
1740 1907 1845 1934 autem
1869 1913 1906 1934 se

127 1979 194 2000 cnm
221 1980 361 2009 paupere
388 1969 518 2008 confert,
538 1970 588 2000 cui
615 1969 722 1999 divitis
750 1977 828 2007 opes
848 1977 928 2007 opus
955 1970 1027 1998 siut.
1059 1967 1206 1998 Feminae
1224 1972 1328 1997 autem
1349 1967 1430 1997 dona
1448 1967 1507 2006 ipsi
1529 1968 1611 1996 inter
1637 1975 1747 1995 omnes
1769 1968 1905 1996 maxime

128 2032 313 2062 necessaria
341 2042 434 2071 esse,
463 2042 556 2072 quum
583 2042 617 2062 re
644 2042 724 2062 vera
759 2042 879 2072 pauper
915 2034 968 2061 sit.
1020 2031 1128 2061 Verbo
1155 2030 1256 2070 &AM
1290 2034 1344 2060 aut
1373 2029 1463 2060 dandi
1500 2034 1554 2059 ant
1581 2027 1765 2069 fdeducendi
1801 2027 1904 2068 signi-

131 2093 311 2124 ficationem
340 2094 407 2123 dari
433 2104 550 2134 posse,
577 2094 769 2124 scholiastes
805 2094 906 2133 dicit3
942 2093 1014 2123 mihi
1052 2093 1160 2123 verbis
1197 2090 1294 2133 Lfflkstji
1330 2099 1376 2136 ⁸³5?
1402 2091 1486 2131 prior
1512 2090 1613 2131 magis
1641 2090 1815 2120 convenire
1850 2089 1902 2119 vi-

128 2157 226 2187 detur.
281 2157 379 2186 Hisce
408 2161 510 2186 autem
539 2156 674 2186 vocibus
702 2156 812 2186 oscula
838 2160 871 2186 et
897 2156 1000 2185 saliva
1026 2154 1257 2195 significantur.
1310 2153 1466 2183 Dentibus
1494 2157 1600 2182 autern
1627 2152 1730 2193 frigus
1757 2151 1902 2182 tribuitur

128 2224 183 2249 aut
209 2218 291 2257 quod
318 2217 419 2258 frigus
453 2218 590 2247 Arabem
628 2222 770 2256 tempore
797 2222 907 2249 aestus
935 2218 1073 2248 delectat
1099 2222 1150 2248 aut
1176 2216 1258 2256 quod
1285 2216 1399 2246 dentes
1426 2225 1444 2245 a
1471 2216 1572 2254 poetis
1600 2224 1668 2245 cum
1692 2213 1844 2255 grandine
1871 2217 1905 2242 et

128 2280 308 2321 margaritis
335 2280 373 2309 ob
392 2280 520 2309 similem
548 2281 684 2310 colorem
711 2286 932 2319 comparantur
958 2280 1072 2310 conf.
1099 2280 1201 2309 Jones
1229 2282 1395 2307 comment.
1425 2287 1453 2316 p.
1485 2277 1554 2307 105
1581 2281 1614 2306 et
1635 2276 1721 2306 Caab
1741 2276 1768 2304 b.
1788 2273 1903 2304 Sohair

129 2352 161 2371 v.
188 2341 220 2372 3.
272 2342 392 2371 Poetae
420 2346 525 2372 autem
564 2352 657 2381 quum
685 2347 829 2371 amantes
855 2347 1001 2381 tanquam
1028 2342 1152 2372 occisos
1179 2341 1371 2381 describant,
1398 2340 1532 2370 salivam
1558 2348 1629 2369 cum
1655 2347 1737 2376 aqua
1767 2345 1901 2375 compa-

130 2409 210 2442 rant,
238 2414 318 2443 quae
345 2405 559 2434 moribundum
585 2406 617 2434 in
644 2406 741 2434 vitam
770 2408 913 2434 revocet.
965 2404 1021 2433 Sic
1049 2401 1269 2433 Motenabbius
1296 2401 1380 2441 apud
1407 2401 1538 2431 Bohlen.
1567 2410 1596 2439 p.
1625 2397 1681 2429 53.
1709 2399 1798 2428 Voce
1826 2395 1899 2437 „kall

129 2472 182 2497 aut
219 2451 561 2508 superiores⁶dentes7
595 2467 678 2506 quod
714 2466 763 2497 hic
796 2466 882 2496 locus
916 2466 1095 2496 osculorum
1129 2467 1172 2495 sit
1199 2469 1254 2495 aut
1282 2463 1469 2505 magnificos
1496 2460 1679 2503 significari,
1707 2459 1899 2489 scholiastes

130 2529 219 2559 dixit.
246 2529 393 2559 Formam
420 2529 496 2566 &425
523 2528 678 2559 adiectivo
703 2528 766 2558 vim
796 2527 950 2567 quandam
976 2527 1063 2569 dare,
1091 2536 1184 2567 quae,
1210 2528 1240 2556 si
1266 2525 1410 2556 absolute
1436 2525 1573 2565 positum
1600 2522 1654 2562 sit,
1682 2520 1817 2550 maxime
1842 2519 1901 2550 ad·-

131 2599 261 2629 parere,
290 2592 321 2620 in
356 2591 478 2621 scholio
515 2591 661 2632 legimus.
725 2591 815 2621 Hanc
845 2599 969 2630 quoque
995 2589 1145 2621 adiectivi
1172 2589 1235 2620 vim
1261 2589 1292 2619 in
1318 2597 1436 2619 versus
1463 2586 1564 2616 nostri
1590 2592 1670 2614 voce
1689 2584 1756 2628 fiii-5
1790 2582 1899 2613 videre
