2155 2892
932 110 1202 141 —198-

166 212 236 257 (p.
259 208 390 252 426.)
407 212 607 243 Scholiastes
622 210 797 252 adnotavit,
815 210 1015 241 Almocassir
1031 219 1207 251 cognomen
1224 211 1294 240 eius
1309 218 1398 249 esse,
1412 207 1465 249 qni
1481 217 1594 239 nomen
1609 209 1692 239 Iasid
1703 210 1732 240 b.
1744 210 1944 241 Henthseiah

167 280 197 310 b.
225 275 405 308 Tsahiebah
433 275 461 304 b.
491 273 597 313 Sajjar
620 282 743 315 ‘gerens
771 272 819 303 die
846 273 1003 303 Dsu-Kar
1031 276 1205 313 sequentes
1234 281 1351 303 versus
1379 271 1494 302 dixerit
1521 271 1630 310 (metr.
1658 271 1817 311 Redjes):
1855 273 1942 313 Ego

165 337 427 377 Ebu-Sajjar
453 346 569 367 suum
598 337 663 366 ins
693 334 928 365 defendens
956 344 1057 376 sum,
1097 337 1207 375 quie
1233 337 1360 367 vobis
1388 336 1520 376 fugit,
1556 345 1574 365 a
1602 340 1846 375 compotore
1871 345 1943 366 suo

165 401 279 442 fugit
307 403 347 430 et
373 399 420 429 ab
447 408 516 440 eo,
545 398 656 438 quod
684 398 984 429 defendendum
1010 403 1097 439 est,
1133 398 1296 442 fugit¹).
1358 398 1512 438 Utique
1549 397 1740 438 corrigia
1775 406 1793 426 e
1827 398 1942 427 corio

163 473 237 493 suo
268 466 505 493 resecatur.
559 461 663 499 Quum
691 471 806 501 agmen
833 461 939 502 gentis
966 460 1046 491 Thai
1074 461 1104 491 in
1129 463 1292 504 regionem
1322 464 1427 503 gentis
1449 462 1529 491 Becr
1549 461 1578 491 b.
1597 460 1707 500 W'ajel
1736 460 1943 490 incursionem

162 525 283 556 faciens
310 525 453 564 captivos
479 524 678 562 adduxisset,
705 524 907 553 Mocassirus
935 524 963 553 in
990 530 1121 565 gentem
1149 525 1228 556 Thai
1256 527 1430 565 irrumpens
1457 525 1596 555 omnibus
1623 524 1735 564 opibus
1756 525 1875 563 potitus
1894 527 1945 552 est

166 593 198 618 et
225 587 372 627 captivos
398 587 485 618 fecit.
538 586 822 617 Said-Alchailus
834 583 861 629 ⁹)
889 591 995 616 antem
1023 592 1151 628 gentem
1179 586 1400 617 'raim-Allah
1428 587 1456 616 b.
1483 586 1663 616 Tsahlabah
1686 585 1841 616 invadens
1866 584 1946 614 dixit

164 650 273 688 (metr.
305 649 463 689 'rhawil):
494 649 621 688 Quum
648 659 751 691 gens
779 649 887 689 lhdjl
916 660 990 689 per
1018 659 1089 679 nos
1118 650 1279 679 crimen
1306 649 1477 678 aliorum
1507 648 1656 688 fricat,
1685 657 1757 677 nos
1785 648 1945 677 crimen

164 713 304 753 gentis
342 712 453 752 Ihdjl
492 723 560 752 per
595 718 762 754 gentem
800 713 1060 743 'raim—Ailat
1098 709 1359 753 fricamus³).
1424 711 1661 751 Abu-Hilalus,
1698 716 1813 750 poetae
1842 710 1946 749 potius

164 772 278 812 takes>
310 776 455 806 »attritas
475 776 612 816 ungulas
633 775 807 804 habentes«
838 774 1004 805 dicendum
1032 775 1143 812 fuisse,
1173 774 1350 815 adnotavit,
1377 783 1471 813 quum
1494 783 1559 803 vox
1580 774 1664 805 at>
1680 773 1944 814 significationem

163 839 237 869 nudi
263 838 353 878 pedis
380 839 505 868 habeat.
559 838 650 867 Hanc
679 837 944 879 significationem
974 838 1032 867 hoc
1060 838 1087 867 in
1115 847 1213 867 versu
1241 836 1346 866 locum
1374 836 1491 866 habere
1519 846 1578 865 non
1594 845 1705 877 posse,
1732 837 1845 875 quippe
1859 836 1945 865 Ara-

166 900 236 930 bum
263 900 335 940 equi
363 900 469 930 serrati
496 909 557 929 non
585 900 658 930 sint.
712 900 831 930 Contra
857 907 962 931 autem
991 901 1040 930 alii
1077 900 1203 939 dicunt,
1240 899 1298 928 viri
1332 899 1426 929 huius
1455 908 1555 939 equos
1584 898 1721 928 serratos
1748 907 1808 927 non
1833 898 1946 938 fuisse,

166 961 248 1001 quod
274 962 365 991 nimis
392 966 566 1001 occupatus
594 967 649 992 aut
674 962 751 992 alias
781 963 819 992 ob
845 972 956 994 causas
984 973 1047 993 rem
1073 964 1241 994 omitteret.

993 1047 1135 1081 CXI*-

447 1099 760 1133 Elin-olnban
784 1098 1061 1133 Fakalnsita
1083 1099 1293 1134 fratrem
1317 1100 1508 1134 deflens
1531 1099 1666 1134 «lixit.

165 1166 193 1195 1.
219 1167 353 1204 Propter
375 1168 475 1197 virum
496 1170 599 1197 instar
622 1166 802 1197 Hammamt'
821 1170 925 1197 sinum
947 1169 1119 1207 diffindunt
1130 1173 1160 1198 et
1176 1170 1291 1199 luctum
1305 1170 1667 1209 mamfesluntmulieres
1678 1171 1800 1198 maritis
1813 1169 1947 1197 orbatae.

265 1224 313 1255 Ob
335 1230 465 1255 mortem
484 1225 662 1255 Hammami
681 1225 796 1255 luctum
811 1234 960 1266 magnum
977 1235 1052 1255 esse
1066 1225 1149 1257 dicit.
1202 1226 1245 1256 Ut
1259 1227 1480 1257 IIammarnum
1495 1227 1677 1267 extolleret,
1706 1226 1863 1263 Λωὼῖἐα
1879 1224 1949 1271 &Le

169 1291 320 1327 »propter
345 1289 448 1318 virum
477 1287 577 1317 instar
603 1286 800 1317 Hammami«
830 1287 919 1325 dixit,
948 1288 1060 1327 quibus
1088 1290 1118 1318 iu
1143 1289 1252 1318 verbis
1280 1289 1409 1319 virtutis
1436 1289 1506 1319 laus
1535 1294 1603 1328 est3
1632 1288 1689 1319 sed
1711 1288 1858 1319 neminem
1886 1290 1947 1318 nisi

166 1349 383 1380 Hammamum
411 1351 513 1390 ipsum
540 1350 613 1380 istis
641 1350 748 1380 verbis
778 1349 946 1392 designare
973 1351 1052 1384 vult.
1106 1351 1154 1381 De
1181 1351 1267 1382 luctu
1297 1351 1336 1381 ob
1364 1357 1520 1382 mortuum
1550 1351 1656 1383 conf.
1684 1352 1718 1381 P.
1751 1351 1778 1381 1.
1805 1360 1835 1390 p.
1865 1349 1946 1380 430.

167 1411 202 1441 P.
230 1411 262 1441 2.
290 1422 319 1452 p.
351 1412 405 1443 16.
437 1412 516 1442 105.

166 1496 198 1524 2.
225 1495 283 1525 Vir
299 1498 404 1533 yentis
426 1500 503 1534 erat,
529 1499 581 1526 cui
601 1499 631 1526 si
651 1499 682 1526 iu
703 1500 796 1535 yente
817 1499 1003 1527 occurrebas
1027 1502 1084 1527 aut
1102 1500 1132 1527 si
1153 1498 1213 1527 alio
1237 1499 1303 1527 loco
1327 1499 1576 1537 conspiciebatur
1599 1504 1654 1529 out
1666 1500 1734 1528 loeo
1744 1503 1948 1529 conventuum

894 1555 977 1583 viros
1000 1555 1207 1587 continebunt,

265 1610 449 1650 Ubicunque
474 1611 615 1641 locorum
644 1617 675 1642 et
703 1613 786 1642 omni
811 1617 897 1643 statu
924 1621 993 1642 eum
1020 1613 1080 1642 viri
1109 1612 1279 1642 virtutibus
1307 1617 1450 1642 ornatum
1471 1612 1675 1651 principatum
1695 1610 1844 1651 gessisse
1863 1610 1947 1640 dicit.

167 1674 201 1702 ln
229 1682 311 1702 voce
337 1675 411 1715 515,
448 1678 482 1703 ut
509 1674 601 1703 Ham.
630 1684 658 1714 p.
686 1673 742 1703 ¹⁹³²?
772 1685 802 1704 v.
828 1676 883 1715 6.,
922 1675 991 1705 laus
1025 1679 1092 1713 est3
1134 1674 1192 1704 sed
1228 1675 1402 1705 subiectum
1420 1678 1468 1715 >⁵⁹
1495 1675 1528 1704 is
1555 1664 1766 1714 supplendum
1795 1679 1855 1704 est.
1907 1673 1950 1703 Ut

168 1739 275 1764 autem
302 1744 370 1765 eum
395 1734 488 1765 talem
516 1736 595 1765 omni
623 1736 690 1765 loco
719 1742 750 1766 et
777 1738 859 1766 omni
887 1742 973 1767 statu
1002 1746 1036 1766 se
1064 1736 1256 1777 ostendere,
1284 1737 1467 1777 significet,
1503 1741 1632 1777 gentem
1667 1747 1756 1767 suam
1791 1737 1857 1767 aliis
1889 1747 1949 1776 op-

168 1800 287 1839 posuit,
313 1808 382 1828 nam
408 1798 505 1828 verba
532 1788 704 1844 5322*
730 1800 820 1829 aliam
847 1805 974 1840 gentem
1003 1808 1096 1838 quam
1126 1809 1216 1828 suam
1245 1799 1314 1829 mihi
1342 1799 1526 1840 significare
1554 1800 1709 1829 videntur.
1762 1800 1828 1830 Sed
1855 1810 1950 1840 quum

167 1860 402 1903 verbaffl95
418 1866 481 1892 etc.
509 1863 597 1903 genti
627 1863 773 1902 opposita
799 1872 859 1892 non
887 1865 962 1902 sint,
990 1868 1094 1892 status
1122 1863 1192 1901 viri,
1220 1861 1281 1901 qui'
1297 1862 1499 1892 concionibus
1527 1864 1665 1892 virorum
1692 1863 1858 1901 oppositus
1886 1868 1949 1903 est,

168 1923 301 1964 cogitari
327 1929 446 1963 potest.
499 1925 702 1956 scholiastes
739 1926 826 1965 loca,
864 1925 912 1955 ubi
941 1931 1055 1966 gentes
1082 1925 1110 1955 in
1139 1925 1351 1955 conventibus
1380 1934 1487 1965 regum
1515 1924 1738 1964 convenirent,
1775 1925 1948 1964 cogitavitz

167 1985 225 2015 sed
251 1985 282 2015 in
308 1987 416 2017 verbis
443 1987 484 2017 nil
510 1987 618 2028 video,
645 1987 728 2027 quod
757 1987 796 2017 ad
823 1997 921 2028 reges
949 1993 1083 2027 spectet.

165 2083 199 2112 3.
242 2082 441 2112 Conlentlens
463 2094 605 2114 sermone
628 2095 699 2114 cum
722 2085 898 2114 hominibus
921 2093 1021 2123 neque
1044 2084 1153 2121 linqua
1175 2086 1312 2124 difficilis
1335 2089 1405 2115 erat
1425 2095 1524 2124 neque
1551 2086 1700 2114 molestus
1728 2088 1783 2120 iis,
1810 2088 1864 2124 qui
1885 2094 1949 2113 una

990 2141 1130 2167 aderam.

264 2203 514 2234 Moderationem
540 2206 571 2234 iu
597 2212 754 2243 sermone,
783 2209 816 2234 ut
846 2209 967 2234 rectum
996 2203 1119 2234 modum
1146 2212 1273 2242 semper
1301 2207 1434 2239 teneret,
1463 2202 1580 2232 laudat.
1631 2203 1746 2242 Neque
1773 2203 1844 2232 talis
1871 2207 1949 2243 erat,

165 2268 218 2306 qui
246 2265 329 2305 loqui
357 2275 418 2296 non
445 2270 570 2306 posset,
594 2275 696 2305 neque
716 2275 841 2306 semper
861 2266 959 2295 verba
980 2265 1102 2295 faciens
1122 2266 1191 2295 aliis
1208 2265 1360 2296 molestus
1377 2271 1455 2295 erat.
1509 2266 1595 2295 Loco
1611 2266 1702 2296 vocis
1716 2261 1742 2311 ig)
1759 2265 1945 2295 »dominus«

184 2350 212 2381 1)
231 2350 373 2380 Sequentia
392 2351 474 2374 verba
492 2350 519 2374 in
537 2350 671 2380 proverbii
690 2350 908 2375 consuetudinem
929 2356 1036 2373 venere.
1073 2351 1146 2374 luter
1164 2351 1230 2374 duas
1250 2356 1292 2374 res
1311 2350 1507 2374 similitudinem
1533 2355 1559 2375 et
1581 2350 1767 2381 cognationem
1787 2356 1847 2373 esse
1864 2350 1949 2381 signi—

231 2404 320 2429 ficant.
345 2406 447 2430 confer,
471 2405 566 2430 librum
594 2405 834 2436 Citab-Alaghani
854 2409 879 2429 et
898 2405 1014 2429 Meidan.
1033 2406 1061 2429 Τ,
1082 2406 1126 2429 111.
1145 2407 1171 2430 Ρ.
1190 2406 1216 2430 2.
1235 2406 1299 2431 ³03.
1316 2408 1480 2431 Rasmussen
1502 2406 1632 2431 Additum.
1660 2413 1682 2436 p.
1710 2401 1757 2430 W*-

182 2458 214 2490 0)
232 2460 270 2484 Oh
290 2461 404 2492 multos,
422 2468 489 2492 qnos
508 2462 678 2492 possidebat,
697 2468 778 2492 equos
798 2467 947 2492 cognomen
967 2460 1087 2483 obtinens
1107 2462 1200 2490 postea
1219 2467 1235 2484 a
1254 2462 1435 2485 Mohammede
1458 2462 1491 2485 ob
1511 2462 1594 2485 buum
1611 2459 1659 2483 viri
1678 2459 1779 2482 indoles
1798 2464 1947 2489 cognomen

222 2503 296 2557 5,.ὲὶ
324 2516 401 2540 boni
421 2516 534 2547 accepit.
570 2516 656 2540 Filius
675 2516 817 2540 Mohalheli
835 2515 1002 2539 ben-saidan
1021 2522 1034 2538 e
1053 2518 1129 2545 geute
1148 2515 1212 2539 Thai
1231 2516 1359 2540 oriundus
1378 2518 1445 2539 erat.

182 2573 211 2598 3)
232 2571 365 2600 Loquendi
384 2572 477 2596 modus
495 2572 620 2596 crimen
640 2571 769 2595 fricare
787 2578 803 2595 a
821 2571 905 2601 coi-io⁷
925 2570 993 2600 quod
1014 2569 1133 2593 fricando
1157 2572 1265 2600 aptatur
1283 2571 1416 2601 melleque
1435 2569 1564 2599 redditur,
1583 2569 1718 2592 desumtns
1737 2565 1849 2591 videtur.
1870 2565 1948 2590 Noxz‘n

230 2616 291 2639 aliis
309 2615 384 2640 illata
403 2617 503 2641 crimen
521 2617 607 2641 minus
626 2617 765 2641 molestum
786 2616 971 2646 ingratumque
990 2617 1119 2640 redditur.
