2155 2892
911 186 1181 217 -601—

149 287 255 318 verbis
283 289 393 317 inesse
420 296 520 327 posse
547 286 640 318 dicit:
671 286 809 316 Divitias
835 285 904 314 viro
932 294 992 314 non
1021 289 1151 324 propter
1179 284 1291 313 merita
1319 283 1410 314 datos
1438 293 1539 321 esse3
1569 284 1626 314 sed
1655 294 1695 315 ex
1724 285 1782 314 Dei
1811 285 1942 315 decreto

149 349 357 390 contingere,
396 355 430 379 ut
458 353 583 379 torrens
610 348 648 378 ad
676 349 757 377 tales
784 348 910 387 plantus
938 347 1108 388 pertingat,
1136 355 1217 385 quae
1242 356 1282 376 ex
1311 356 1349 375 eo
1380 346 1492 376 nullam
1521 347 1687 377 utilitatem
1716 347 1859 386 cupiant;
1887 347 1943 377 sed

146 411 207 441 hoc
234 411 360 452 longius
387 411 520 450 petitum
547 409 685 439 videtur.
714 410 836 438 Beatus
864 408 903 438 de
930 410 1058 448 Sncyus
1086 409 1115 437 in
1143 408 1256 437 scholii
1285 409 1366 438 linesi
1394 414 1504 448 quarta
1522 410 1640 439 rectius
1670 409 1839 448 legendum
1864 420 1944 441 ceu-

147 472 212 502 suit
239 476 294 501 aut
319 468 420 510 ‚js-‚udi
447 474 486 516 0¹
511 473 576 507 0024
605 476 660 500 aut
686 483 731 512 5⁴³·
759 463 850 510 ‘5'th
877 467 977 508 &sta-..ll
1001 473 1086 510 &⁸2⁸3
1115 469 1240 499 Arabes
1270 470 1351 499 enim
1380 476 1453 509 post
1480 482 1595 503 vocem
1623 474 1753 504 articulo
1783 474 1944 504 definitam

148 545 262 566 vocem
289 529 382 576 &All
410 534 493 565 haud
518 536 666 564 omittere
695 534 811 563 solent.
843 534 876 563 ln
904 532 1013 563 codice
1039 531 1132 561 Τοῦτ.
1163 531 1274 561 eadem
1304 532 1414 570 verba,
1449 543 1530 572 quae
1559 536 1645 575 typis
1672 538 1830 576 impressa
1858 541 1944 575 sunt,

152 597 310 637 leguntur.

153 694 185 723 2.
228 693 387 722 Honorem
407 702 508 722 meum
531 693 640 730 opibus
663 701 818 727 conseri-o,
843 692 916 721 dum
939 701 1009 719 enm
1034 700 1096 719 mm
1121 700 1304 728 conspurco.
1339 692 1389 721 Ne
1404 693 1492 721 Deus
1516 692 1633 721 honore
1654 695 1769 721 amisso
1794 694 1947 731 beneficiis

959 746 1121 773 benedicat
1132 744 1146 773 !

266 815 302 846 Si
339 816 390 846 hic
427 824 546 845 versus
581 825 682 845 sensu
717 824 789 845 cum
829 814 934 854 priore
962 815 1126 852 cohaeret,
1155 822 1263 845 veram
1290 823 1382 853 opum
1413 815 1578 845 utilitatem
1607 815 1756 845 ostendit.
1814 816 1946 846 l'oetam

153 876 245 908 istius
273 875 427 907 commodi
457 886 495 905 se
523 876 706 916 participem
733 876 802 906 fieri
830 876 914 906 dicit.

153 973 186 1003 3.
212 972 296 1010 Opes
311 973 341 1000 si
349 975 492 1009 pereunt,
506 973 650 1001 remediis
666 972 813 1001 adhibitis
830 982 884 1001 eas
906 982 1058 1009 recupero
1065 983 1078 1010 ,⁶
1100 975 1151 1002 sin
1174 974 1295 1002 honore
1313 976 1404 1010 peril,
1423 984 1492 1003 eum
1516 984 1707 1011 recuperare
1728 985 1790 1004 non
1807 986 1947 1012 possum.

273 1041 440 1079 Quomodo
468 1042 593 1071 Arabes
620 1040 659 1071 de
687 1041 800 1080 opibus
827 1046 859 1070 et
888 1041 1008 1071 honore
1033 1044 1207 1083 senserint,
1235 1052 1276 1072 ex
1304 1044 1407 1073 multis
1436 1045 1615 1082 proverbiis
1643 1046 1798 1085 cognosci
1827 1049 1946 1084 potest.

155 1104 259 1134 conf.
285 1103 381 1133 Meid.
410 1104 447 1136 T.
474 1104 518 1133 111
545 1104 579 1134 P.
608 1103 639 1136 ².
669 1114 697 1143 p.
730 1103 792 1134 151
825 1113 893 1143 sqq.
923 1105 1009 1134 Loco
1038 1105 1129 1135 vocis
1156 1100 1267 1141 &⁸453
1296 1108 1326 1135 in
1354 1106 1510 1135 Mersukii
1538 1106 1647 1137 codice
1674 1103 1781 1143 ³252...ss
1814 1113 1867 1137 »et
1894 1117 1950 1138 eas

155 1168 306 1205 acquiro«
337 1165 462 1206 legitur.

956 1273 1157 1306 Lxxn.
1743 1280 1804 1318 (p.
1835 1278 1953 1319 aas.)

505 1338 890 1372 Alnlul-Alahsis
913 1339 953 1372 b.
977 1340 1196 1373 Son-aran
1220 1340 1435 1376 Cilahita
1459 1341 1598 1386 «lixit,

158 1421 186 1450 1.
231 1420 285 1450 Ad
302 1430 370 1450 eam
393 1417 589 1460 (camelam)
611 1423 696 1449 ciros
718 1422 895 1455 cont-ocari,
920 1422 954 1449 in
976 1430 1109 1459 quorum
1132 1422 1287 1456 manibus,
1301 1423 1386 1461 quod
1396 1432 1464 1452 eam
1481 1427 1618 1461 tempore
1634 1424 1746 1453 hiemis
1768 1428 1954 1463 mactarent,

930 1474 1062 1503 vulnera
1083 1478 1183 1503 erant.

270 1543 435 1574 Camelam
464 1552 556 1573 suam
584 1547 729 1582 tempore
760 1542 888 1581 hiemis,
922 1552 983 1582 quo
1018 1543 1162 1573 homines
1201 1545 1334 1583 penuria
1361 1544 1610 1586 adfligerentur,
1649 1547 1727 1577 viris
1757 1546 1954 1577 mactandam

157 1606 362 1635 concessisse
399 1611 516 1636 narrat.
582 1606 615 1635 ln
645 1606 785 1635 virorum
814 1605 957 1635 manibus
985 1605 1119 1634 vulnera
1146 1605 1249 1635 fuisse
1276 1605 1363 1647 dicit,
1391 1608 1483 1636 cuius
1513 1607 1558 1636 rei
1589 1616 1721 1638 causam
1759 1609 1955 1638 scholiastes

158 1666 280 1696 variam
317 1676 393 1697 esse
421 1676 519 1707 posse
546 1672 648 1707 putat.
707 1667 809 1698 Unam
837 1667 867 1697 in
894 1677 932 1697 eo
960 1677 1058 1706 esse,
1100 1666 1183 1707 quod
1210 1673 1340 1706 propter
1368 1666 1544 1697 vehemens
1575 1667 1677 1709 frigus
1703 1669 1783 1698 cutis
1811 1678 1957 1699 manuum

160 1730 252 1766 rupta
279 1727 339 1766 sit3
370 1727 429 1758 sed
455 1727 557 1769 frigus
584 1731 615 1758 in
651 1727 783 1758 Oriente
811 1732 874 1758 tam
903 1729 1128 1760 vehementem
1156 1740 1255 1770 esse,
1286 1735 1320 1759 ut
1346 1729 1376 1759 id
1403 1729 1469 1768 fiat,
1497 1730 1617 1771 dubito,
1647 1731 1777 1761 alteram
1805 1731 1834 1760 in
1862 1731 1957 1761 festi-

160 1790 297 1828 natione,
325 1791 387 1828 qua
414 1793 584 1820 mactatum
611 1789 722 1820 animal
750 1789 961 1831 dissecarent,
977 1793 1101 1822 tertiam
1129 1792 1262 1832 denique
1289 1794 1318 1823 in
1346 1802 1397 1833 eo,
1427 1792 1511 1833 quod
1538 1793 1568 1822 in
1597 1802 1694 1832 opere
1721 1793 1804 1823 haud
1831 1792 1957 1822 exerci-

162 1850 220 1880 tati
247 1855 370 1880 essent.
433 1850 512 1880 Mihi
551 1855 656 1882 autem
683 1861 780 1882 causa
813 1852 843 1882 in
870 1862 907 1883 eo
935 1854 1135 1893 potissimum
1163 1864 1239 1885 esse
1266 1855 1406 1895 videtur,
1435 1855 1517 1894 quod
1544 1855 1582 1884 ob
1610 1854 1713 1895 frigus
1741 1854 1871 1884 cultrum
1895 1862 1957 1882 non

161 1911 290 1942 firmiter
317 1917 472 1950 tenerent,
501 1917 535 1942 ut
565 1913 595 1942 in
622 1913 788 1943 mactando
815 1922 852 1943 se
871 1914 1088 1946 vulnerarent.

164 2007 195 2035 2.
241 2005 497 2046 Quotiescunque
518 2010 587 2037 eius
609 2004 792 2047 [camelae]
815 2017 942 2036 carnem
965 2012 1104 2038 assotum
1127 2011 1354 2047 desiderabant,
1375 2014 1423 2042 vir
1446 2011 1550 2051 aqilis,
1571 2013 1737 2049 yetzerosis
1758 2014 1902 2041 minister
1920 2014 1959 2041 iis

924 2073 992 2092 eam
1023 2064 1111 2100 adfer
1116 2064 1194 2092 ebat.

279 2127 519 2159 Liberalitatem
555 2129 715 2164 describit.
777 2131 862 2161 Fieri
891 2135 1017 2172 potest,
1047 2135 1078 2161 ut
1106 2132 1155 2162 vir
1181 2133 1273 2173 agilis
1301 2137 1415 2173 poetae
1443 2143 1581 2173 persona
1607 2135 1662 2174 sit,
1691 2137 1808 2175 quippe
1834 2135 1958 2164 Arabes

165 2190 286 2220 nobiles
313 2190 492 2230 hospitibus
515 2193 708 2234 ministrare,
735 2194 845 2223 honori
872 2194 931 2223 sibi
952 2193 1122 2224 ducebant.
1152 2195 1263 2225 Virum
1287 2195 1370 2225 illum
1398 2189 1516 2240 OQM
1539 2195 1733 2235 appellavit,
1761 2199 1793 2225 ut
1821 2195 1958 2225 studium

167 2255 197 2283 in
223 2253 427 2284 ministrando
457 2254 665 2296 significaret.

978 2367 1182 2400 Lxxlll.

917 2432 1059 2466 Anus
1081 2432 1218 2466 «lixit.

267 2512 395 2543 Versus
423 2511 485 2542 duo
515 2519 713 2556 sequentes;
739 2516 797 2546 sed
827 2516 933 2546 ordine
959 2518 1103 2557 inverso,
1134 2519 1163 2547 in
1194 2515 1351 2546 Mersukii
1380 2513 1489 2544 codice
1517 2522 1588 2543 cum
1617 2513 1774 2553 prioribus
1802 2515 1961 2544 coniuncti

169 2578 253 2603 sunt.
319 2574 435 2613 Neque
462 2584 580 2605 sensus
608 2585 711 2616 neque
742 2583 875 2608 metrum
908 2584 963 2609 aut
1001 2580 1283 2610 homoioteleutum
1319 2576 1528 2607 coniunctioni
1567 2576 1705 2605 obstant.
1758 2575 1793 2605 In
1827 2575 1962 2606 'l'ebrisii

171 2634 290 2665 codicis
318 2636 461 2677 margine
489 2636 584 2678 lego,
611 2647 700 2678 esse,
728 2640 779 2678 qui
809 2649 924 2670 versus
953 2641 1021 2671 viro
1049 2651 1067 2671 e
1094 2645 1189 2682 gente
1220 2638 1308 2669 Asad
1336 2637 1468 2668 oriundo
1495 2638 1641 2668 tribuant.
