2155 2892
937 129 1207 160 —144—

170 236 243 262 ante
270 241 360 270 quam
387 240 453 260 vox
479 231 580 271 03&
606 228 738 271 gladii
765 228 944 269 supplenda
973 233 1036 269 est,
1064 233 1210 268 tanquam
1238 228 1385 258 subiecto
1408 229 1660 269 coniungentium
1687 235 1749 268 est,
1777 234 1829 262 cui
1857 235 1963 262 nomi—

166 295 291 324 nativus
318 294 498 324 conveniat.
552 294 675 323 Beatus
712 293 751 323 de
789 293 918 333 Sacyus
957 295 988 323 in
1016 301 1078 321 uno
1106 294 1246 333 codice,
1275 300 1365 330 quem
1393 291 1590 332 inspexerit,
1618 301 1675 321 nec
1702 302 1763 322 non
1789 294 1819 323 in
1847 295 1965 325 codice

169 356 384 386 commentarii
412 353 620 385 Abu-l'Fathi
648 355 911 394 (Ebu-Djinnii)
940 354 1055 391 “5³:²0
1086 363 1166 385 »nos
1194 356 1348 384 matutino
1383 358 1524 392 tempore
1561 354 1757 384 invasimus«
1793 366 1830 385 se
1870 357 1968 386 inve-

170 419 258 448 nisse
283 417 460 456 adnotavit,
488 423 520 448 et
547 419 576 447 in
605 418 762 448 Mersukii
788 417 907 448 codicis
935 418 1077 458 margine
1104 417 1153 447 sic
1179 426 1235 456 pro
1266 426 1349 447 voce
1377 423 1494 461 &sm-0
1511 417 1696 456 corrigenda
1724 418 1878 457 scriptum
1893 424 1955 449 est.

167 481 238 510 Hoc
266 485 395 520 recepto
422 491 488 511 vox
515 479 634 525 υἱῷ)...
661 487 713 512 est
740 491 795 521 pro
826 481 978 523 &mr-3·
1031 482 1158 511 'l'enues
1187 485 1293 509 autem
1320 478 1414 518 gladii
1441 483 1591 508 secantes
1620 479 1794 520 designaut.
1843 481 1965 510 Poste-

164 542 257 572 rioris
285 543 395 583 partis,
425 539 507 583 quae
535 544 621 574 clara
645 553 707 573 non
733 549 797 582 est,
824 553 954 574 sensum
981 544 1174 573 scholiastes
1200 542 1359 580 dubitans,
1387 540 1435 569 sic
1463 539 1674 571 definiendum
1703 543 1852 580 putavit:
1902 543 1966 582 lpsi

168 611 292 645 poetam
318 606 422 636 dicere
451 607 572 648 videri,
612 606 773 647 artifices,
813 608 863 646 qui
892 606 1017 647 gladios
1045 605 1228 642 cudissent,
1265 613 1376 644 regum
1404 603 1539 643 nomina,
1565 603 1594 632 in
1621 613 1751 643 quorum
1779 615 1870 636 usum
1902 610 1965 636 aut

173 677 302 707 quorum
329 673 473 708 tempore
500 669 577 698 sacti
605 669 686 707 sint,
726 669 764 698 iis
794 670 1010 708 inscripsisse.
1064 668 1145 698 Voci
1172 666 1249 711 ὀξὺ)
1277 666 1393 696 radicis
1429 676 1488 695 seu
1516 667 1647 707 originis
1675 668 1868 708 significatio
1897 672 1962 708 est,

171 734 205 760 et
232 726 307 773 1205)
330 728 385 770 »ὁ
414 731 432 759 ii
462 740 538 760 esse
564 730 732 770 videntur,
772 741 901 770 quorum
930 732 1020 760 iussu
1049 739 1143 760 enses
1172 730 1248 760 sacti
1284 734 1369 758 sunt.
1424 728 1515 767 Quod
1551 739 1628 759 vero
1662 730 1700 760 ad
1734 740 1850 760 vocem
1876 729 1965 770 [9323

169 792 308 833 adtinet,
337 792 525 822 scholiastes
554 802 623 823 cuni
652 803 731 823 voce
757 793 797 832 ,ὁ
824 798 856 823 et
884 794 992 823 formis
1026 793 1097 822 inde
1138 793 1292 822 derivatis
1330 801 1501 831 pronomen
1534 791 1618 821 haud
1657 793 1764 822 solere
1801 794 1962 834 coniungi,

167 855 350 897 adnotavit3
378 857 446 892 sed,
474 858 503 886 si
523 856 616 886 huius
644 866 758 886 versus
786 861 896 886 auctor
913 857 1019 885 Arabs
1039 856 1182 886 disertus
1202 857 1254 894 sit,
1282 857 1369 886 metri
1391 857 1583 887 necessitate
1602 867 1667 886 rem
1686 858 1833 887 excusari
1853 867 1961 897 posse.

169 918 309 949 Causam
338 922 450 958 autem,
478 929 534 949 cur
562 929 622 948 non
650 922 723 949 item
750 917 821 959 “5:⁹3
848 923 881 949 ut
907 915 972 959 “535
1003 929 1061 948 »os
1091 925 1200 950 tuum«
1234 921 1375 961 dicatur,
1414 920 1509 950 talem
1537 930 1612 950 csse
1639 921 1723 951 vult:
1763 921 1885 950 Vocem
1901 923 1962 971 35,

171 981 232 1010 etsi
260 990 334 1019 pars
362 981 431 1010 eius
461 982 586 1012 abiecta
613 982 667 1022 sit,
696 987 801 1012 tamen
829 993 863 1012 re
890 992 968 1012 vera
996 991 1108 1011 nomen
1135 982 1346 1021 metonymiae
1375 981 1500 1020 (conf.
1521 981 1630 1012 Grani.
1647 982 1703 1010 Ar.
1718 982 1755 1010 T.
1771 982 1793 1011 1.
1810 992 1839 1021 p.
1859 981 1960 1020 434.)

170 1041 250 1072 haud
276 1042 437 1081 particeps
465 1053 541 1072 esse
569 1048 600 1073 et
628 1044 710 1074 hauc
739 1045 778 1074 ob
805 1054 935 1074 causam
963 1053 1135 1083 pronomen
1159 1053 1227 1073 cum
1257 1054 1295 1073 ea
1322 1044 1471 1085 coniungi
1506 1044 1611 1074 licere.
1664 1044 1764 1074 Vocis
1793 1049 1897 1074 autem
1925 1043 1961 1083 ,ὁ

166 1103 320 1132 rationem
348 1104 508 1135 diversam
537 1115 623 1135 esse.
677 1106 762 1136 Esse
791 1107 1027 1146 metonymiam,
1056 1117 1119 1146 qua
1144 1117 1195 1137 res
1224 1107 1472 1148 significaretur,
1504 1108 1727 1154 Avrabibusque
1754 1107 1834 1137 duas
1855 1112 1960 1137 meto-

168 1166 291 1204 nymias
319 1167 465 1207 coniungi
482 1164 507 1209 ¹)
533 1168 617 1197 haud
644 1168 779 1207 placere.
835 1168 1005 1198 Praestare
1032 1173 1138 1198 autem
1165 1169 1223 1199 dici
1249 1165 1346 1208 elxd,
1383 1178 1475 1208 quam
1504 1169 1566 1199 dici
1592 1165 1682 1208 ὤμ’),
1720 1171 1835 1209 quippe
1870 1170 1960 1200 vocis

167 1228 216 1257 vis
244 1228 351 1258 addita
380 1229 486 1259 littera
508 1247 526 1269 5
556 1231 586 1259 in
613 1231 725 1269 plurali
752 1236 845 1261 aucta
871 1232 923 1261 sit.

248 1292 410 1321 Versuum
428 1301 559 1322 causam
576 1292 669 1322 talem
684 1293 786 1322 fuisse
802 1297 939 1323 narrant.
969 1293 1149 1333 Djowajjus
1165 1293 1213 1323 vir
1229 1293 1267 1323 ad
1280 1298 1410 1334 gentem
1424 1294 1593 1325 Mosainah
1611 1296 1772 1334 pertinens
1788 1294 1826 1324 ad
1842 1299 1960 1335 gentes

167 1352 238 1381 Aus
255 1357 288 1382 ct
301 1352 458 1392 Chesredj
476 1358 629 1394 tempore,
651 1363 711 1393 quo
727 1360 920 1395 pugnarent,
935 1358 1095 1385 transiens
1111 1365 1182 1386 cum
1197 1360 1295 1396 gente
1311 1356 1392 1395 Ans,
1413 1357 1500 1386 cuius
1515 1366 1596 1397 gens
1612 1356 1781 1386 Mosainah
1795 1356 1959 1387 foederata

166 1420 267 1457 esset,
282 1426 316 1446 se
329 1417 546 1446 coniunxerat.
565 1416 627 1455 Qui
641 1427 735 1456 quum
752 1419 816 1447 telo
835 1418 1004 1448 confossus
1020 1419 1150 1460 iaceret,
1166 1419 1327 1448 'rsabetus
1345 1419 1373 1448 b.
1390 1419 1572 1449 Almondsir
1586 1420 1614 1450 b.
1631 1421 1752 1459 Hisam,
1766 1424 1857 1458 pater
1870 1421 1960 1450 Has-

165 1478 235 1508 saui
250 1484 364 1518 poetae
375 1476 414 1521 ⁹),
431 1480 590 1509 transiens
611 1490 682 1510 eum
700 1480 746 1510 sic
765 1480 919 1518 allocutus
940 1487 1007 1512 est:
1032 1482 1058 1513 O
1074 1477 1268 1512 Mosainital
1285 1482 1355 1521 quid
1372 1483 1401 1512 in
1419 1483 1499 1512 hanc
1516 1482 1727 1512 calamitatem
1749 1487 1780 1512 te
1796 1479 1958 1513 coniecit?

165 1551 222 1580 per
235 1536 354 1570 Deum!
383 1546 416 1571 tu
437 1541 476 1571 ad
496 1547 625 1582 gentem
649 1543 801 1581 pertines,
823 1552 901 1581 quae
917 1548 1022 1574 tenon
1039 1544 1190 1574 defendit.
1220 1545 1430 1575 Moribundus
1444 1551 1550 1576 autem
1568 1545 1746 1584 Djowajjus
1762 1544 1867 1584 capite
1882 1545 1959 1574 snb-

166 1603 230 1633 lato
247 1603 429 1643 respondit:
459 1604 521 1634 Per
536 1605 638 1634 Deum
653 1605 734 1643 iuro,
753 1615 770 1634 e
788 1604 930 1635 vestrum
946 1616 1076 1636 numero
1093 1608 1316 1648 quinquaginta
1335 1608 1422 1637 viros
1443 1609 1566 1638 occisos
1583 1609 1630 1647 iri,
1657 1609 1738 1638 inter
1757 1617 1838 1648 quos
1854 1617 1959 1647 neque

166 1668 355 1697 monoculus
383 1677 488 1707 neque
515 1668 648 1698 claudus
676 1669 745 1698 erit.
801 1668 891 1707 Quae
917 1670 1017 1699 verba
1045 1680 1140 1710 quum
1168 1670 1207 1700 ad
1236 1675 1352 1700 terram
1382 1669 1489 1700 Ahmk
1500 1668 1542 1711 ³),
1571 1673 1732 1710 regionem
1761 1670 1866 1710 gentis
1882 1670 1959 1700 Mo-

167 1729 298 1770 sainah,
332 1731 456 1769 perlata
483 1736 613 1771 essent,
645 1741 725 1771 gens
754 1733 792 1761 ob
820 1733 920 1762 verba
948 1733 1079 1763 Tsabeti
1113 1732 1253 1762 excitata
1281 1736 1340 1761 est.
1395 1732 1555 1762 'l‘sabetus
1583 1737 1687 1762 autem
1713 1733 1828 1762 certior
1857 1731 1959 1763 factus

166 1791 205 1820 de
232 1791 373 1822 adventu
400 1792 507 1832 gentis
540 1793 709 1823 Mosainah
737 1793 865 1823 caedem
893 1794 1046 1834 Djowajji
1072 1794 1198 1824 ulturae
1225 1794 1303 1824 dixit
1330 1794 1440 1832 (metr.
1469 1795 1619 1833 Basith):
1658 1794 1773 1825 Gens
1801 1795 1956 1824 Mosai-

167 1853 243 1882 nah
271 1863 288 1883 e
314 1855 500 1895 regione
528 1856 675 1896 Ahmk,
712 1859 751 1885 ut
786 1861 991 1886 terrorem
1026 1857 1147 1886 nobis
1176 1857 1416 1892 incuteret,
1454 1856 1586 1885 veuit.
1640 1856 1773 1896 Fuge,
1809 1866 1826 1885 o
1853 1866 1956 1897 gens

166 1913 402 1947 Mosainahl
430 1919 536 1948 etin
563 1919 710 1958 podice
737 1924 808 1949 tuo
838 1919 956 1949 funes
983 1924 1086 1949 sunt
1114 1919 1151 1957 (i.
1179 1928 1206 1947 c.
1236 1918 1265 1946 iu
1293 1916 1406 1955 podice
1431 1916 1597 1946 vulnerata
1632 1917 1697 1955 es).
1763 1916 1854 1948 Gens
1881 1919 1957 1947 Μο-

165 1978 277 2007 sainah
303 1979 332 2007 iu
359 1980 429 2009 loco
460 1981 581 2010 Boahis
602 1982 652 2019 (et
669 1981 750 2009 Cal-ta
774 1981 857 2020 quod
884 1982 942 2011 loci
970 1990 1081 2010 nomen
1110 1989 1210 2019 prope
1239 1978 1398 2008 medinam
1426 1978 1498 2018 siti)
1526 1987 1696 2007 occurrens
1724 1989 1839 2019 magna
1868 1980 1956 2010 clade

165 2048 221 2068 eos
250 2038 374 2069 adflixit
393 2045 425 2069 et
444 2029 614 2071 'l'sabetu'm
631 2043 657 2072 b.
672 2043 856 2072 Alinondsir
872 2043 1036 2081 captivum
1050 2041 1136 2072 fecit.
1165 2042 1378 2071 Mokarreuus
1394 2045 1500 2070 autem
1523 2040 1550 2070 b.
1574 2039 1724 2081 Ghajids,
1752 2042 1859 2082 gentis
1877 2042 1954 2083 dux,

164 2110 201 2130 se
229 2111 299 2131 euni
327 2103 386 2132 nisi
414 2104 514 2142 pretio
543 2104 618 2134 hirci
646 2105 727 2145 nigri
754 2105 897 2134 cornibus
925 2104 1062 2134 carentis
1091 2104 1221 2133 liberum
1248 2103 1447 2133 dimissurum
1477 2112 1553 2132 esse
1579 2103 1705 2133 iuravit.
1749 2104 1954 2134 Medineuses
1986 2135 1989 2136 γ

164 2158 232 2200 (1).
247 2160 380 2201 4³3.)
425 2176 465 2195 ex
492 2176 530 2196 eo
559 2167 635 2197 iram
664 2169 876 2207 concipientes
904 2176 941 2196 se
970 2177 1032 2197 rem
1052 2167 1197 2196 facturos
1227 2175 1303 2195 esse
1330 2170 1498 2206 negarunt.
1551 2166 1712 2195 'rsabetus
1738 2166 1836 2206 igitur
1853 2166 1948 2196 dixit:

182 2279 210 2309 1)
231 2280 398 2303 scholiastes
419 2281 499 2311 igitur
518 2287 664 2310 pronomen
685 2281 807 2311 vocibus,
826 2287 889 2311 quas
908 2280 1075 2311 grammatici
1094 2270 1198 2302 &blais
1217 2278 1347 2308 appellat,
1358 2280 1514 2303 adnumerat
1533 2279 1620 2303 conf.
1632 2278 1777 2307 (ἱππικὴ.
1787 2277 1816 2300 Τ.
1827 2277 1846 2300 1.
1858 2277 1953 2306 p.430.

180 2330 210 2357 2)
231 2330 360 2359 Tempore
381 2331 486 2354 Olunari
505 2332 675 2362 grandaevus
695 2334 762 2363 erat,
781 2335 808 2355 ut
827 2332 966 2356 oculorum
987 2338 1060 2354 usum
1081 2337 1133 2353 uon
1155 2330 1267 2359 amplius
1287 2330 1395 2354 haberet
1419 2331 1508 2354 conf.
1533 2331 1683 2355 Chrestom.
1706 2334 1789 2352 meam
1809 2332 1951 2359 grammat.

230 2381 321 2404 histor.
341 2389 363 2412 p.
383 2375 418 2405 v?
437 2388 475 2411 sq.

181 2429 210 2458 3)
230 2431 314 2453 Ahmk
335 2432 407 2462 regio
428 2434 468 2455 est
487 2432 554 2455 inter
573 2432 738 2455 Antiochiam
750 2449 758 2461 ‚
787 2432 952 2463 Baghrasum
978 2433 1003 2454 et
1031 2432 1170 2454 Haremum
1195 2429 1301 2452 ditionis
1320 2430 1413 2453 Halebi
1432 2430 1457 2454 in
1475 2430 1561 2453 latere
1579 2428 1739 2453 occidentali
1758 2428 1868 2453 circiter
1882 2431 1950 2454 duo—

231 2487 285 2503 rum
306 2482 407 2505 dierum
425 2484 511 2513 spatio
530 2486 634 2506 remota
652 2484 738 2507 conf.
754 2483 880 2507 Abulsed.
892 2484 992 2514 Geogr.
1010 2490 1035 2514 p.
1053 2476 1079 2506 1⁹5
1091 2497 1098 2505 ·
1133 2480 1163 2503 In
1184 2480 1294 2502 Kamusi
1313 2487 1391 2510 opere
1410 2480 1582 2510 distinguitur
1599 2479 1667 2502 inter
1685 2479 1773 2502 locum
1793 2483 1838 2504 aut
1856 2486 1950 2509 aquam

230 2530 305 2553 huius
325 2532 437 2555 nominis
456 2532 481 2555 in
499 2533 600 2556 ditione
619 2534 706 2563 gentis
724 2533 865 2557 Mosaiuah
883 2536 911 2556 et
930 2533 1002 2555 illam
1022 2532 1156 2562 regionem
1176 2531 1201 2554 in
1221 2531 1319 2554 ditione
1338 2531 1442 2554 Halebi.
1477 2529 1529 2554 Sed
1547 2536 1624 2560 quum
1643 2529 1769 2553 distantia
1780 2530 1830 2553 loci
1844 2536 1950 2561 pugnae

231 2577 306 2599 nimis
326 2578 407 2608 longa
426 2579 556 2609 videatur,
574 2580 633 2602 alibi
654 2580 787 2609 regionem
807 2579 883 2602 sitam
903 2578 996 2607 fnisse,
1017 2578 1061 2600 vix
1081 2576 1194 2601 dubitari
1220 2579 1313 2606 potest.
1356 2577 1384 2599 Iu
1404 2575 1514 2599 Kamusi
1534 2581 1612 2603 opere
1631 2581 1688 2597 esse
1708 2580 1804 2597 nomeu
1823 2575 1903 2598 vallis
1921 2575 1948 2599 in

230 2622 328 2646 ditione
347 2622 446 2655 Thajefi
466 2625 595 2655 legimus,
615 2632 681 2655 quae
701 2625 783 2649 vallis
802 2625 894 2649 melius
913 2624 1085 2653 conveniret3
1109 2624 1155 2647 sed
1175 2624 1294 2654 pluribus
1314 2623 1382 2647 locis
1401 2627 1539 2646 commune
1559 2626 1653 2643 nomen
1673 2623 1722 2643 est.
