2155 2892
886 149 1155 180 -546—

958 243 1077 277 XXI.

549 311 791 345 Allnosain
819 311 858 346 b.
879 309 1104 345 hlothan·
1125 308 1333 343 Asadita
1356 308 1494 343 dixit.

941 382 1022 413 conf.
1051 381 1111 411 fta.

126 458 154 488 1.
199 457 244 486 Ei
265 457 331 486 dies
352 458 522 495 infortunii
541 459 602 491 est,
635 458 668 484 in
697 465 757 494 quo
787 455 964 484 hominibus
986 454 1163 493 infortunia
1190 456 1268 482 sunt
1288 455 1321 482 et
1341 453 1408 481 dies
1429 453 1577 491 beneficii,
1602 454 1635 482 in
1655 462 1715 492 quo
1745 454 1923 483 hominibus

910 511 1057 548 beneficia
1082 510 1143 537 dat.

226 581 343 610 Totum
370 584 498 619 tempus
525 580 613 609 vitae
640 579 700 609 viri
726 579 756 609 in
783 579 860 610 duas
886 584 997 618 partes
1025 578 1147 617 dividit,
1172 577 1202 606 in
1230 576 1322 606 cuius
1351 585 1412 605 una
1439 580 1528 614 parte
1555 576 1668 606 hostes
1697 577 1798 615 punit,
1819 576 1921 606 altera

131 644 240 674 amicis
259 642 427 673 benefacit.
458 642 535 671 Dies
562 642 724 671 infortunii
753 646 786 671 et
814 641 883 670 dies
911 640 1053 670 beneficii
1083 639 1122 670 ad
1149 639 1312 668 historiam
1336 638 1424 678 regis
1442 638 1635 668 Almondsiri
1664 639 1692 667 b.
1721 639 1922 668 Mai-ssema

129 711 282 747 spectare
309 705 470 735 videntur.
517 705 589 734 Duo
616 704 697 733 enim
726 703 793 732 dies
821 708 923 743 erant,
951 711 1033 732 unus
1060 702 1232 741 infaustus,
1262 701 1340 730 alter
1369 700 1457 741 felix,
1484 701 1523 730 ab
1548 701 1611 730 isto
1639 711 1717 742 rege
1740 699 1922 741 constituti,

127 769 158 798 in
186 777 317 807 quorum
354 767 458 806 priore
497 766 673 795 adveniens
712 764 940 804 trucidabatur7
982 764 1161 803 posteriore
1201 761 1367 792 beneficiis
1395 762 1575 792 ornabatur.
1636 763 1755 792 Horum
1790 771 1920 792 causam

127 834 245 860 auctor
271 828 339 858 libri
370 825 646 867 Citab-Alaghani
683 824 732 863 (in
759 825 894 855 articulo
926 824 1050 854 Olibaid
1078 826 1107 855 b.
1137 825 1296 864 Alabraz)
1325 825 1371 855 sic
1398 825 1558 855 narravit:
1595 824 1680 866 Regi
1707 825 1810 855 fuisse
1836 825 1916 855 duos

127 895 332 930 compotores
360 899 378 918 e
405 892 502 930 gente
530 888 619 917 Asad
647 887 809 927 oriundos7
826 897 959 928 quorum
987 897 1069 917 unus
1098 887 1219 918 Chaled
1244 888 1273 917 b.
1294 887 1515 926 Almodhallel‚
1544 888 1624 917 alter
1653 887 1773 917 Ahmru
1800 887 1918 917 b.Ma-

132 952 214 983 sudh
231 952 259 981 b.
276 951 398 982 Celdah
427 950 649 990 appellaretur.
677 950 738 988 Qui
759 960 853 989 quum
875 959 1022 980 sermone
1052 951 1140 991 regis
1169 951 1244 980 iram
1271 953 1482 988 excitassent,
1511 960 1593 989 eum,
1622 955 1657 980 ut
1679 951 1709 979 in
1735 949 1831 980 fovea
1843 954 1917 980 ante

127 1019 236 1055 portas
264 1011 336 1056 (pro
357 1009 419 1057 :42⁷³
446 1017 521 1052 puto
546 1009 622 1056 59¹2&
648 1012 838 1054 legendum)
855 1013 953 1042 Hirae
980 1012 1201 1052 sepelirentur,
1230 1013 1418 1051 imperasse.
1446 1011 1505 1042 Rei
1526 1016 1676 1052 peractae
1700 1016 1804 1042 autem
1825 1020 1918 1050 quum

127 1087 199 1107 eum
227 1076 451 1116 poenituisset,
471 1086 541 1106 eum
569 1076 760 1117 imperasse,
786 1080 820 1105 ut
847 1085 945 1115 super
972 1076 1010 1105 iis
1038 1076 1188 1114 templum
1216 1075 1338 1105 duabus
1365 1075 1434 1105 deis
1459 1075 1605 1105 maximis
1633 1079 1794 1105 sacratum
1810 1071 1834 1115 ¹)
1861 1083 1922 1103 ex‹

128 1144 317 1170 strueretur.
370 1139 416 1168 Ibi
449 1138 617 1177 quotannis
653 1137 774 1169 duobus
809 1139 941 1180 diebus,
980 1148 1041 1169 uno
1071 1139 1231 1176 infausto,
1260 1137 1360 1168 altero
1394 1137 1505 1178 felice,
1548 1147 1658 1178 regem
1684 1136 1818 1166 sedisse.
1858 1134 1922 1172 Qui

128 1203 177 1233 die
204 1203 341 1232 infausto
379 1201 419 1232 ad
450 1211 522 1231 eum
549 1201 686 1241 veniret,
714 1201 820 1239 capite
847 1202 990 1231 animalis
1016 1202 1098 1242 nigri
1125 1198 1221 1248 Uib-m
1248 1200 1397 1239 appellati
1424 1199 1573 1229 donatum
1601 1199 1794 1229 trucidatum
1831 1206 1920 1236 esse,

131 1265 201 1296 dum
230 1266 300 1295 eius
327 1265 487 1306 sanguine
514 1265 602 1294 coi-vi
629 1264 860 1305 instigareutur
886 1259 1006 1308 (Ol-'5³²3
1032 1268 1113 1301 uoq
1141 1264 1254 1307 ἐμὲ).
1284 1263 1408 1293 Primus
1446 1267 1552 1292 autem
1578 1262 1639 1291 isto
1667 1261 1717 1291 die
1745 1259 1869 1290 Ohbaid
1896 1259 1925 1288 b.

128 1328 268 1358 Alabraz
295 1327 334 1357 ad
365 1337 435 1356 eum
465 1329 597 1356 venisse
624 1331 770 1356 narratur
797 1325 914 1364 (Meid.
943 1325 980 1355 C.
1013 1326 1044 1364 1,
1073 1326 1129 1356 57.
1157 1327 1196 1364 11,
1227 1326 1295 1355 128
1324 1326 1381 1365 VI,
1409 1325 1430 1355 2
1460 1326 1516 1366 lx,
1546 1325 1578 1354 9.
1632 1324 1724 1353 Diem
1751 1322 1922 1352 infaustum

127 1400 146 1420 a
180 1390 350 1420 Nohmano
384 1389 412 1418 b.
442 1388 644 1429 Almondsir,
683 1397 778 1427 quum
812 1397 850 1417 se
885 1387 1103 1418 Christianum
1137 1388 1292 1429 fecisset,
1328 1388 1518 1429 abrogatum
1552 1395 1630 1416 esse
1664 1388 1792 1415 narrant.
1825 1383 1922 1414 Meid.

128 1451 165 1482 C.
197 1451 228 1492 1,
256 1450 338 1481 361.

129 1550 160 1578 2.
203 1550 264 1578 Die
295 1549 494 1577 liberalitatis
523 1558 540 1577 e
567 1557 663 1577 manu
691 1547 799 1585 pluria
827 1548 979 1576 donorum
1009 1548 1142 1587 decidit,
1178 1548 1228 1577 die
1256 1548 1424 1586 infortunii
1453 1557 1470 1576 e
1499 1555 1596 1575 manu
1624 1547 1793 1582 sanguinis
1817 1545 1926 1582 pluvia

936 1603 1116 1632 demittitur.

128 1659 160 1687 3.
204 1657 243 1687 Si
264 1658 312 1685 die
333 1658 501 1694 infortunii
522 1659 631 1684 contra
652 1655 793 1684 homines
812 1664 946 1692 poenam
969 1658 1132 1692 emisisset,
1157 1658 1190 1685 in
1211 1659 1298 1685 terra
1316 1659 1462 1693 peccator
1484 1655 1573 1683 lumel
1593 1653 1818 1688 remansisset,-

129 1714 161 1742 4.
206 1711 266 1742 Sin
288 1721 359 1740 vero
382 1712 431 1738 die
454 1710 650 1739 liberalitatis
672 1709 837 1737 dexteram
860 1709 956 1738 libere
978 1710 1159 1748 dimisisset,
1184 1712 1217 1738 in
1239 1713 1325 1739 terra
1345 1720 1468 1747 pauper
1490 1710 1621 1738 relictus
1644 1717 1707 1737 non
1730 1710 1822 1736 esset.

229 1781 326 1811 Hisce
360 1779 509 1809 versibus
537 1778 625 1817 primi
652 1787 770 1807 versus
798 1787 916 1807 sensus
944 1778 1128 1808 illustratur.
1181 1779 1373 1809 Liberalitas
1411 1784 1443 1808 et
1478 1778 1685 1808 beneficentia
1718 1787 1788 1808 cum
1818 1776 1925 1816 pluvia

130 1854 229 1884 saepe
257 1847 481 1882 comparantur
507 1841 619 1871 conf.
649 1841 742 1870 Ham.
775 1842 808 1870 ‘m
845 1850 876 1870 v.
916 1841 946 1870 1.
974 1841 1103 1871 Vullers
1133 1842 1173 1872 ad
1200 1842 1331 1871 Harets.
1359 1840 1468 1871 Moall.
1495 1850 1528 1870 v.
1555 1840 1613 1870 57.
1651 1841 1782 1870 Manum
1817 1844 1924 1869 autem

131 1916 200 1937 cum
227 1907 310 1936 nube
337 1904 468 1936 contulit
495 1903 604 1934 cons.
634 1904 727 1933 Ham.
757 1904 820 1934 ΜΡ*
845 1911 878 1935 v.
906 1902 938 1932 7.
966 1906 998 1931 et
1025 1901 1070 1932 ῖἫ
1099 1912 1131 1932 v.
1164 1903 1193 1933 1.

951 1996 1093 2030 xxll.

183 2066 651 2101 Abu-PThamalnan
674 2063 885 2097 Kainita
909 2062 1046 2106 dixit,
1071 2063 1148 2096 eui
1172 2072 1350 2097 nomen
1373 2062 1627 2104 Sel-arkijj
1655 2063 1692 2096 Ι».
1715 2062 1874 2096 flent-

880 2119 1019 2150 selah
1055 2119 1177 2151 erat.

901 2187 974 2208 con
985 2177 1006 2208 f.
1035 2187 1065 2217 p.
1092 2187 1152 2206 οοΛ.

130 2252 159 2282 1.
204 2251 307 2287 Quum
327 2252 458 2279 dicitur:
481 2249 655 2280 Cuiusnam
676 2249 812 2277 hominis
831 2258 912 2286 qens
933 2251 1048 2286 optima
1071 2252 1119 2277 est
1140 2251 1171 2276 et
1192 2249 1262 2286 quis
1282 2249 1452 2285 patientior
1473 2249 1521 2276 est
1541 2247 1600 2283 die,
1624 2248 1715 2276 cetius
1736 2247 1847 2276 stellae
1867 2255 1922 2274 oc-

857 2301 994 2330 cultatae
1015 2310 1079 2329 non
1101 2300 1204 2330 sunt?

240 2374 383 2404 Laudem
410 2372 516 2414 gentis
545 2372 626 2401 Lam
662 2371 690 2401 b.
718 2371 841 2400 Ahmru
869 2378 1077 2408 praepal'anS,
1105 2369 1249 2399 homines
1274 2368 1512 2410 interrogantes
1539 2369 1643 2410 fingit,
1670 2368 1794 2408 quinam
1822 2368 1924 2397 nobil-

130 2435 247 2468 lissimo
281 2445 401 2478 genere
435 2435 568 2475 oriundi,
596 2434 649 2474 qui
676 2432 837 2463 fortissimi
872 2432 903 2461 iu
939 2441 1047 2474 pugna
1073 2432 1147 2462 sint.
1175 2431 1250 2461 Vox
1277 2443 1326 2477 vd
1353 2431 1435 2461 diem
1461 2440 1590 2472 pugnae
1617 2430 1764 2470 designat
1791 2433 1823 2459 et
1850 2429 1922 2459 inde

130 2498 252 2539 proelia
279 2497 486 2527 celeberrima
511 2497 651 2527 Arabum
677 2496 803 2526 nomine
829 2491 924 2542 fkg'til
952 2494 1112 2534 appellata
1138 2497 1222 2523 sunt·
1275 2494 1351 2524 Vox
1377 2496 1472 2537 &ab-'⁸
1498 2497 1554 2523 aut
1580 2501 1650 2522 cum
1676 2492 1780 2522 vocali
1806 2491 1921 2530 Fatha,

148 2640 173 2670 1)
195 2639 238 2662 Sic
258 2645 309 2662 vox
329 2640 442 2662 obscura
459 2630 584 2679 cti-³525>
601 2638 631 2661 de
650 2645 702 2668 qua
720 2639 821 2669 dubito,
839 2639 957 2663 fortasse
974 2637 1150 2668 intelligenda
1169 2641 1218 2662 est.
1254 2638 1346 2662 Dualis
1364 2638 1451 2661 forma
1470 2635 1566 2660 iterum
1585 2641 1608 2664 p.
1629 2629 1661 2659 Η·
1680 2634 1807 2658 occurrit.
