2155 2892
870 107 1041 138 —664
1100 123 1139 129 —

103 210 135 238 2.
178 207 276 244 Quem
306 211 338 235 in
365 207 462 234 medio
491 205 572 242 Iing'
598 206 699 243 fracti
730 204 828 238 vides,
868 213 905 232 ac
932 205 963 232 si
989 205 1021 231 in
1050 206 1138 240 terqo
1168 204 1237 232 eius
1266 202 1391 232 lacerae
1425 206 1520 233 vestis
1550 203 1641 234 lineis
1664 204 1742 235 albis
1763 208 1893 236 stricatae

896 259 1005 293 partes
1026 258 1104 285 sint.

213 329 403 367 Serpentem
431 326 593 358 describit.
653 327 683 356 Is
718 326 800 356 iuter
826 326 912 367 ligna
940 324 1028 355 arida
1049 325 1148 365 jacet.
1211 326 1302 358 Cutis
1340 328 1524 369 serpent1s7
1552 337 1646 368 quam
1672 333 1789 368 mutat,
1825 341 1896 362 cum

104 393 210 422 lacera
241 395 337 419 veste
371 389 496 428 punctis
535 387 614 418 albis
648 389 800 419 distincta
838 388 968 420 confert.
1031 390 1105 420 Vox
1137 392 1230 431 §.j-,iao
1266 400 1284 420 a
1314 400 1397 421 voce
1424 393 1506 432 *32³2-
1538 393 1601 431 qua
1629 397 1744 431 puncta
1770 394 1841 423 alba
1869 395 1898 423 in

105 454 232 495 ungulis
262 454 409 482 iuvenum
439 451 659 492 designantur,
688 451 833 482 derivata
861 462 997 492 pannum
1029 453 1152 491 punctis
1179 453 1257 483 albis
1285 451 1466 483 distinctum
1495 453 1666 494 significat.
1720 456 1754 484 In
1781 456 1894 485 arbore

96 517 170 560 sian
197 515 354 554 appellata
380 515 453 555 φέρ’
480 522 530 544 res
550 513 619 543 alba
638 523 697 544 seu
714 523 848 554 granum
867 513 968 543 album
987 513 1085 543 fuisse
1098 514 1219 545 dicitur.
1246 514 1383 545 Videtur
1406 514 1508 546 fuisse
1527 517 1717 547 saccharum
1744 527 1895 555 amarum,

104 578 188 618 quod
219 588 261 608 ex
288 577 420 607 floribus
449 581 483 606 et
509 576 603 606 ramis
637 575 786 606 exsudat.
816 575 947 605 Vestem
975 584 1040 605 cum
1067 580 1140 606 cute
1165 576 1326 616 serpentis
1346 576 1488 607 inversu
1514 583 1668 617 sequente
1682 585 1896 617 comparatum

104 636 558 683 invenimus(metr.Basith):
579 638 909 668 Abu-Kabusus
934 643 1062 668 veste
1087 639 1246 669 striata
1267 649 1322 669 me
1349 640 1539 670 vestivit
1565 641 1696 671 simili
1724 642 1899 672 cutibus

102 709 346 744 serpentum
374 704 660 733 iuvencorum
688 701 913 731 detractis.
939 702 1096 732 Fortasse
1124 705 1226 732 cutem
1253 703 1416 742 serpentis
1443 707 1568 741 ruptam
1595 713 1672 734 esse
1699 705 1769 734 vult
1788 704 1896 734 conf.

104 776 135 796 v.
162 767 206 806 5.‚
235 771 268 796 ut
294 768 476 804 serpentem
504 768 649 793 veterem
676 762 837 804 designet,
857 764 948 794 cuius
977 774 1134 794 venenum
1162 764 1277 794 fortius
1305 769 1338 794 et
1368 765 1528 804 copiosius
1556 770 1618 795 est.

102 864 136 893 3.
180 861 282 897 Quasi
301 863 334 890 in
355 862 513 889 exteriore
534 863 611 896 cute,
630 860 721 888 dorso
745 863 775 888 et
796 860 874 897 loon,
898 861 952 889 ubi
971 861 1044 889 colli
1067 861 1168 890 latera
1190 863 1387 895 conveniunt,
1411 864 1493 890 varii
1513 862 1630 891 colores
1649 864 1794 899 picturae
1821 866 1893 892 sint.

204 932 315 971 Pergit
345 931 374 959 in
401 929 560 969 serpentis
588 927 812 967 descriptione,
840 930 927 959 Loco
955 930 1045 960 vocis
1059 929 1163 976 κῶμα,
1180 930 1295 971 iegitur
1313 939 1436 970 quoque
1455 927 1541 969 &il-,39
1566 937 1619 962 »et
1648 932 1717 961 eius
1741 937 1890 972 pectus«,

104 1002 186 1033 quae
212 1001 278 1022 vox
306 991 439 1022 maxime
466 991 495 1020 in
523 992 613 1030 equis
640 991 817 1022 adhibetur.
891 992 1012 1021 Vocem
1046 990 1152 1031 &444³
1188 991 1337 1021 diversos
1374 993 1499 1023 colores
1538 992 1720 1033 significare
1756 1003 1774 1023 e
1800 1004 1900 1024 versu

107 1054 254 1085 Ahbdahi
280 1055 309 1084 b.
338 1053 458 1083 'rhabib
486 1054 633 1084 videmus
662 1054 771 1093 (metr.
802 1054 954 1093 Basith):
983 1055 1123 1084 Donec
1150 1053 1463 1085 adscendimus
1491 1054 1540 1084 ad
1569 1054 1752 1095 domum,
1781 1065 1898 1095 quam

104 1119 222 1149 varii
249 1118 425 1149 colores
453 1117 726 1150 excellentis
754 1117 946 1156 picturae
974 1122 1138 1147 ornant.

105 1217 138 1245 4.
183 1214 285 1251 Quasi
306 1215 364 1244 sub
388 1216 456 1244 eius
485 1214 593 1251 iuyulo
615 1214 717 1242 lorum
740 1213 835 1242 latius
858 1213 1078 1250 complicatum
1108 1214 1164 1246 sil,
1203 1223 1298 1251 quum
1327 1214 1407 1242 cutis
1437 1214 1505 1241 eius
1537 1213 1715 1250 dependens
1738 1213 1901 1243 convoluta

105 1269 165 1309 (ι).
188 1266 304 1304 ⁸285.)
1027 1268 1079 1295 sit.

220 1338 313 1368 Cutis
349 1339 508 1378 serpentis
543 1339 603 1368 sub
640 1338 746 1379 iugulo
786 1335 970 1376 dependens
1004 1344 1074 1365 cum
1112 1335 1178 1365 loro
1207 1335 1397 1374 complicato
1433 1340 1647 1375 comparatur.
1700 1336 1902 1367 Scholiastes

105 1404 285 1439 serpentem
323 1401 362 1430 ob
400 1400 630 1431 multitudinem
662 1400 779 1429 veneni
807 1398 993 1429 emaciatum
1031 1402 1136 1428 cutem
1164 1402 1368 1438 corrugatam
1396 1398 1514 1428 habere
1542 1397 1631 1429 dixit.
1697 1398 1896 1428 Scholiastes

105 1462 204 1492 verbo
233 1465 334 1494 hami:
361 1462 567 1502 complicandi
604 1460 875 1503 significationem
906 1459 1015 1502 dedit3
1058 1459 1117 1489 sed
1152 1459 1225 1489 mihi
1261 1459 1460 1501 dependendi
1491 1460 1683 1502 significatio
1717 1460 1834 1491 certior
1869 1465 1900 1490 et

106 1525 209 1564 aptior
236 1525 374 1555 videtur.

105 1622 137 1653 5.
182 1620 285 1658 Quum
307 1626 470 1658 serpentes
493 1626 611 1652 aestate
634 1626 734 1652 cutem
746 1624 902 1659 abiiciunt,
921 1624 1028 1652 eddam
1053 1626 1123 1652 cute
1143 1622 1269 1651 interna
1291 1623 1420 1651 vestitus
1442 1623 1555 1654 manet,
1573 1621 1647 1649 dum
1670 1623 1795 1649 restans
1818 1622 1901 1649 cutis

885 1686 948 1705 non
972 1678 1127 1705 abiicitur.

226 1744 340 1774 Cutem
370 1744 515 1783 reliquam
545 1745 627 1774 cutis
655 1745 786 1786 veteris,
820 1746 906 1775 nova
932 1747 993 1775 iam
1022 1745 1104 1785 orta,
1131 1745 1273 1784 serpenti
1300 1744 1526 1775 adhaerentem
1554 1744 1717 1775 describit.
1781 1745 1897 1777 Cutem

108 1805 215 1836 duram
243 1807 385 1845 serpenti
410 1806 527 1844 tribuit,
554 1807 583 1835 in
613 1816 673 1845 qua
700 1808 859 1846 serpentis
887 1808 1028 1848 veteris,
1059 1810 1149 1837 cuius
1177 1816 1336 1836 venenum
1364 1807 1467 1847 magis
1503 1807 1631 1837 noxium
1658 1812 1721 1848 est,
1750 1808 1899 1838 indicium

108 1868 245 1898 invenio.
274 1869 412 1899 Verbum
437 1868 520 1906 &ua-il
549 1871 676 1909 proprie
704 1869 743 1899 de
773 1870 885 1910 plumis
917 1870 1064 1909 pilisque,
1092 1870 1143 1908 qui
1170 1870 1334 1911 excidunt,
1353 1869 1537 1910 adhibitum,
1555 1870 1586 1900 in
1612 1870 1772 1909 serpentis
1792 1875 1896 1901 cutem

110 1931 296 1962 translatum
327 1935 385 1962 est.
415 1932 526 1962 Cutem
560 1937 666 1962 autem
694 1941 766 1962 cum
798 1937 891 1962 veste
918 1932 1042 1962 interna
1067 1931 1140 1976 ,lasz
1166 1943 1356 1973 comparans
1385 1934 1483 1963 verbo
1509 1932 1585 1975 reka
1613 1943 1692 1964 usus
1721 1939 1783 1965 est.
1812 1936 1899 1965 hoco

109 1994 202 2022 vocis
231 1993 323 2034 fel-1223
347 1994 465 2034 legitur
486 1992 600 2038 flam-3,
618 1994 706 2024 cuius
734 1996 826 2024 vocis
857 2003 937 2033 quae
963 1993 1154 2035 significatio
1181 1995 1235 2034 sit,
1252 1994 1344 2024 dubio
1371 2003 1432 2023 non
1460 1999 1559 2024 caret.
1602 1994 1800 2026 Scholiastes
1827 2006 1897 2027 eam

109 2062 178 2083 cum
206 2063 286 2083 voce
311 2065 398 2097 ,amon
425 2055 613 2093 (rabiosus)
645 2053 820 2084 cohaerere
848 2057 878 2083 et
903 2055 975 2085 voci
993 2067 1059 2099 Jm
1087 2056 1116 2085 in
1145 2056 1262 2086 Coraui
1290 2057 1358 2085 loco
1385 2058 1459 2086 Sur.
1490 2057 1616 2095 54‚47.
1649 2058 1704 2088 »ln
1731 2067 1839 2088 errore
1868 2063 1901 2089 et

109 2114 253 2144 insania«
289 2115 433 2145 insaniae
467 2116 732 2157 significationem
767 2117 859 2147 tribui
895 2116 980 2148 dicit.
1044 2117 1118 2147 Inde
1155 2126 1281 2157 quoque
1315 2122 1432 2162 {istm
1458 2116 1518 2147 3Ξῦ
1548 2119 1701 2150 camelam
1736 2120 1899 2162 adpellari,

109 2185 190 2215 quae
216 2176 354 2215 inquieta
380 2186 507 2216 semper
536 2186 571 2207 se
602 2183 732 2208 moveat
771 2184 803 2208 et
830 2180 1017 2209 Mersukius
1043 2180 1190 2219 loquendi
1219 2180 1342 2210 modum
1362 2191 1454 2227 Μ
1483 2185 1565 2211 Q
1591 2179 1718 2224 (conum
1754 2179 1899 2225 longum)

109 2247 180 2268 cum
209 2247 246 2268 eo
276 2239 450 2269 cohaerere
477 2239 571 2279 vult,
599 2240 690 2269 cuius
718 2240 762 2269 rei
793 2250 922 2272 causam
949 2251 1010 2271 non
1038 2241 1192 2283 intelligo.
1259 2241 1352 2280 Quod
1380 2243 1407 2271 si
1433 2242 1482 2272 hic
1507 2243 1587 2272 alter
1615 2243 1742 2283 legendi
1773 2243 1898 2290 modus,

109 2301 160 2340 qui
189 2301 381 2332 scholiastae
409 2311 469 2332 non
499 2302 616 2343 placet,
648 2302 817 2343 recipitur,
856 2312 921 2332 vox
949 2304 1072 2333 nonnisi
1100 2313 1228 2344 semper
1254 2314 1291 2334 se
1319 2303 1464 2335 movendi
1491 2304 1756 2345 significationem
1783 2303 1898 2334 habere

111 2373 209 2403 posse
238 2364 375 2394 videtur.
