2155 2892
101 255 287 287 camelorum
315 251 438 293 agmine
465 251 613 290 propulso
642 248 851 288 comparavit.
904 247 964 277 Vir
990 255 1058 277 curn
1086 244 1206 275 camelo
1233 243 1413 282 frequenter
1447 242 1611 273 confertur
1644 243 1746 273 conf.
1774 243 1880 273 Ham.

103 328 131 356 p.
159 319 198 345 rto
223 325 255 344 v.
283 314 314 343 2.
338 313 370 342 3.
399 313 430 342 5.
463 322 492 351 p.
523 313 571 341 &lo
597 321 629 340 v.
660 311 691 340 4.
743 311 833 339 Mors
861 309 958 349 igitur
983 306 1120 346 pastoris
1147 306 1250 336 locum
1279 310 1422 344 occupat.
1475 305 1550 335 Vox
1576 300 1665 345 ,4,ᾼὶ
1693 315 1754 335 non
1779 307 1882 336 solum

104 379 183 407 (lieni
210 375 411 413 hodiernum
439 384 551 403 verum
581 373 676 402 etiam
705 377 831 410 tempus
858 379 1014 410 praesens
1041 378 1108 399 cum
1136 378 1174 398 eo
1201 368 1401 398 coniunctum
1437 367 1596 408 designat.
1631 367 1686 397 Sic
1721 351 1884 398 dies-he-

104 446 232 469 sternus
257 443 290 468 et
319 437 388 467 dies
416 437 587 466 hodiernus
615 435 653 465 ad
681 440 807 473 tempus
835 432 1038 472 praeteritum
1065 436 1098 460 et.
1118 436 1242 470 tempus
1259 440 1413 470 praesens
1429 430 1655 471 designandum
1674 435 1884 469 opponuntur.

104 504 204 532 Poeta
230 506 335 531 autem
362 501 575 538 vespertinum
602 499 846 534 matutinumque
873 501 1011 534 ternpuS,
1037 499 1072 524 ut
1098 494 1277 524 continuum
1304 498 1428 532 tempus
1447 493 1698 534 significaretur,
1723 492 1884 531 opposuit.

108 565 181 593 Nec
207 572 270 592 non
295 562 439 591 homines
467 566 566 590 morte
594 559 739 589 celeriter
767 557 876 597 abripi,
903 566 984 586 voce
1012 554 1077 593 υἱὲ
1105 556 1296 595 (festinans)
1323 555 1501 594 exprimere
1528 555 1638 584 voluit.

105 661 137 689 4.
180 661 299 689 Domus
322 658 524 696 racuefactae
546 658 622 684 sunt
642 658 672 683 et
692 664 748 689 eqo
768 656 918 691 princeps
937 654 1043 692 faesus
1065 662 1135 681 swn
1158 653 1200 680 ml
1217 653 1433 689 principatum
1455 651 1544 679 llam!
1563 652 1748 680 destinatus.
1785 650 1883 679 Cula-

657 709 774 736 mitalis
797 709 854 745 est,
878 707 962 744 quod
982 706 1069 734 solus
1088 708 1238 743 princeps
1260 714 1340 733 stam.

206 780 379 819 Quoritur,
413 777 494 817 quod
528 777 694 816 primorum
722 780 829 805 tantus
858 784 1008 804 numerus
1037 779 1138 804 morte
1165 775 1315 813 abreptus
1342 775 1401 815 sit,
1440 780 1474 805 ut
1500 774 1539 805 ad
1564 777 1670 814 ipsum
1698 773 1891 814 principatus

111 844 249 885 dignitas
276 842 411 882 venerit,
440 849 528 880 quain
557 843 659 869 autem
688 849 752 868 rem
782 838 910 868 multum
938 837 1065 878 abesse,
1093 841 1127 866 ut
1154 837 1256 876 ipsum
1284 836 1401 876 gaudio
1429 837 1568 875 impleat,
1595 841 1629 866 ut
1653 836 1824 866 infortunio
1854 846 1892 866 ea

111 904 252 936 (lucenda
266 904 317 933 sit.
347 904 406 932 Hie
423 911 552 940 versus,
581 901 631 939 qui
649 901 678 930 in
694 900 964 931 Ebn-Challikani
983 901 1060 930 libro
1076 901 1139 930 No.
1156 900 1225 930 600
1256 900 1394 941 legitur,
1422 909 1517 939 quun]
1545 899 1574 927 in
1601 898 1664 928 fine
1690 899 1803 938 prioris
1833 898 1893 927 he-

111 965 257 996 mistichii
283 964 550 994 homoioteleuton
579 964 633 1002 sit,
661 962 691 992 id
718 962 800 1001 quod
827 963 950 993 metrici
975 966 1061 999 ὶὲῄςὶέῦ·
1089 963 1288 1003 appellarunt
1316 962 1414 1000 (conf.
1436 962 1504 992 libr.
1526 972 1565 991 m.
1585 961 1766 992 Darstell.d
1795 962 1892 991 Arab-

113 1031 297 1061 Verskunst
324 1039 353 1068 p.
385 1028 463 1058 117.
493 1027 630 1066 adnot.),
659 1036 740 1067 eum,
767 1027 828 1056 nisi
856 1026 937 1056 idem
965 1026 1082 1064 primns
1110 1034 1227 1054 versus
1255 1024 1315 1054 hoc
1333 1025 1580 1054 homoiotelento
1606 1024 1765 1063 praeditus
1793 1028 1895 1063 esset,

114 1095 246 1133 primum
273 1091 421 1122 carminis
450 1099 579 1119 versum
608 1098 682 1118 esse
710 1088 857 1118 dicerem.
909 1088 1020 1117 Altero
1048 1092 1153 1116 tamen
1183 1086 1310 1127 legendi
1337 1086 1428 1115 modo
1456 1085 1556 1133 ἑὲῑυω
1577 1088 1633 1128 Ᾰῄἑ
1660 1085 1729 1124 (qui
1756 1094 1818 1114 non
1845 1094 1899 1114 re·-

113 1151 256 1197 cusatur)
285 1153 424 1183 admisso
452 1152 725 1181 homoioteleuton
753 1152 883 1181 tollitur.
939 1149 1154 1181 Consti-uendi
1182 1148 1294 1178 modus
1321 1149 1350 1178 in
1379 1158 1440 1178 uno
1467 1148 1631 1186 alteroque
1659 1147 1810 1177 diversus
1835 1151 1898 1176 est.

113 1217 221 1247 Verba
246 1215 344 1263 &lxxa
362 1216 420 1258 59².
447 1218 561 1243 statum
590 1214 724 1243 subiecti
752 1213 934 1254 designant,
971 1213 1071 1242 verba
1097 1217 1203 1241 autem
1229 1217 1319 1252 *bow-²
1337 1214 1396 1255 5235:
1421 1210 1536 1240 obiecti
1563 1209 1665 1240 locum
1692 1209 1782 1240 verbi
1808 1214 1901 1239 mom

114 1285 222 1309 tenere
250 1282 397 1318 possunt,
426 1280 460 1306 ut
486 1285 603 1306 sensus
633 1276 694 1305 sit:
736 1276 755 1305 i.
783 1286 811 1306 e.
841 1280 986 1315 tanquam
1016 1275 1157 1304 dominus
1187 1275 1234 1303 eis
1262 1273 1405 1312 praefui,
1442 1276 1495 1312 qui
1529 1272 1566 1302 ad
1593 1272 1802 1311 principatum
1825 1272 1900 1313 eligi

114 1350 175 1369 non
204 1342 357 1379 poterant.
411 1338 599 1367 Mersukius
627 1336 709 1367 hunc
736 1336 914 1376 explicandi
938 1336 1061 1366 modum
1084 1336 1236 1375 praefert,
1263 1345 1321 1375 quo
1337 1341 1431 1375 poeta
1449 1336 1478 1365 in
1498 1336 1559 1365 fine
1576 1345 1702 1374 versuS,
1731 1345 1769 1365 se
1795 1336 1899 1365 solum

116 1403 283 1442 principem
311 1403 415 1443 gentis
443 1410 632 1441 superesse,
660 1404 821 1440 queratur.
875 1398 937 1437 Qui
964 1407 1042 1427 vero
1070 1398 1178 1427 verbis
1205 1401 1323 1427 statum
1352 1402 1468 1437 poetae
1495 1397 1632 1427 describi
1659 1397 1743 1438 dicit,
1771 1407 1901 1427 sensum

118 1465 233 1494 tribuat
256 1473 393 1493 necesse
422 1467 474 1492 est
498 1467 704 1502 sequentem:
736 1463 890 1500 Princeps
919 1460 1025 1490 factus
1053 1469 1121 1490 sum
1149 1466 1222 1490 ante
1251 1465 1389 1501 tempus,
1417 1469 1478 1499 quo
1497 1460 1684 1500 principatui
1703 1464 1798 1500 aptus
1817 1469 1902 1490 eram

118 1527 137 1556 i.
165 1536 192 1556 e.
220 1526 280 1556 iam
306 1525 432 1555 iuvenis
461 1524 567 1566 gentis
594 1524 742 1564 princeps
772 1523 879 1553 factus
906 1533 976 1553 sum
1004 1527 1056 1554 aut
1083 1524 1237 1565 dignitate
1270 1523 1355 1554 haud
1390 1528 1504 1563 aptus,
1538 1533 1633 1562 quum
1668 1523 1777 1562 plures
1811 1526 1904 1552 antea

120 1594 232 1619 essent
259 1588 412 1629 dignitate
442 1588 558 1618 maiore
586 1587 730 1626 praediti.
758 1586 900 1616 Similem
921 1595 1053 1615 sensum
1080 1586 1110 1614 in
1136 1595 1234 1616 versu
1262 1590 1378 1625 poetae
1407 1589 1562 1624 sequente
1585 1584 1764 1614 invenimus
1793 1584 1902 1622 (metr.

121 1647 270 1693 Ramal):
314 1651 489 1689 Tempus
517 1659 647 1689 super
674 1649 731 1679 iis
760 1654 910 1688 pectus
939 1657 1048 1678 suum
1075 1644 1257 1691 posuit1)
1291 1652 1332 1677 et
1367 1647 1406 1677 id
1439 1647 1608 1677 nonnisi
1646 1655 1804 1686 paucos
1833 1645 1905 1684 (aut

121 1713 278 1754 quendam
318 1713 370 1742 vel
407 1713 556 1754 fugatos)
595 1712 822 1752 reliquisse
867 1711 994 1741 video.
1057 1711 1144 1741 Loco
1173 1711 1263 1741 vocis
1290 1708 1393 1739 stitit-:t
1421 1711 1501 1740 alter
1528 1709 1654 1751 legendi
1681 1709 1790 1739 modus
1817 1705 1904 1737 :hali

122 1770 188 1815 (p⁴
213 1769 345 1814 3⁸28)
379 1778 410 1806 in
437 1775 710 1805 Ebu-Challikani
737 1783 834 1813 opere
861 1775 924 1803 No.
953 1773 1022 1804 600
1053 1777 1113 1803 est.

942 1856 1087 1889 vul.

433 1922 573 1956 Dixit
594 1922 911 1956 Molnammecl
935 1922 981 1955 1».
1004 1922 1220 1956 Baschir
1242 1922 1535 1964 clnaredjita
1545 1923 1592 1963 2).

222 1995 283 2024 Pro
311 1995 434 2023 nomine
461 1994 595 2024 Baseliir
622 1994 652 2023 in
680 1994 854 2033 exemplari
875 1994 1053 2038 Jasirfi-w...]
1068 1995 1123 2033 (ab
1140 1995 1312 2039 aliisjfflq)
1333 1995 1396 2035 legi
1415 1995 1542 2033 dicunt3
1570 1993 1626 2024 sed
1641 1992 1770 2023 Baschir
1784 1997 1906 2023 rectum

125 2066 210 2086 esse.
263 2057 388 2085 Nomen
418 2055 538 2096 gentile
566 2065 584 2084 a
610 2057 678 2085 viro
707 2055 879 2095 Cliaridjah
914 2057 1074 2095 appellato
1108 2057 1285 2087 derivatum
1323 2058 1444 2087 volunt.
1497 2058 1604 2087 Mater
1631 2056 1816 2096 Charidjahi
1843 2060 1906 2085 tam

147 2153 174 2178 1)
192 2151 304 2179 Tempus
324 2155 382 2172 cuni
402 2149 505 2172 camelo
525 2151 712 2179 comparatur,
738 2148 781 2178 qui
809 2151 917 2177 pectore
944 2147 1049 2170 calloso
1077 2148 1194 2170 homines
1222 2148 1316 2177 premit
1341 2152 1366 2172 et
1389 2149 1476 2178 perdit
1502 2149 1604 2179 (conf.
1623 2149 1697 2172 Ham.
1716 2155 1738 2178 [ι.
1758 2143 1819 2172 Μ”ο
1831 2146 1908 2177 ἰ’-2),

192 2203 243 2225 Pro
262 2197 302 2234 ἆῤ,
321 2200 345 2223 in
368 2199 497 2223 Mersukii
517 2200 607 2223 codice
625 2196 664 2232 ῥὰ
684 2200 802 2231 legitur,
828 2204 896 2228 quae
921 2204 975 2220 vox
1000 2200 1046 2221 aut
1075 2199 1193 2229 fugatum
1217 2199 1370 2230 significare
1389 2202 1477 2229 potest
1501 2203 1547 2223 aut
1567 2200 1712 2229 quendam,
1740 2201 1768 2221 ut
1787 2204 1820 2221 ex
1841 2204 1908 2221 voee

194 2247 265 2293 0325
284 2255 346 2277 orta
363 2253 405 2276 sit.

144 2304 173 2333 2)
194 2304 359 2327 Mohaunmed
377 2303 400 2326 b.
420 2302 530 2326 Baschir
548 2302 572 2325 b.
592 2299 776 2325 Ahbd—Allah
795 2300 818 2323 b.
839 2299 921 2322 Ahkil
941 2305 955 2322 e
974 2302 1055 2329 gente
1074 2297 1309 2329 Banu-Charidjah
1329 2302 1415 2329 (parte
1434 2298 1521 2328 gentis
1539 2296 1687 2327 Ahdwan)‚
1706 2295 1910 2326 cognominatus

195 2349 414 2377 Abu-Solatinan,
439 2350 515 2378 poeta
535 2347 650 2370 disertus
675 2346 698 2369 in
719 2346 831 2375 regione
851 2343 943 2375 Hiiljas
970 2349 1087 2374 tempore
1112 2342 1310 2374 Omnjjadarum
1331 2343 1430 2374 ‹lc-gens
1450 2347 1517 2366 erat.
1552 2342 1696 2366 Maximum
1716 2342 1788 2365 vitae
1806 2344 1909 2370 tempus

196 2393 219 2416 in
239 2394 349 2416 desertis
368 2399 450 2423 agens
468 2399 546 2422 quum
565 2393 676 2414 anram
697 2390 823 2417 venisset,
843 2391 964 2414 feminam
984 2399 996 2414 e
1016 2396 1094 2421 gente
1114 2392 1234 2414 Ahdwnn
1256 2391 1279 2413 in
1301 2391 1493 2414 matrimonium
1514 2389 1596 2413 duxit.
1632 2389 1733 2412 Bazrae
1751 2391 1836 2412 antem
1857 2388 1910 2411 ali-

197 2440 264 2467 quod
282 2443 384 2468 tempus
402 2440 583 2461 commoratus
603 2434 703 2466 Hidjusi
722 2434 878 2458 desiderium
898 2442 956 2459 eum
981 2437 1133 2466 occupavit,
1159 2440 1186 2460 ut
1205 2437 1236 2459 ab
1256 2443 1337 2459 uxore
1358 2437 1382 2459 in
1402 2436 1514 2466 patriam
1533 2434 1659 2459 redeundi
1679 2435 1781 2458 veniam
1801 2436 1911 2464 peteret·

197 2486 270 2507 [xor
281 2491 357 2513 quum
367 2484 441 2514 sequi
453 2483 543 2513 nollet,
554 2489 611 2506 eam
623 2481 732 2511 repudio
744 2480 850 2509 dimisit,
861 2481 936 2504 cuins
948 2481 985 2504 rei
999 2482 1043 2504 ille
1054 2486 1145 2512 postea
1163 2481 1351 2512 poenitentium
1372 2482 1428 2513 egit
1446 2481 1534 2505 conf.
1552 2479 1799 2510 Citnb-Alaghani.
1835 2479 1910 2502 Abu-

200 2535 403 2558 Ahbd-Allalius
421 2535 445 2558 iu
465 2535 532 2558 libro
551 2525 667 2573 tijxaesskli
684 2527 766 2572 525&ae
785 2531 913 2560 inscripto
934 2531 1139 2555 Abu-l’ualham
1159 2533 1437 2563 Ahnnrumb.A111nn-,
1453 2533 1572 2556 clientem
1583 2531 1664 2555 Iasidi
1676 2532 1698 2555 b.
1709 2530 1806 2555 Mosidi
1817 2530 1912 2554 schat-

200 2584 304 2607 banitae
324 2585 426 2611 (conf.
445 2591 468 2614 p.
487 2578 565 2616 fta),
589 2585 667 2608 hosce
690 2589 787 2607 versus
809 2583 905 2606 dixisse
928 2583 1044 2613 scripsit.
1086 2584 1115 2607 In
1134 2584 1204 2607 libro
1232 2583 1461 2608 Ebu-Cliallikaui
1476 2586 1619 2613 sequentes
1638 2585 1694 2607 tres
1713 2587 1806 2605 versus
1825 2579 1911 2604 conf.

200 2627 249 2650 Ro.
267 2627 330 2649 839.
349 2625 425 2649 citati
443 2629 513 2649 sunt.
