2155 2892
904 92 1051 130 -’68
1103 116 1149 124 -

915 206 1111 241 xxvn.

303 275 442 311 ”ixit
464 275 697 310 Auaswael
719 274 760 308 h.
782 274 997 307 Samaah
1020 273 1061 306 l».
1084 270 1454 306 Almoththaleh
1480 270 1519 303 h.
1543 267 1741 302 Naufal.

380 335 433 374 (In
459 334 561 364 altero
588 334 762 372 exemplari
789 340 857 365 est:
893 333 1131 364 Almoththaleb
1156 333 1186 362 b.
1213 331 1304 361 Asad
1331 331 1360 360 b.
1389 328 1675 366 Ahbd-Alohssa.)

233 410 347 440 Filium
361 419 453 439 suum
467 409 605 438 Samaah
624 408 654 438 b.
674 409 840 448 Alaswad,
867 409 921 450 qui
947 408 999 438 die
1015 416 1142 448 pugnae
1160 406 1245 436 Badr
1263 411 1344 436 anno
1364 404 1505 435 secundo
1522 403 1632 442 Hedjr.
1652 411 1708 442 pro
1738 404 1832 441 gente
1848 399 1919 429 Ko-

136 472 241 502 raisch
258 480 406 513 pugnans
428 470 552 510 cecidit,
581 470 690 500 deflet.
718 471 843 500 Nomen
870 470 1011 500 Samaah
1037 469 1222 509 particulam
1249 468 1396 499 adnatam
1422 468 1452 497 in
1478 466 1656 506 posteriore
1682 463 1822 504 ungulae
1849 461 1920 491 ovis

136 539 228 574 parte
254 534 411 574 designat.
439 533 519 563 'rum
547 542 603 572 per
629 533 846 572 metaphoram
873 534 905 562 in
932 532 1003 562 aliis
1031 532 1123 562 rebus
1153 541 1245 571 quam
1272 530 1391 571 ungula
1418 529 1592 560 adhibetur.
1629 526 1717 558 Dixit
1747 523 1866 555 Doraid
1891 524 1921 553 b.

136 597 318 628 Alzimmah
344 595 452 640 (metr.
480 591 637 638 Redjes):
668 590 711 625 0!
739 595 898 625 utinam
937 604 1015 636 ego
1044 595 1080 624 in
1106 603 1153 624 ea
1180 592 1375 624 camelus
1403 591 1588 622 triennis
1615 598 1753 620 essem
1781 587 1922 618 citato

136 669 230 689 curs
245 669 264 688 u
291 658 497 689 celeriter
523 666 725 697 currens,
753 655 907 686 ducens
935 657 1129 687 camelam
1156 657 1254 696 pilis
1279 655 1550 686 abundantem
1576 654 1696 684 circa
1722 662 1766 684 un
1779 652 1915 693 gulas·

136 731 156 762 q
166 731 186 752 u
196 721 261 751 asi
297 730 315 750 ο
326 723 392 750 vis
425 730 440 749 r
451 729 468 749 ο
483 720 501 749 b
513 730 532 750 u
543 724 612 749 sta
649 729 691 749 es
703 729 719 749 s
731 730 749 749 e
760 724 782 749 t.
833 719 989 749 Tribuunt
1015 729 1142 759 quoque
1167 719 1240 749 voci
1266 719 1346 749 inter
1371 718 1450 748 alias
1477 717 1731 758 significationes
1759 726 1827 747 cum
1858 718 1923 746 ista

136 792 171 812 re
198 783 327 824 ungulis
355 782 470 811 adnata
497 787 715 821 comparantes
743 781 849 811 vilium
877 782 1037 811 hominum
1063 782 1339 821 significationem.
1391 781 1448 811 Sic
1474 780 1506 810 in
1525 790 1624 810 versu
1644 779 1753 818 (metr.
1774 778 1900 818 VVafir)
1913 790 1920 808 ε

137 845 322 883 Domini,
360 846 426 883 qui
452 844 644 885 regionis
671 843 810 883 Nedjd
836 844 1093 885 dignitatem
1121 843 1365 882 defendunt,
1393 847 1436 872 tu
1464 846 1601 872 autem
1627 842 1669 872 in
1698 842 1773 872 vili
1801 842 1923 882 plebe

137 906 377 938 numeraris
407 904 548 947 (Vocem
575 907 710 950 ἎρΙΔῷ
738 916 808 937 cum
836 907 1042 938 Nunnatione
1069 907 1216 948 efferas).

137 1017 166 1047 1.
188 1017 275 1047 Num
296 1026 333 1045 ea
350 1018 415 1055 flet,
441 1017 697 1057 quod-camelum
718 1019 827 1047 amisit
846 1021 879 1047 et
898 1027 973 1047 num
995 1017 1121 1055 vigiliae
1144 1018 1212 1046 eius
1234 1025 1378 1046 somnum
1400 1017 1599 1054 impediunt?

138 1081 208 1125 (1)-
230 1078 367 1124 393.)
419 1086 623 1128 Interrogare
649 1086 775 1117 videtur
802 1092 909 1128 poeta,
936 1087 962 1117 si
990 1088 1090 1117 verba
1116 1090 1321 1126 spectantur3
1349 1086 1408 1116 sed
1434 1096 1469 1116 re
1487 1097 1566 1117 vera
1584 1097 1651 1117 rem
1669 1088 1827 1127 reprobat.
1865 1088 1925 1118 Di-

137 1147 272 1178 cendum
288 1152 357 1178 erat
370 1147 444 1186 &cna
458 1147 497 1192 Ui
510 1159 573 1187 φης
601 1148 658 1179 sed
677 1149 933 1188 praepositiones
951 1154 1026 1180 ante
1046 1159 1157 1179 vocem
1173 1151 1210 1194 Οἱ
1231 1149 1369 1179 abiicere
1383 1149 1540 1180 Arabibus
1570 1152 1602 1180 in
1631 1159 1692 1180 usu
1719 1155 1779 1183 est.
1805 1151 1927 1182 Horum

137 1219 293 1240 versuum
320 1219 450 1240 causam
477 1216 663 1250 sequentem
690 1211 794 1242 fuisse
821 1215 956 1241 narrant.
1011 1210 1102 1242 Gens
1130 1211 1291 1242 Koraisch
1317 1211 1402 1251 apud
1428 1212 1532 1241 locum
1560 1211 1645 1242 Badr
1671 1213 1756 1242 victa
1781 1213 1859 1253 suis,
1887 1223 1927 1243 ne

139 1273 265 1304 occisos
291 1273 460 1313 deflerent,
488 1273 589 1304 donec
605 1274 736 1304 caedem
756 1274 812 1304 ulti
832 1279 956 1313 essent,
983 1274 1208 1315 interdixerat,
1237 1274 1369 1305 timebat
1395 1276 1490 1315 enim,
1516 1283 1557 1303 ne
1583 1274 1826 1305 Mohammeiles
1854 1284 1927 1305 cum

138 1337 235 1366 sociis
263 1322 413 1378 gaudium
440 1336 512 1366 inde
538 1336 730 1376 perciperet.
766 1337 955 1376 Alaswado‚
985 1337 1037 1376 qui
1063 1346 1179 1377 magno
1207 1345 1313 1366 amore
1339 1336 1436 1366 filium
1464 1346 1557 1366 suum
1584 1336 1725 1366 Samaah
1750 1337 1926 1376 amplecte-

139 1400 241 1440 batur,
269 1404 335 1429 tres
362 1399 416 1430 filii
442 1400 543 1430 occisi
573 1403 674 1437 erant,
700 1399 852 1440 Samaah,
880 1399 978 1429 Ahkil
1005 1403 1038 1428 et
1065 1399 1207 1428 Alharits
1233 1399 1393 1438 appellati.
1450 1399 1520 1429 Hos
1559 1403 1592 1428 ut
1628 1398 1784 1437 defleret,
1824 1399 1927 1429 vehe-

141 1468 264 1493 menter
291 1463 412 1503 quidem
439 1464 570 1502 cupiens
598 1463 705 1504 gentis
732 1471 812 1492 suae
840 1461 996 1491 voluntati
1025 1461 1192 1491 adversari
1224 1462 1361 1492 nolebat.
1415 1462 1530 1502 Aliquo
1564 1462 1616 1492 die
1649 1463 1782 1493 audiens
1815 1463 1929 1494 fletum

143 1526 294 1562 mulieris,
322 1535 402 1565 quae
430 1525 579 1555 camelum
608 1525 757 1555 amissum
784 1525 978 1566 quaerebat,
1007 1534 1079 1554 eum
1106 1524 1254 1566 ducenti,
1283 1534 1400 1555 caecus
1430 1527 1512 1555 enim
1548 1530 1636 1566 erat,
1670 1526 1858 1567 imperavit,
1896 1531 1930 1557 ut

141 1595 295 1626 quaenam
322 1587 421 1616 fletus
451 1596 549 1616 causa
576 1592 678 1628 esset,
705 1587 841 1625 videret,
867 1587 936 1617 fieri
964 1588 1046 1618 enim
1073 1597 1186 1628 posse,
1214 1594 1248 1618 ut
1275 1598 1357 1630 gens
1387 1588 1544 1618 Koraisch
1572 1588 1702 1619 occisos
1737 1588 1927 1627 deploraret.

143 1647 234 1686 Quae
262 1658 314 1679 res
340 1649 368 1678 si
394 1654 494 1687 esset,
524 1659 561 1679 se
589 1649 684 1679 filium
713 1658 804 1679 suum
832 1649 954 1680 deflere
980 1651 1011 1681 in
1038 1651 1140 1680 animo
1168 1650 1297 1691 habere,
1324 1650 1439 1688 quippe
1458 1659 1602 1679 moerore
1620 1649 1690 1688 ipse
1709 1649 1928 1680 conficeretur.

143 1712 185 1741 Et
213 1721 308 1752 quum
324 1712 513 1754 audivisset,
541 1714 715 1754 mulierem,
742 1714 895 1744 amissum
912 1715 1060 1744 camelum
1075 1723 1155 1753 quae
1171 1717 1350 1752 quaereret,
1376 1711 1469 1752 flere,
1495 1716 1669 1750 sequentes
1695 1720 1814 1741 versus
1841 1711 1930 1742 dixit.

142 1822 174 1850 2.
219 1822 270 1851 Ne
284 1824 449 1852 iuvencum
467 1823 619 1851 camelum
633 1823 756 1861 plores:
771 1824 830 1852 sed
839 1824 875 1852 ob
889 1832 1030 1861 puymmz
1043 1823 1247 1855 Badrensem,
1266 1822 1320 1850 ubi
1338 1822 1474 1849 rire-rum
1486 1821 1638 1859 fot-lunae
1649 1821 1820 1849 diminutae
1835 1820 1933 1849 sunt!

218 1894 386 1932 vituperat
412 1893 586 1933 mulierem,
614 1892 697 1932 quod
724 1897 788 1922 tam
816 1902 950 1932 parvam
978 1902 1055 1930 rem,
1081 1892 1235 1922 camelum
1263 1893 1430 1920 iuvencum
1457 1890 1620 1930 amissum,
1647 1889 1814 1929 deploret3
1840 1892 1930 1919 viros

143 1955 213 1985 illos
240 1955 270 1984 in
296 1955 364 1984 loco
392 1954 476 1984 Badr
502 1955 631 1984 occisos
658 1954 763 1993 potius
786 1954 999 1993 deplorandos
1027 1963 1114 1983 esse.
1166 1953 1367 1983 Scholiastes
1394 1952 1484 1990 dixit,
1511 1952 1641 1982 verbum
1658 1950 1930 2000 &Jaekiffiaverbo

139 2020 202 2062 ,³⁴²³
228 2027 298 2048 cum
324 2019 448 2047 nomine
475 2018 607 2048 actionis
625 2019 717 2064 )yt2'='
744 2017 876 2056 (debilis
901 2016 978 2056 fuit)
1007 2016 1114 2056 potius
1141 2015 1345 2045 derivandum
1373 2024 1459 2052 esse,
1486 2024 1579 2055 quam
1609 2025 1627 2045 a
1652 2016 1752 2045 verbo
1771 2017 1836 2059 ἰώ
1863 2024 1930 2045 cum

144 2080 269 2109 nomine
295 2080 428 2109 actionis
450 2081 512 2122 ἰώ
539 2080 664 2118 (brevis
694 2080 782 2118 fuit),
812 2082 957 2118 quamvis
984 2084 1017 2109 et
1044 2079 1096 2109 hic
1123 2077 1285 2108 derivandi
1312 2077 1425 2106 modus
1452 2076 1677 2116 quodammodo
1705 2077 1781 2107 ferri
1816 2079 1928 2116 possit.

144 2142 188 2173 Ut
216 2143 301 2172 illum
330 2143 464 2181 priorem
495 2143 672 2182 explicandi
702 2142 828 2178 modum
855 2143 1004 2182 illustret,
1031 2142 1139 2181 plures
1167 2139 1313 2179 loquendi
1333 2140 1445 2169 modos
1472 2144 1527 2170 aut
1554 2140 1655 2181 magis
1682 2144 1736 2170 aut
1762 2140 1864 2170 minus
1891 2140 1931 2170 ad

147 2214 210 2235 rem
236 2205 432 2244 pertinentes
460 2204 607 2234 adferens
637 2214 765 2243 operam
792 2204 852 2234 dat.
913 2203 1066 2233 Admisso
1101 2208 1208 2233 autem
1246 2203 1425 2243 posteriore
1458 2203 1633 2243 explicandi
1671 2203 1782 2244 modo,
1820 2213 1931 2234 vocem

145 2268 269 2312 225aeOE
294 2267 369 2297 voci
394 2263 526 2306 2²52&
557 2268 729 2305 oppositam
756 2275 832 2295 esse
859 2270 892 2295 et
916 2266 1185 2304 praepositionem
1211 2265 1280 2312 &ln
1304 2265 1402 2296 locum
1429 2266 1674 2305 praepositionis
1701 2276 1735 2301 ·-,›
1761 2274 1931 2305 occupare,

146 2334 181 2359 ut
206 2339 322 2359 sensus
349 2330 408 2358 sit:
434 2329 464 2358 in
493 2329 587 2358 loco
616 2327 710 2360 Badr.
762 2327 901 2357 Ratione
927 2333 1033 2357 autem
1062 2328 1169 2358 habita
1196 2328 1371 2367 particulae
1397 2324 1461 2373 ΟΩ
1489 2330 1579 2367 (con
1591 2328 1610 2360 f.
1637 2326 1747 2358 Gram.
1775 2327 1831 2356 Ar.
1853 2328 1929 2357 T.1.

149 2401 178 2430 p.
209 2392 290 2421 565.
318 2397 351 2422 et
375 2392 505 2421 Anthol.
533 2401 631 2432 gram.
659 2400 689 2430 p.
718 2392 753 2419 l·v
778 2390 876 2427 text.)
904 2389 1129 2429 praepositioni
1155 2388 1225 2435 25²⁸
1251 2389 1363 2419 eadem
1397 2389 1590 2431 significatio
1623 2398 1712 2428 quam
1739 2388 1770 2418 in
1795 2399 1931 2428 praece-

147 2451 242 2482 dente
269 2455 431 2484 tribuenda
459 2454 597 2492 videtur,
625 2457 657 2484 ut
682 2464 724 2483 ex
752 2455 858 2492 priore
884 2453 993 2492 phrasi
1017 2452 1149 2482 verbum
1177 2449 1255 2496 653!
1285 2452 1425 2493 plora,
1453 2452 1537 2482 unde
1562 2451 1752 2491 praepositio
1782 2451 1931 2491 pendeat,

147 2515 358 2554 supplendum
383 2516 539 2545 videatur.
592 2516 661 2556 Ego
692 2525 822 2546 sensum
848 2516 892 2546 ita
915 2515 1086 2550 constituo,
1114 2518 1149 2543 ut
1173 2519 1247 2543 ante
1270 2524 1382 2544 vocem
1398 2519 1456 2556 »λθ
1471 2513 1666 2544 antecedens
1680 2511 1759 2558 σω
1773 2509 1932 2557 (occisos)

148 2583 202 2608 aut
229 2578 327 2607 simile
354 2578 425 2617 quid
454 2581 607 2609 omissum
634 2583 752 2620 putem,
779 2583 811 2609 et
837 2588 906 2609 cum
933 2578 990 2608 hoc
1018 2579 1179 2617 postrema
1206 2577 1305 2606 verba
1321 2568 1422 2616 09>ss
1439 2571 1561 2619 0500OE
1582 2575 1778 2615 coniungam.
1806 2575 1929 2605 Vocem
