2155 2892
908 157 1173 186 —187—

148 256 304 287 interdum
331 250 479 287 turbatus
507 257 578 287 inde
607 261 697 286 ortus
724 258 786 294 est,
813 254 896 293 quod
924 255 953 284 in
979 254 1138 284 Mersukii
1165 253 1292 294 codice,
1327 265 1368 284 ex
1404 264 1464 293 quo
1500 258 1598 285 maior
1633 253 1826 284 scholiorum
1862 264 1935 293 pars

145 317 290 348 derivata
317 323 377 358 est,
403 319 465 350 duo
491 327 609 348 versus
636 325 718 347 unus
744 316 853 346 statim
878 319 952 356 post
977 316 1110 346 alterum
1137 316 1249 355 scripti
1277 321 1307 346 et
1334 318 1485 356 explicati
1506 318 1717 347 inveniuntur.
1747 317 1934 347 Mersukius

146 380 281 411 eundem
308 381 454 421 loquendi
480 381 606 411 modum
634 380 663 409 in
691 380 895 418 sequentibus
924 380 1074 409 versibus
1108 379 1239 408 inveniri
1269 379 1343 409 dicit
1372 384 1480 418 (metr.
1509 382 1672 419 'rhawiljz
1703 376 1774 419 (Ι).
1798 374 1934 418 468.)

147 442 174 472 0
210 444 337 474 arbor
371 438 557 474 Chabur!
595 442 816 483 quidest,
850 442 958 481 quod
990 442 1093 472 folia
1127 442 1317 482 emittas,
1354 444 1477 481 (lilasi
1511 443 1557 472 ob
1596 444 1934 474 Ebn—Tliarisum

146 507 293 535 tristis
320 515 394 535 non
419 501 504 536 sis?
531 505 590 535 sed
617 505 736 535 maiore
762 505 942 544 eloquentia
969 505 1102 535 alterum
1130 513 1221 533 usum
1242 513 1318 533 esse
1337 503 1494 533 dicentem
1522 503 1797 542 (mctr.Tl1awil):
1837 506 1935 536 Num

147 573 241 606 post
271 567 456 598 occisum
484 569 519 596 in
548 567 700 606 oppido
727 566 916 605 Medina,
952 567 1000 596 ob
1037 575 1147 605 quein
1190 570 1305 595 terra
1351 566 1544 595 tenebris
1589 571 1704 596 tecta
1740 568 1837 606 fuit,
1874 577 1935 597 ar-

145 629 268 659 bores
296 629 460 659 lhdhah
488 633 661 659 truncos
689 639 790 660 suos
818 626 1014 660 movent?
1060 630 1200 660 Verbum
1222 626 1291 675 5293
1319 629 1557 669 (semovere),
1583 629 1714 668 saepius
1742 628 1781 658 dc
1809 629 1935 669 plantis,

144 700 226 730 quae
253 691 406 722 redeunte
435 701 513 722 vere
542 692 616 723 solia
643 694 801 734 emittunt,
831 694 974 733 usurpari
1005 694 1119 724 beatus
1146 693 1186 722 de
1213 694 1344 732 Sacyus
1371 691 1546 731 exemplari
1574 701 1634 722 suo
1660 691 1841 730 adscripsit.

982 788 1107 822 cn'.

858 854 1071 888 Lebissus
1095 853 1231 887 unxit.

269 926 359 956 voce
386 927 485 956 Lebid
522 936 669 967 saccum,
706 927 735 955 in
763 936 823 966 quo
851 927 996 966 pabulum
1026 926 1064 956 ad
1092 927 1205 956 collum
1235 926 1362 956 iumenti
1392 924 1597 963 adpetuntur,
1633 923 1807 964 significari
1835 923 1935 954 scho-

145 988 258 1019 liastes
288 989 462 1019 adnotavit.
517 990 630 1019 Plures
661 999 738 1019 esse
778 990 857 1019 idem
895 999 1007 1019 nomen
1043 994 1196 1031 gerentes
1231 994 1352 1028 poetas.
1405 990 1559 1018 Nostrum
1587 988 1686 1019 Lebid
1713 989 1742 1018 h.
1772 988 1940 1026 Rabiah1)

145 1061 232 1082 esse.
299 1053 390 1082 Alter
427 1058 524 1092 poeta
560 1052 661 1082 Lebid
698 1053 877 1092 appellatus
918 1058 969 1082 est
1003 1051 1087 1081 silius
1116 1050 1291 1081 Olitliaredi
1321 1051 1348 1079 b.
1377 1050 1492 1089 Hadjib
1528 1051 1555 1079 b.
1584 1050 1725 1080 Sorarah
1759 1051 1788 1080 b.
1818 1049 1938 1080 Ohdos.

146 1115 230 1144 Huic
258 1123 396 1153 sequens
425 1123 539 1144 versus
567 1114 754 1144 adscribitur
788 1115 895 1153 (metr.
922 1114 1138 1151 Motakarib):
1181 1113 1322 1152 Caput
1357 1117 1451 1142 aute
1488 1118 1652 1151 tempus
1693 1113 1940 1143 senectutis

146 1186 294 1207 canum
323 1178 485 1215 evasit,
525 1177 630 1207 etin
659 1177 786 1207 rebus
814 1176 1115 1207 accidentibus
1142 1176 1262 1205 nobis
1290 1176 1488 1205 monitum
1516 1180 1593 1204 est.
1650 1175 1779 1205 Tertius
1807 1175 1940 1214 deniquo

145 1239 246 1269 Lebid
272 1238 354 1268 filius
382 1239 513 1268 Asnami
541 1248 558 1267 e
586 1243 685 1279 gente
712 1238 923 1269 Ahbd-Allah
948 1239 975 1268 b.
1006 1238 1168 1269 Ghatlisan
1196 1238 1348 1268 oriundus
1376 1244 1439 1268 est.

145 1351 172 1379 1.
198 1351 260 1379 Per
281 1352 374 1378 vitam
395 1347 519 1377 meam!
547 1347 586 1377 Sa·
607 1350 739 1377 nuntius
760 1358 860 1378 verax·
883 1352 945 1383 est,
969 1357 1050 1386 qens
1073 1348 1215 1387 Djuhfar
1237 1350 1410 1386 infortunio
1432 1349 1560 1386 adflicta
1581 1351 1638 1377 est.

245 1424 278 1453 ln
307 1422 463 1452 Mersukii
492 1421 604 1452 codice
631 1421 681 1452 hic
709 1431 827 1452 versus
851 1432 921 1452 cum
949 1422 1082 1452 scholiis
1112 1424 1297 1452 coniunctus
1326 1422 1499 1452 maioribus
1539 1422 1654 1451 litteris
1681 1421 1852 1452 distinctus
1878 1430 1940 1451 non

145 1490 205 1516 est.
258 1486 387 1516 Tertius
416 1494 535 1514 versus
563 1485 591 1514 in
620 1487 762 1525 margine
789 1484 958 1515 adnotatus
986 1485 1113 1526 legitur.
1174 1483 1316 1513 Lebidus
1352 1484 1482 1513 fratrem
1514 1494 1607 1513 suum
1636 1483 1745 1514 Arbad
1783 1483 1939 1524 deplorat,

146 1548 196 1588 qui
224 1546 353 1577 fulmine
379 1552 533 1586 precante
560 1546 785 1576 Mohammede
814 1547 894 1578 ictus
922 1551 1001 1576 erat.
1043 1546 1142 1584 Quasi
1170 1546 1330 1586 dubitans„
1348 1556 1419 1576 nain
1440 1556 1589 1587 magnum
1609 1546 1812 1577 infortunium
1832 1556 1942 1576 verum

145 1620 206 1640 non
235 1619 311 1640 esse
339 1613 485 1649 putamus
513 1613 673 1648 optanteS,
704 1612 736 1639 ut
754 1618 833 1638 vera
852 1618 912 1638 non
935 1610 984 1648 sit,
1012 1609 1084 1639 licet
1102 1609 1141 1638 de
1159 1619 1194 1638 re
1214 1618 1273 1638 non
1295 1609 1472 1650 dubitabat,
1500 1609 1628 1639 fratrem
1648 1614 1805 1640 mortuum
1824 1609 1942 1640 laudat.

146 1674 260 1703 Totam
288 1678 416 1713 gentem
445 1673 513 1702 eius
541 1677 643 1702 morte
669 1672 833 1703 adflictam
860 1682 938 1702 esse
964 1672 1050 1702 dicit.
1103 1672 1245 1703 Eundem
1275 1672 1423 1712 loquendi
1453 1671 1577 1702 modum
1606 1675 1700 1711 poeta
1735 1672 1764 1701 in
1791 1676 1942 1711 sequente

149 1735 291 1765 adhibuit
310 1731 592 1777 (metr.'1*11awil):
621 1734 827 1765 Dixerunt
855 1736 979 1773 Hizn,
1008 1740 1092 1765 tum
1120 1735 1282 1765 animae
1309 1744 1448 1764 eorum
1477 1735 1706 1764 noluerunt
1732 1738 1796 1764 etc.
1826 1733 1941 1772 (cons.

147 1798 166 1827 l.
196 1798 216 1828 2
245 1798 344 1836 infr).
372 1798 421 1826 De
447 1807 530 1827 voce
557 1796 657 1841 ι,χώ-ιι)
689 1798 809 1828 confer.
837 1799 930 1829 Ham.
958 1808 988 1837 p.
1015 1797 1063 1827 1²?-
1090 1797 1129 1828 de
1155 1806 1240 1827 voce
1267 1794 1325 1843 ε,ἷ.)
1354 1807 1383 1837 p.
1413 1799 1462 1826 l”l0
1489 1807 1520 1826 v.
1552 1797 1582 1826 1.

147 1897 180 1924 2.
204 1894 249 1924 0⁶
268 1896 403 1932 fratrem
426 1904 535 1927 meum,
562 1897 616 1932 qui
638 1895 811 1932 quamlibet
829 1895 909 1923 mihi
929 1897 1055 1932 royanli
1077 1904 1142 1924 rem
1164 1895 1258 1922 dabat
1277 1897 1308 1922 et
1329 1903 1419 1923 omne
1443 1893 1522 1922 milii
1541 1893 1687 1922 delictum
1710 1892 1901 1930 ignoscebat,

147 1951 180 1980 3.
206 1949 277 1986 Qui,
290 1953 320 1978 el
335 1951 364 1978 si
372 1949 507 1987 fulmini?
519 1950 610 1977 uubis
624 1951 707 1977 ictus
721 1953 775 1985 est,
790 1953 894 1978 lamen
909 1953 1003 1978 antea
1024 1951 1057 1977 in
1078 1960 1214 1978 occursu
1236 1950 1373 1978 hostium
1396 1950 1550 1977 invadens
1574 1949 1732 1977 riciarium
1755 1948 1942 1985 reportabat.

250 2021 284 2049 ln
311 2019 416 2058 priore
446 2028 548 2048 versu
578 2018 709 2048 fratrem
737 2027 817 2058 erga
844 2018 945 2057 ipsum
974 2018 1135 2048 liberalem
1163 2024 1195 2048 et
1222 2018 1262 2048 ad
1281 2017 1519 2048 condonandum
1540 2026 1682 2056 pronum,
1709 2017 1739 2046 in
1765 2016 1942 2056 posteriore

149 2087 296 2122 tanquam
325 2082 432 2112 sortem
464 2081 581 2112 laudat.
635 2082 734 2112 Simili
774 2080 921 2121 loquendi
959 2081 1051 2111 modo
1086 2085 1202 2119 poetae
1239 2080 1370 2119 saepius
1399 2080 1449 2108 usi
1476 2083 1551 2108 sunt
1577 2077 1682 2109 conf.
1709 2078 1802 2109 Ham.
1832 2088 1861 2118 p.
1889 2080 1944 2107 tm

148 2154 179 2177 v,
207 2143 238 2174 3.
267 2142 366 2183 μ.1’“1ῐς
395 2154 424 2172 v.
454 2143 486 2173 3.
515 2154 544 2183 p.
558 2143 600 2172 1²15
629 2154 659 2172 v.
689 2144 721 2173 7.
750 2153 779 2183 p.
793 2142 833 2172 fri
863 2153 893 2172 v.
913 2143 944 2172 4.
972 2153 1002 2182 p.
1018 2141 1065 2171 ἧς·
1095 2152 1125 2170 v.
1145 2140 1177 2171 3.
1232 2141 1314 2171 Voci
1344 2143 1416 2181 ιμ’,
1445 2149 1526 2180 quae
1554 2140 1624 2170 aliis
1650 2142 1682 2170 in
1710 2140 1788 2170 locis
1816 2141 1942 2180 pluviae

150 2205 415 2247 significationem
445 2205 548 2246 hahet,
577 2205 638 2235 hoc
665 2207 695 2234 in
723 2215 821 2235 versu
849 2205 987 2234 fulminis
1016 2203 1207 2245 significatio
1236 2203 1401 2234 tribuenda
1428 2208 1489 2233 est.

1003 2299 1098 2333 CV·

153 2366 334 2400 Sainab
357 2366 461 2400 filia
487 2365 838 2409 ‚uniamur-mae
870 2365 1079 2400 fratr-em
1102 2373 1244 2398 suum
1272 2364 1490 2398 Iasidum
1515 2363 1779 2404 deplorans
1805 2360 1943 2395 dixit.

252 2439 345 2478 Sunt,
373 2439 423 2478 qui
451 2448 469 2468 a
493 2438 590 2468 fratre
617 2438 721 2468 Tsaur
747 2439 775 2469 b.
803 2438 955 2469 Salamah
983 2442 1037 2468 aut
1062 2447 1080 2467 a
1107 2442 1208 2467 matre
1236 2446 1353 2466 versus
1381 2435 1485 2466 dictos
1519 2444 1595 2464 esse
1626 2434 1827 2464 contendant.
1855 2434 1944 2464 Ebu-

170 2521 201 2551 1)
221 2523 303 2544 Poeta
321 2527 441 2551 tempore
461 2521 590 2545 Nohmani
611 2522 635 2544 b.
655 2521 809 2545 Almondsir
828 2522 923 2544 vivens
942 2521 1043 2551 Curae,
1068 2527 1120 2551 quo
1139 2520 1255 2543 Ohmaro
1275 2521 1404 2548 regnante
1421 2524 1450 2539 se
1468 2516 1634 2547 contulerat,
1658 2523 1752 2540 versus
1771 2517 1848 2540 finem
1869 2516 1945 2547 regui

220 2564 391 2596 Moahwijahi
411 2570 501 2590 aetate
524 2566 573 2589 145
593 2572 723 2589 annor-um
743 2566 808 2589 diem
828 2572 978 2595 supremum
999 2565 1098 2589 obiisse
1117 2566 1223 2589 dicitur.
1260 2566 1295 2588 De
1322 2569 1440 2593 tempure
1467 2563 1560 2587 mortis
1583 2563 1743 2586 dissentiunt.
1760 2563 1848 2586 conf.
1876 2562 1944 2585 beat.

219 2611 251 2633 de
270 2611 344 2639 sacy
363 2610 440 2634 Catil.
460 2617 493 2633 w.
516 2610 632 2633 Dimnuh.
653 2610 677 2632 in
702 2616 753 2639 quo
772 2609 841 2633 libro
859 2610 1015 2634 Moallakat
1033 2611 1088 2634 eius
1107 2614 1148 2633 est
1174 2614 1199 2633 et
1218 2610 1405 2633 Ebu-notaio
1425 2616 1449 2640 p.
1471 2609 1532 2632 116.
1552 2608 1688 2632 flerbelot.
1707 2607 1739 2632 Τ.
1757 2608 1790 2638 n,
1809 2607 1873 2631 479.
1893 2606 1946 2632 Cir.

219 2653 353 2685 Alaghaui
371 2658 397 2678 et
415 2653 682 2678 'ranosibo-l’Asmai
701 2661 724 2684 p.
744 2653 809 2676 525.
