2155 2892
879 117 1151 149 -370—

133 218 230 249 statio
257 227 318 247 non
344 220 393 247 est
419 215 540 255 (conf.
568 215 801 246 Amru-l’Kaisi
829 217 937 249 Moall.
964 229 997 249 ν.
1026 216 1110 262 31.).
1162 219 1315 250 Feminas
1342 219 1491 259 pulchras
1519 229 1589 251 cum
1618 220 1802 252 dorcadibus
1825 231 1919 252 ⁴coisn-

133 284 261 320 paratas
287 288 373 320 esse,
401 287 498 318 saepe
524 279 662 309 vidimus
689 279 799 310 conf.
829 283 922 312 Ham.
949 281 994 312 tn?
1019 292 1051 313 v.
1078 283 1109 313 2.
1130 281 1173 312 01¹²}
1203 293 1235 312 v.
1265 283 1296 312 4.
1324 283 1430 312 Taras.
1458 282 1565 313 Moall.
1586 292 1618 312 v.
1644 283 1669 313 6
1695 293 1765 323 sqq.
1796 284 1917 324 Wadj-

132 353 186 373 rae
212 346 317 372 autem
344 342 499 372 dorcades
531 343 710 382 appellatae
737 348 822 381 sunt,
839 343 921 383 quod
947 345 989 375 ibi
1015 348 1068 375 aut
1094 345 1281 385 frequentes
1307 350 1362 376 aut
1388 346 1539 385 pulchrae
1566 351 1686 376 essent.
1735 347 1808 376 Hoc
1836 348 1919 377 enim

131 407 211 443 loco,
227 405 275 444 qui
291 405 370 435 inter
384 406 533 436 Meccam
548 407 748 445 Bazramque
775 409 858 437 situs
885 407 1023 446 spatium
1050 406 1260 449 quadraginta
1281 408 1495 439 milliariorum
1523 409 1737 450 amplectitur,
1759 409 1920 440 hominum

131 469 229 497 statio
265 477 326 497 nou
355 472 434 498 erat.
493 469 582 499 Duas
611 479 664 499 res
691 469 787 506 addit,
815 469 927 508 quibus
955 469 1154 509 pulchritudo
1181 470 1315 500 feminae
1344 471 1556 511 significatur.
1610 472 1684 502 Vox
1710 460 1813 509 323,
1840 481 1920 510 quae

131 529 173 559 ad
200 529 346 560 feminam
380 531 545 561 referenda
570 536 639 570 est,
670 531 827 571 seminam,
863 533 951 562 cuius
988 533 1070 562 oculi
1098 532 1229 572 collyrio
1258 533 1345 562 tincti
1371 537 1453 573 sunt,
1480 533 1643 575 designat3
1671 535 1813 564 solebant
1838 534 1920 563 enim

132 592 256 622 Arabes
284 593 375 633 nigra
403 593 533 634 collyria
561 595 658 625 oculis
688 595 817 625 illinere.
873 594 1063 635 Collyrium,
1091 604 1151 633 quo
1178 594 1345 624 utebantur
1364 604 1382 624 e
1406 595 1509 634 lapide
1536 597 1610 626 Mt
1639 596 1796 635 appellato
1824 605 1921 635 para-

131 657 195 684 tum
225 664 243 683 a
270 654 362 684 beato
390 656 573 685 Hamakero
602 657 631 685 in
659 657 756 686 libro:
786 658 841 687 De
868 656 1053 696 expedit.
1080 656 1325 695 Memphidis
1352 666 1382 695 p.
1411 655 1467 686 35.
1494 656 1685 697 descriptum
1712 662 1769 688 est.
1797 659 1921 687 Nostro

130 715 161 745 in
188 726 287 746 versu
314 727 375 746 non
402 717 441 747 de
470 718 619 759 collyri03
647 718 704 748 sed
730 719 769 748 de
796 719 896 749 oculis
922 718 1019 757 nigris
1048 727 1226 748 sermonem
1253 727 1340 758 esse,
1363 728 1404 748 ex
1432 728 1492 748 usu
1519 720 1609 749 vocis
1629 717 1740 760 &auiti
1762 719 1918 757 videmus,

130 780 245 818 quippe
264 789 345 818 quae
372 780 498 819 proprie
526 781 647 821 nigrum
673 781 756 810 oculi
783 780 942 822 designet,
970 782 999 810 in
1027 791 1086 820 qno
1114 781 1278 820 collyrium
1306 791 1368 811 non
1395 782 1577 811 adhibeatur
1592 783 1629 821 ¹).
1658 783 1785 812 Natura
1810 788 1916 813 autern

130 842 211 883 nigri
238 843 330 882 oculi,
359 843 469 881 quibus
497 844 662 883 collyrium
698 843 780 872 haud
819 853 898 882 opus
926 848 988 884 est,
1030 843 1150 883 pulchri
1178 844 1332 875 habentur
1361 846 1467 875 conf.
1496 846 1586 875 Ham.
1613 846 1659 873 0‘12
1685 845 1755 874 infr.
1783 850 1815 875 et
1841 846 1920 875 haec

131 913 180 933 res
216 913 315 934 causa
349 910 419 943 est,
452 914 506 934 cur
542 906 624 935 tales
663 906 745 935 oculi
773 916 841 936 cum
876 906 978 936 oculis
1013 905 1157 936 dorcadis
1191 913 1415 946 comparentur
1447 908 1485 938 ib.
1524 918 1552 948 p.
1586 909 1630 937 0‘1‘1
1670 918 1702 937 v.
1738 908 1769 938 2.
1828 908 1920 939 Oculi

130 966 266 996 caerulei
296 968 415 1006 pulchri
443 978 504 998 non
532 974 684 1008 putantur
713 970 825 999 conf.
856 970 948 999 Ham.
972 972 1015 999 ‘ur
1042 980 1072 999 v.
1102 971 1133 999 2.
1193 971 1335 1000 Alterum
1363 972 1393 1000 in
1420 981 1517 1001 versu
1550 976 1660 1001 nostro
1682 970 1918 1010 pulchritudinis

130 1028 275 1059 indicium
307 1032 338 1059 in
366 1040 404 1060 eo
429 1036 492 1071 est,
522 1032 604 1070 quod
629 1032 765 1062 molliter
793 1032 927 1063 educata
956 1033 1067 1063 dicitur
1096 1033 1200 1063 conf.
1230 1033 1320 1062 Ham.
1350 1035 1397 1063 ov‘t
1424 1044 1454 1063 v.
1486 1034 1513 1063 1.

129 1125 160 1153 2.
203 1125 254 1154 Ne
273 1128 477 1163 pere-qm'mtm
499 1137 568 1156 eum
590 1137 660 1156 esse
684 1130 809 1165 coyHes,
832 1131 888 1167 (μα’
908 1130 1021 1158 absens
1045 1132 1113 1166 est;
1135 1129 1193 1157 sed
1212 1139 1230 1157 a
1251 1139 1309 1167 quo
1331 1133 1365 1159 tu
1388 1134 1504 1159 remota
1526 1141 1570 1166 es,
1600 1133 1627 1158 is
1648 1129 1858 1168 pereyrinus!

230 1194 391 1225 Feminam
425 1197 587 1235 alloquens
617 1197 709 1238 dicit,
738 1208 820 1236 eum,
849 1198 901 1237 qui
927 1208 945 1228 a
971 1200 1039 1228 suis
1067 1197 1161 1238 absit,
1190 1200 1390 1240 peregrinum
1414 1208 1475 1228 non
1503 1209 1598 1239 esse3
1629 1208 1699 1229 eum
1728 1199 1829 1238 potius
1858 1208 1917 1238 pe-

131 1257 292 1298 regrinum
321 1268 397 1288 esse
425 1259 609 1299 habendum,
637 1270 655 1290 a
682 1269 742 1298 quo
766 1261 847 1301 ipsa,
875 1260 904 1290 in
931 1263 1023 1290 cuius
1053 1265 1215 1300 potestate
1235 1269 1290 1290 cor
1317 1262 1371 1301 sit,
1399 1264 1520 1290 remota
1546 1259 1643 1300 degat
1655 1258 1695 1298 ⁹).

906 1407 1150 1440 Lxxvss.

780 1472 1007 1507 Alius
1050 1471 1301 1511 «lixivo.

130 1540 159 1568 1.
205 1540 267 1568 Per
290 1542 424 1568 animam
447 1551 546 1569 meam
566 1545 752 1580 yenlemque
776 1540 917 1582 (libero)
937 1553 1020 1577 eum,
1057 1544 1108 1570 cw*
1128 1544 1157 1570 si
1177 1543 1234 1570 alii
1253 1552 1371 1571 noa-am
1395 1543 1513 1580 inferre
1534 1543 1670 1581 cupium,
1694 1543 1842 1579 quomodo
1864 1552 1917 1571 re-

877 1598 1039 1634 spondem,
1063 1599 1171 1624 nescit.

230 1663 365 1702 Quidam
392 1670 519 1704 poetam
547 1675 673 1705 amans,
715 1668 752 1696 ab
781 1666 849 1697 aliis
878 1665 961 1696 hunc
988 1666 1027 1695 ob
1055 1675 1193 1695 amorem
1220 1664 1328 1694 verbis
1356 1671 1508 1706 vexatus,
1537 1676 1630 1705 quum
1659 1675 1765 1696 amore
1793 1667 1916 1703 omnino

129 1732 305 1766 occupatus
332 1732 433 1768 esset,
461 1729 696 1758 criminationes
723 1729 806 1759 haud
833 1729 990 1767 repulisse
1016 1728 1152 1758 videtur.
1183 1728 1274 1766 Quae
1305 1733 1410 1758 autem
1438 1738 1490 1757 res
1518 1739 1612 1768 quum
1632 1729 1745 1758 amoris
1772 1729 1914 1760 indicium

129 1794 238 1827 esset,
266 1795 381 1829 poetae
411 1795 577 1830 tantopere
606 1793 737 1830 placuit3
774 1796 808 1820 ut
834 1800 951 1820 versus
982 1791 1078 1820 verba
1106 1790 1272 1829 proferret.
1334 1791 1457 1820 Arabes
1484 1796 1608 1829 mitem⁷
1637 1801 1674 1821 se
1702 1792 1854 1831 quendam
1882 1793 1912 1821 in

129 1861 251 1881 summo
279 1862 387 1882 amore
414 1852 530 1882 habere
558 1852 723 1882 indicaturi
754 1853 879 1893 dicunt,
916 1863 950 1883 se
979 1853 1060 1883 illum
1089 1854 1155 1883 vita
1182 1859 1214 1883 et
1241 1859 1338 1893 gente
1367 1853 1480 1883 tradita
1508 1854 1651 1883 liberare.
1713 1853 1914 1884 Scholiastes

129 1935 230 1956 voces
257 1929 334 1967 &³9⁸9
363 1931 474 1974 &malci
503 1938 521 1957 e
546 1929 646 1957 verbo
674 1929 793 1958 omisso
819 1927 913 1968 5035
941 1929 1097 1967 (redimo)
1126 1927 1265 1967 pendere
1294 1928 1468 1958 adnotavit.
1521 1928 1627 1957 Verbo
1658 1915 1737 1975 &0:³²
1759 1929 1840 1959 latus
1857 1931 1915 1960 ob-

129 1989 274 2018 vertendi
301 1990 564 2030 significationem
591 1992 705 2029 tribuo,
735 1996 768 2020 ut
796 1992 834 2021 ad
862 1992 991 2021 verbum
1020 1995 1139 2021 vertam
1164 2002 1278 2030 »quum
1306 1992 1389 2022 latus
1419 1992 1589 2022 obvertunt
1619 1992 1647 2021 ei
1685 2002 1756 2022 cum
1783 1993 1916 2032 quadam

129 2059 233 2079 noxa«
267 2051 285 2079 i.
314 2061 341 2080 e.
369 2062 459 2090 quum
488 2062 557 2082 eam
586 2053 801 2093 (personam),
831 2058 863 2082 ut
891 2063 1006 2083 noxam
1036 2054 1184 2093 inferant,
1211 2053 1452 2094 aggrediuntur.

129 2149 159 2178 2.
204 2148 315 2186 lVeque
337 2151 543 2177 excusatione
565 2151 740 2178 innocentis
753 2160 787 2178 se
799 2154 937 2179 excusat
953 2159 1053 2188 neque
1075 2150 1236 2179 silentium
1259 2152 1383 2186 rumpit,
1398 2154 1435 2179 ut
1447 2151 1590 2180 dicatur:
1606 2152 1731 2181 Crimen
1754 2154 1912 2181 commisit.

227 2217 332 2256 Quum
361 2227 398 2247 se
425 2227 485 2247 non
513 2222 656 2256 excuset,
671 2222 703 2248 ut
724 2218 901 2248 innocentia
916 2218 1085 2248 manifesta
1101 2219 1144 2247 sit
1158 2227 1260 2257 neque
1279 2218 1437 2248 silentium
1464 2212 1679 2260 interrumpat,
1695 2231 1732 2250 se
1746 2229 1911 2260 peccasse,

128 2280 270 2310 confiteri
297 2280 433 2311 videtur.
487 2281 520 2310 In
546 2280 816 2310 Ebu-Chaltikani
844 2290 939 2320 opere
966 2282 1035 2310 loco
1063 2281 1153 2311 vocis
1179 2277 1262 2308 πά*
1289 2290 1354 2311 vox
1381 2286 1460 2327 ωε)
1494 2286 1652 2313 »tremor«
1683 2284 1805 2324 legitur.

164 2409 190 2440 1)
207 2410 256 2433 Cui
276 2410 335 2433 voci
354 2410 375 2433 si
393 2411 476 2441 adipis
494 2411 573 2440 ocuti,
593 2418 643 2442 quo
663 2410 766 2442 nigrum
785 2417 810 2436 et
828 2413 917 2437 album
937 2415 1009 2438 oculi
1027 2415 1186 2441 continetur.
1206 2416 1368 2446 significatio
1388 2421 1466 2448 esset,
1486 2421 1566 2447 poeta
1584 2417 1656 2440 Ham.
1684 2411 1730 2439 οῚο
1757 2413 1815 2437 infr.
1841 2415 1908 2438 haud

211 2462 276 2484 bene
302 2455 394 2499 Ab*
420 2456 487 2487 xli.-
513 2463 635 2486 dixisset.

161 2511 191 2538 2)
211 2512 273 2535 Post
292 2519 379 2536 vecem
399 2504 453 2548 &Li
483 2513 612 2537 obiectum
631 2505 693 2537 mi
721 2520 772 2555 0²²
791 2520 823 2537 »a
841 2518 921 2545 gente
939 2521 1003 2538 sua«
1023 2519 1068 2539 aut
1087 2516 1171 2539 simile
1190 2517 1250 2547 quid
1270 2518 1395 2541 omissum
1414 2522 1462 2542 est.

161 2562 190 2591 3)
210 2561 318 2587 vernn.
337 2564 379 2592 qui
399 2565 423 2587 iu
445 2565 499 2588 Ebu
512 2565 689 2589 —Challikani
709 2572 788 2594 opere
808 2565 872 2588 ,Νι-ο.
904 2566 958 2588 832
976 2571 1131 2597 occurrunt,
1149 2568 1180 2591 ab
1201 2568 1258 2591 aliis
1277 2568 1554 2597 Ebu-Aldomainaho,
1573 2567 1605 2589 ab
1624 2566 1684 2589 aliis
1702 2566 1795 2590 susino
1815 2566 1840 2590 b.
1860 2566 1908 2590 Al-

211 2607 360 2639 thatsrijjah
379 2610 540 2635 tribuuntur.
