2155 2892
913 179 1183 210 -488-

146 279 236 309 sidus
263 279 346 309 enim
374 288 397 308 e
418 279 533 309 sentina
552 278 718 317 Calbitica,
740 279 878 313 Maisuu,
908 279 968 309 filia
1000 280 1141 319 nanduli,
1169 284 1263 310 natus
1291 280 1378 315 erat.)
1407 281 1590 319 obsequium
1618 282 1835 320 praestituram
1863 286 1937 309 esse

147 347 294 382 negaret,
323 342 415 372 fidem
443 341 605 372 dederant.
665 341 818 370 Diuturuo
847 347 952 371 nutem
982 343 1010 371 in
1038 343 1132 382 bollo,
1160 342 1242 381 quod
1271 343 1349 373 lianc
1377 345 1415 372 ob
1444 354 1574 374 causam
1603 345 1848 383 accendebatur,
1879 354 1937 384 po·-

146 404 302 434 tissiiuuin
331 405 438 445 gentis
465 404 544 434 Calb
571 408 701 433 strenuo
730 404 848 433 alixilio
876 414 958 444 gens
978 406 1122 435 Mei-wan
1155 411 1265 435 contra
1293 412 1422 445 gentem
1444 407 1605 436 llascbem
1636 409 1798 437 victoriam
1826 417 1938 446 repor-

145 466 233 496 tavit.
287 465 385 496 Genti
412 467 508 506 igilur
535 466 599 502 isti,
629 466 657 494 iu
685 475 778 505 quam
809 470 895 495 tauta
924 466 1077 497 beneficia
1106 468 1328 507 contulissent,
1350 469 1505 506 ingratum
1534 471 1668 499 tunulum
1695 476 1787 508 poeta
1816 471 1940 501 obiecit.

146 528 251 567 Quum
288 535 395 558 autem
421 530 451 558 in
479 528 556 557 urbe
596 528 753 557 Damasco
793 527 903 557 sedem
938 529 1057 567 imperii
1087 528 1249 568 habereut,
1278 535 1352 559 ante
1376 530 1434 560 alia
1467 532 1584 570 proelia
1614 533 1721 571 proelii
1750 533 1787 561 ad
1818 538 1940 570 portam

136 583 295 621 'Damasci
326 592 455 632 Djeirun
482 590 629 630 appellati
658 593 849 621 mentionem
879 591 962 622 l'ecit.
991 592 1181 621 Clialil'utum
1203 591 1544 629 (confer.('ln·estom.
1574 603 1674 622 meam
1697 604 1797 633 gram.
1826 594 1937 623 histor.

146 663 176 693 p.
192 656 232 682 lot'
249 654 338 693 sqq.)
364 657 470 683 autem
498 662 630 693 reguum
659 653 843 692 appellavit,
872 653 954 692 quod
982 656 1043 684 isto
1073 659 1216 692 tempore
1244 664 1345 693 paene
1363 664 1495 693 regnum
1516 661 1613 683 esset.
1644 655 1935 685 Alullum-:xldaula

145 716 174 745 b.
203 716 324 755 Bujab,
363 714 506 756 Bngdadi
544 719 615 753 post
654 714 807 744 Clialisain
834 716 862 744 iu
893 716 1023 754 publicis
1052 716 1201 755 precibus
1230 717 1425 756 appellatus,
1456 719 1574 756 primns
1603 728 1657 748 rex
1686 719 1862 757 appellatus
1889 724 1939 748 est

145 778 229 808 conf.
262 777 504 807 Ebu-Cliallik.
532 777 611 806 Nro.
649 776 730 806 543.
793 778 826 806 lu
852 777 984 816 imperio
1011 782 1116 807 autem
1145 778 1332 819 dignitates,
1365 779 1544 809 (thautanis
1570 786 1602 810 et
1631 781 1809 820 linamatus,
1839 787 1869 811 ut
1899 782 1940 811 ita

143 839 256 879 dicam,
275 841 461 870 coniunctae
481 844 582 878 erant,
599 846 728 878 quarum
759 840 808 869 illa
838 841 1035 879 potissimum
1065 840 1104 870 ad
1133 848 1186 869 res
1216 839 1399 873 uunulanas.
1428 841 1507 872 haec
1535 842 1573 871 ad
1601 843 1784 883 religionem
1812 847 1940 882 specta—

142 905 208 943 bat,
236 914 315 944 quas
343 913 454 934 nomen
482 903 663 934 Cballi'atns
692 904 972 943 complectebatur.
1034 904 1125 933 llaec
1158 910 1264 933 autem
1300 903 1440 944 dignitas
1479 910 1627 944 tanquam
1663 916 1680 936 a
1715 906 1939 937 Mobammede

143 967 297 1007 originem
327 965 444 995 ducens
469 965 540 995 istis
568 974 693 1004 quoque
723 966 915 1005 temporibus
937 965 1018 1005 apud
1041 967 1198 1005 principes
1224 966 1252 994 in
1272 966 1391 996 honore
1411 972 1491 1008 erat,
1510 969 1622 1006 quibus
1642 970 1762 1008 imperii
1792 974 1939 1008 potestas

143 1029 181 1058 ab
210 1038 248 1059 ea
276 1032 429 1067 separata
457 1031 535 1064 erat,
564 1026 664 1057 donec
692 1027 819 1058 tandem
849 1032 1072 1057 evanesceret.
1102 1026 1206 1065 Quum
1231 1028 1341 1066 primis
1370 1030 1563 1068 temporibus
1592 1040 1609 1060 a
1639 1031 1861 1060 Mobammcde
1889 1030 1938 1060 die

142 1092 280 1122 Veneris
321 1092 350 1121 in
384 1095 521 1132 sugestu
558 1091 701 1130 publicas
743 1101 856 1131 preces
892 1091 1025 1121 faciendi
1061 1094 1092 1120 et
1120 1092 1268 1130 populum
1297 1092 1473 1130 alloquendi
1501 1092 1639 1122 osticium
1668 1093 1696 1122 in
1724 1102 1938 1122 successores

142 1154 328 1184 translatum
356 1158 457 1192 esset,
483 1158 680 1195 suggestum
708 1158 854 1193 tanquam
882 1155 1006 1194 imperii
1033 1153 1160 1194 siguum
1188 1158 1285 1192 poeta
1311 1155 1581 1185 commemoravit.
1633 1155 1822 1196 Suggestus
1852 1157 1940 1186 locus

142 1217 246 1246 elatus
275 1216 388 1246 eratin
408 1215 569 1256 templo,in
586 1225 646 1254 quo
675 1215 790 1246 clialil'a
817 1221 908 1246 stans
928 1214 1048 1258 (primis
1077 1212 1288 1258 temporibus)
1315 1226 1429 1256 preces
1457 1217 1594 1247 faciebat
1621 1223 1652 1248 et
1681 1220 1827 1258 populum
1855 1220 1937 1249 allo-

142 1279 304 1318 quebatur.
333 1277 458 1307 Primus
482 1277 719 1319 Moahwijabus
739 1275 771 1321 (c
787 1287 804 1307 ο
820 1288 837 1308 n
854 1279 874 1309 f.
893 1265 1093 1322 AbulfvsAnn.
1115 1277 1151 1306 T.
1169 1278 1224 1316 lp.
1245 1277 1347 1318 380.)
1365 1278 1509 1310 sedebat.
1537 1280 1669 1320 Djairun
1686 1282 1817 1319 (nomen
1831 1285 1941 1321 portae

143 1341 327 1382 Damasci),
355 1341 416 1371 viri
452 1351 470 1371 e
497 1346 596 1382 gente
623 1343 750 1380 antiqua
780 1341 852 1371 Abd
879 1341 999 1370 oriundi
1026 1349 1137 1370 nomen
1165 1339 1266 1369 fuisse
1293 1340 1417 1371 (licitur.
1446 1342 1574 1372 Nomen
1602 1343 1631 1372 iu
1658 1348 1813 1382 sequente
1839 1354 1939 1374 versu

143 1403 402 1435 Abu—Katltifahi
428 1403 560 1432 Alunrui
582 1404 609 1433 b.
627 1403 766 1434 Alwalid
794 1404 821 1433 b.
837 1402 1015 1442 Obkbal1¹)
1043 1404 1182 1433 occurrit
1210 1402 1474 1440 (metr.Bas=th):
1500 1403 1708 1434 Palatium
1736 1410 1815 1436 tum
1846 1407 1934 1446 pal-

142 1476 230 1497 mae
264 1471 304 1495 et
340 1468 452 1496 inter
489 1465 562 1495 has
599 1475 668 1495 res
698 1465 897 1506 poculum
932 1463 1239 1507 magnum‘(vel
1276 1464 1458 1495 feminae
1485 1466 1738 1506 pudendum)
1765 1461 1935 1499 cariora

140 1533 236 1559 sunt
264 1528 424 1558 animae
451 1537 569 1567 quam
597 1533 746 1567 portae
774 1528 981 1567 Djairuni.
1045 1527 1178 1557 Kamusi
1211 1532 1316 1557 autem
1350 1533 1461 1557 auctor
1489 1518 1620 1567 Djairun
1648 1538 1760 1559 nomen
1790 1530 1849 1559 loci
1868 1531 1937 1560 Da·

135 1591 245 1621 musci
272 1591 363 1621 dixit.
388 1592 422 1621 In
438 1600 539 1621 versu
564 1596 673 1621 autem
701 1592 797 1621 citato
825 1591 976 1621 Damasci
1003 1591 1104 1630 ipsius
1132 1599 1247 1619 nomen
1275 1599 1351 1619 esse
1378 1590 1516 1630 videtur,
1543 1592 1662 1630 quippe
1689 1593 1797 1631 plures
1825 1598 1936 1631 portae

139 1653 265 1682 nonnisi
293 1653 452 1682 Damasco
480 1653 617 1683 adscribi
645 1654 779 1692 possint.
822 1652 1022 1682 scholiastes
1049 1652 1184 1691 loquens
1212 1652 1251 1682 de
1281 1661 1360 1682 voce
1386 1663 1501 1696 0:1⁴5?
1530 1658 1561 1682 et
1588 1654 1723 1683 vocibus
1752 1656 1896 1684 Arabicis
1920 1666 1938 1685 e

142 1727 246 1758 radice
275 1738 350 1773 05⁵?
377 1726 558 1757 derivandis
585 1735 698 1757 vocem
725 1711 804 1774 0⁷53>
834 1725 958 1768 adtulit,
986 1736 1066 1766 quae
1096 1736 1171 1765 vox,
1188 1736 1281 1766 quum
1300 1727 1400 1757 lexica
1422 1731 1556 1765 taceant,
1579 1737 1668 1766 quam
1688 1729 1791 1759 balnei
1816 1736 1935 1768 partem

142 1789 316 1832 significet,
345 1789 450 1820 dicere
461 1787 539 1819 ‘non
566 1798 698 1829 possum
727 1796 760 1820 et
787 1790 982 1819 scholiastes
1009 1798 1120 1818 vocem
1134 1789 1295 1819 Arabicae
1321 1789 1453 1830 originis
1481 1798 1557 1819 esse
1578 1789 1709 1819 dubitat.
1737 1791 1936 1821 Scholiastes

141 1861 160 1882 a
187 1857 282 1892 poeta
315 1861 397 1882 voce
424 1849 488 1881 ὼς
524 1850 610 1881 Ahlii
645 1851 790 1881 familiam
830 1852 947 1891 respici
986 1856 1092 1891 putat;
1129 1851 1199 1891 sed,
1237 1860 1330 1890 quum
1358 1852 1388 1881 in
1415 1858 1572 1890 sequente
1598 1860 1696 1881 versu
1728 1854 1836 1891 proelii
1865 1854 1936 1883 loco

141 1914 398 1954 Mardj-Raheth
428 1919 526 1954 poeta
552 1914 743 1944 mentionem
771 1913 895 1949 fecerit,
923 1912 1049 1942 Sobairi
1077 1917 1185 1952 partes
1213 1912 1409 1952 potissimum
1437 1913 1577 1952 spectari
1607 1915 1796 1952 putaverim.
1834 1915 1935 1945 Prae-

139 1976 256 2016 positio
283 1988 336 2022 0⁸
362 1985 431 2007 cum
457 1977 560 2007 verbo
590 1974 675 2020 &3542
703 1985 764 2005 non
791 1975 964 2013 cohaeret3
993 1973 1051 2004 sed
1078 1984 1096 2004 e
1122 1975 1219 2004 verbo
1237 1975 1355 2004 omisso
1370 1974 1494 2014 pendet.
1525 1976 1609 2005 Ante
1638 1985 1748 2006 vocem
1777 1975 1850 2021 [⁴⁹⁹⁰
1870 1986 1934 2007 vox

142 2046 232 2082 ojano
259 2038 515 2071 adscensum
542 2039 719 2079 supplenda
746 2042 806 2071 est,

141 2138 173 2167 2.
217 2137 263 2166 Et
283 2136 391 2166 diebus
414 2137 556 2166 omm‘bus·
578 2138 724 2166 sincerae
753 2136 846 2175 fidei,
869 2144 946 2173 qems
979 2137 1119 2169 novistis,
1153 2135 1310 2164 auxilium
1333 2135 1462 2165 tulimus
1485 2139 1516 2164 el
1537 2137 1586 2165 die
1609 2136 1760 2174 Almardj
1781 2138 1937 2166 mmilimn

778 2233 781 2235 Β
993 2190 1085 2227 forle.
1726 2187 1786 2228 fl).
1810 2188 1934 2228 657.)

253 2259 370 2289 Probat
402 2259 569 2297 exemplis,
604 2263 732 2300 gentem
769 2258 848 2289 Calb
883 2258 1034 2289 auxilium
1071 2257 1182 2288 tulisse
1211 2262 1243 2287 et
1271 2257 1356 2288 inter
1382 2258 1443 2288 alia
1470 2259 1591 2297 proelia
1616 2259 1782 2288 maximum
1809 2259 1837 2288 in
1867 2259 1934 2288 loco

140 2319 388 2360 Mardj-Rabitb
416 2319 499 2359 apud
528 2320 719 2350 Damascum
747 2321 776 2350 in
804 2320 936 2361 regione
965 2329 1100 2350 amoena
1130 2319 1262 2351 Guthah
1287 2320 1370 2351 dicta
1390 2322 1450 2351 sito
1477 2322 1672 2360 potissimum
1700 2327 1933 2358 commemorat,

140 2381 224 2422 quod
247 2382 278 2411 in
305 2382 366 2412 isto
394 2381 493 2420 (anno
512 2381 833 2421 64JAldl1ahhacus
864 2382 892 2412 b.
915 2382 992 2412 Κεὶς
1020 2382 1153 2422 Fihrita,
1178 2385 1230 2422 qui
1258 2388 1402 2423 tempore
1427 2383 1635 2422 Moahwijabi
1664 2383 1844 2422 praefectus
1873 2391 1931 2413 co-

161 2527 193 2558 1)
215 2528 252 2551 De
273 2528 331 2551 viro
350 2528 388 2551 nil
408 2527 572 2557 invenimus;
591 2528 637 2551 sed
658 2532 740 2558 pater,
760 2528 785 2552 ni
805 2529 897 2559 fallor,
917 2536 950 2552 ex
969 2529 1102 2553 sociorum
1123 2529 1313 2552 Meiba-rimedis
1332 2534 1443 2551 numero
1463 2531 1528 2551 erat.
1549 2527 1744 2551 Abotnsmano
1755 2527 1841 2551 Curae
1858 2533 1934 2558 prae-

209 2572 339 2596 tecturam
357 2573 529 2603 obtinuerat,
549 2574 593 2596 sed
614 2573 675 2596 iude
694 2576 812 2597 remotus
831 2578 878 2602 est,
897 2581 975 2604 quum
995 2575 1083 2599 ebrius
1102 2575 1224 2605 publicas
1243 2581 1334 2605 preces
1353 2574 1469 2598 fecisset.
1489 2573 1637 2598 omsmano
1657 2573 1748 2597 occiso
1767 2579 1783 2596 a
1802 2574 1888 2597 turbis
1905 2580 1934 2597 se

209 2628 319 2652 retinuit
336 2632 363 2653 et
381 2628 407 2652 iu
426 2629 521 2660 oppido
541 2628 637 2653 Rakka
656 2629 722 2653 diem
741 2635 893 2659 supremum
913 2630 978 2654 obiit
996 2630 1089 2660 (Citab
1109 2629 1364 2654 Tahdsibi-I'Asmiii
1389 2635 1412 2660 p.
1433 2622 1505 2663 ⁸liv).
