2155 2892
916 148 1189 179 —486—

155 250 259 291 magis
301 248 464 278 definitum
498 247 636 279 videtur.
702 249 967 291 Ebu-Bagdhal
1007 255 1113 281 autem
1149 248 1285 280 Homaid
1325 248 1355 278 b.
1391 247 1536 288 Bagdhal
1571 248 1767 280 Calbitarum
1804 250 1953 291 princeps

155 316 213 344 est.
275 310 476 340 Scholiastes
511 311 608 349 dixit,
645 312 752 341 Ebn-
775 312 975 353 Baghdalum
1013 312 1169 343 occidisse
1205 312 1493 343 Ebu-Sobairum.
1554 312 1666 342 Plures
1700 312 1826 351 quidem
1863 319 1954 345 erant

161 372 287 403 Sobairi
315 372 418 408 filios,
447 377 482 402 ut
509 372 639 402 Mozihb
668 374 697 403 b.
726 373 852 415 Sobair,
880 375 929 413 qui
957 384 1038 404 anuo
1067 375 1108 404 71
1141 377 1270 405 occisus
1297 380 1372 415 est;
1398 376 1458 406 sed
1485 375 1750 407 Ahbd-Allahum
1775 375 1804 405 b.
1828 376 1952 417 Sobair,

158 436 209 475 qui
238 435 352 465 chalifa
379 435 538 465 salutatus
566 438 643 472 erat,
662 433 853 464 scholiastes
880 436 1086 477 significasse
1113 437 1252 468 videtur.
1279 439 1342 468 Hic
1369 443 1476 469 autem
1503 447 1584 468 anno
1609 437 1654 467 73
1677 438 1707 466 in
1736 437 1814 467 urbe
1841 438 1955 468 Mecca

160 508 215 537 per
255 503 380 537 septem
416 506 542 528 menses
570 497 728 526 obsessus
765 497 888 528 cecidit.
940 499 1145 530 Scholiastae
1173 501 1270 540 igitur
1297 500 1397 529 verba
1423 499 1575 530 historiae
1602 503 1800 539 repugnant,
1829 499 1954 529 dubium

160 561 241 591 enim
270 570 331 589 uon
367 570 443 590 esse
481 566 609 601 potest,
652 560 725 600 quin
763 566 878 600 poetae
913 563 1012 591 verba
1043 562 1082 592 ad
1109 573 1250 604 pugnam
1278 562 1361 602 apud
1390 563 1582 592 Damascum
1609 561 1792 600 respiciant.
1847 561 1954 592 Causa

161 627 290 661 autem⁷
326 633 379 654 cur
408 624 552 654 Calbitae
580 623 878 653 Ahbd-Almalico
915 624 1150 665 irascerentur,
1189 635 1228 654 ea
1265 629 1351 660 erat,
1391 623 1474 662 quod
1507 624 1566 654 sibi
1605 624 1801 654 Kaisitarum
1839 623 1956 654 animos

161 685 326 715 beneficiis
355 686 489 726 collatis,
517 687 561 716 ita
586 690 620 715 ut
648 686 843 716 Calbitarum
872 694 1022 727 munera,
1057 695 1138 726 quos
1166 685 1379 722 removisset,
1416 684 1494 730 viris
1528 694 1546 714 e
1573 691 1670 726 gente
1697 686 1776 715 Kais
1802 686 1955 727 traderet,

158 748 325 778 conciliare
340 748 498 787 studeret7
514 748 543 776 id
564 747 645 786 quod
673 747 829 785 Calbitae,
856 748 915 777 sibi
942 747 1097 778 beneficia
1114 747 1255 778 detracta
1271 756 1351 776 esse
1375 749 1524 785 putantes
1544 756 1642 787 aegre
1658 740 1808 778 ferebant.
1837 748 1955 778 Poste-

161 810 275 838 riorem
304 818 420 838 versus
438 849 440 852 v
460 812 580 847 partem
618 808 814 839 scholiastes
851 809 890 839 ad
925 810 1084 840 orationes
1119 810 1149 840 in
1186 814 1345 851 suggestu
1383 816 1439 840 aut
1467 820 1486 840 a
1513 811 1626 840 chalifa
1654 817 1709 841 aut
1732 812 1773 842 ¹ab
1801 813 1871 842 aliis
1898 821 1955 852 pro

160 872 275 903 chalifa
301 871 463 902 habendas
494 873 657 911 respicere
687 877 797 914 putat3
825 872 883 903 sed
912 873 1019 902 verbis
1048 872 1228 913 generalior
1254 882 1375 902 sensus
1404 872 1497 903 tribui
1518 876 1636 914 potest,
1654 877 1688 903 ut
1708 877 1808 904 totam
1826 879 1956 915 gentem

159 934 295 964 deletam
323 933 496 974 significet.
549 934 692 965 Subiecti
721 935 893 964 verborum
921 930 1012 969 &exst
1040 933 1096 980 035
1120 936 1252 965 verbum
1282 937 1436 965 omissum
1463 939 1525 966 est.

158 1043 191 1072 3.
236 1043 281 1072 Ec
302 1052 398 1081 quiem
421 1045 454 1072 Ιιι
476 1044 508 1070 in
530 1041 658 1080 Syriam
677 1044 841 1080 profectus
863 1052 950 1071 esses
963 1046 1065 1080 capite
1079 1045 1159 1073 elato
1182 1046 1218 1074 ob
1238 1047 1418 1083 potentiam,
1437 1055 1531 1084 quam
1549 1054 1638 1077 nemo
1655 1047 1809 1084 attinyere
1824 1049 1957 1084 poterat,

159 1112 191 1140 4.
237 1111 374 1141 Silulam
395 1120 543 1148 nmquam
572 1113 754 1141 inimicitiae
778 1113 867 1142 nobis
888 1113 1002 1142 dedisti
1024 1117 1052 1142 te
1073 1117 1219 1143 avertens
1240 1111 1281 1154 (a
1303 1112 1425 1155 nobis),
1449 1116 1545 1153 quasi
1564 1124 1626 1149 res,
1651 1124 1732 1153 quus
1755 1117 1877 1152 tempus
1897 1115 1958 1143 ad·-

940 1167 1016 1205 fert,
1044 1169 1181 1204 ignores.

260 1234 297 1263 Ei
325 1234 441 1274 obiicit,
470 1233 552 1273 quod
580 1234 725 1264 beneficii
752 1236 925 1274 immemor,
956 1246 1048 1276 quum
1068 1237 1200 1276 imperio
1228 1237 1349 1276 potitus
1368 1242 1471 1276 esset,
1486 1238 1607 1268 amicos
1625 1238 1815 1280 neglexerit.
1843 1238 1959 1278 Syriae

159 1301 267 1327 autem
283 1296 482 1335 potissimum
497 1296 687 1326 mentionem
699 1296 786 1334 fecit,
802 1297 887 1337 quod
900 1297 934 1327 in
959 1299 1036 1328 urbe
1049 1299 1208 1329 Damasco
1222 1299 1348 1338 imperii
1360 1299 1458 1329 sedes
1488 1304 1588 1330 esset.
1620 1301 1700 1330 Tum
1715 1309 1850 1342 quoque,
1877 1299 1960 1339 quod

160 1362 192 1390 in
204 1358 300 1398 Syria
313 1358 435 1397 imperii
450 1357 545 1387 sedes
561 1363 664 1398 esset,
679 1358 812 1388 verbum
824 1357 910 1399 εμὲ
922 1359 1075 1401 adhibuit,
1088 1361 1201 1400 quippe
1219 1349 1340 1401 imperii
1352 1361 1449 1392 sedes
1466 1362 1636 1402 (thronus)
1651 1352 1765 1392 elatior
1779 1367 1957 1401 putaretur.

162 1421 268 1460 Caput
283 1421 399 1450 elatum
416 1425 523 1450 autem
540 1420 719 1459 superbiam
739 1420 858 1451 indicat
876 1426 909 1451 et
924 1431 990 1451 vox
1007 1418 1136 1459 &uba-«3
1151 1432 1206 1461 pro
1221 1419 1367 1460 audam-‚2
1384 1429 1445 1454 est.
1462 1423 1553 1461 Quae
1573 1424 1767 1454 scholiastes
1782 1423 1906 1462 adtulit,
1920 1422 1960 1454 ad

163 1484 295 1513 verbum
311 1484 373 1532 {xiij
389 1483 452 1514 hoc
466 1483 496 1513 in
516 1492 616 1513 versu
637 1483 861 1522 explicandum
881 1494 991 1523 parum
1008 1485 1211 1525 faciunt7nisi
1225 1487 1255 1515 ei
1274 1495 1292 1514 e
1312 1485 1483 1525 longinquo
1498 1484 1590 1515 dandi
1607 1489 1641 1514 et
1656 1484 1839 1525 porrigendi
1854 1486 1959 1525 signi-

165 1546 346 1576 ficationem
363 1546 472 1576 tribuis
488 1546 592 1583 modo,
609 1554 670 1584 quo
697 1546 766 1584 quis
785 1555 802 1575 e
821 1546 992 1587 longinquo
1012 1548 1127 1578 vulnus
1157 1548 1266 1589 gladio
1294 1548 1416 1588 infligit.
1442 1547 1646 1586 Djeuharius,
1675 1546 1805 1576 diversa
1831 1546 1958 1585 quidem

162 1608 402 1638 constructione
434 1617 503 1638 cum
536 1608 723 1638 accusativo
760 1618 920 1647 personae
954 1615 988 1640 et
1014 1609 1250 1650 praepositione
1277 1610 1336 1639 Ba
1362 1608 1419 1647 rei,
1447 1608 1549 1637 verbo
1577 1607 1669 1637 dandi
1696 1606 1960 1647 significationem

164 1670 290 1709 tribuit3
318 1669 377 1699 sed
393 1669 428 1699 fit
447 1669 614 1707 interdum,
631 1674 663 1700 ut
679 1680 773 1700 unum
801 1672 934 1702 verbum
962 1673 1000 1702 ab
1030 1673 1131 1702 altero
1161 1681 1230 1702 cum
1255 1669 1497 1710 significatione
1525 1668 1651 1707 aequali
1668 1669 1731 1703 vvel
1756 1668 1849 1698 simili
1877 1677 1957 1703 con-

160 1731 303 1761 struendi
331 1731 456 1761 modum
487 1731 667 1760 obtinuerit.
721 1732 755 1760 In
782 1734 953 1771 proverbio
981 1733 1097 1772 (Mem,
1128 1734 1160 1763 6.
1195 1732 1292 1771 133.)
1327 1728 1432 1767 Aisa·
1451 1718 1551 1774 =-,a5>⁵l.
1584 1730 1729 1760 »Bellum
1757 1730 1856 1760 situla
1883 1734 1954 1759 est«

160 1793 274 1823 bellum
302 1793 339 1822 ob
368 1791 596 1822 vicissitudinis
625 1801 694 1821 cum
721 1793 818 1823 situla
845 1794 938 1824 modo
968 1795 998 1824 in
1026 1800 1157 1833 puteum
1186 1793 1338 1833 demissa,
1367 1793 1461 1823 modo
1488 1799 1635 1824 extracta
1661 1794 1835 1825 confertur.
1875 1793 1956 1823 Cum

162 1855 222 1884 hoc
261 1853 406 1893 loquendi
444 1852 536 1882 modo
574 1853 674 1883 verba
709 1853 739 1883 in
769 1864 868 1884 versu
904 1857 1039 1888 situla
1081 1858 1338 1888 inimicitiae
1366 1857 1539 1887 cohaerere
1565 1857 1725 1889 videntur.
1777 1856 1898 1885 Malum
1926 1860 1960 1885 et

162 1917 318 1946 inimicitia
345 1921 450 1945 autem
479 1925 550 1945 cum
579 1925 659 1954 aqua
685 1922 924 1960 comparantur,
963 1930 1044 1958 quae
1080 1930 1141 1960 ope
1171 1920 1288 1950 situlae
1318 1929 1336 1949 e
1363 1925 1459 1958 puteo
1491 1918 1668 1949 extrahitur
1709 1918 1839 1957 (conf.
1867 1918 1958 1948 Ham.

160 1980 213 2008 tvi*
239 1989 269 2008 v.
300 1977 365 2018 2.).
410 1979 443 2007 Ιι]
473 1979 651 2017 posteriore
680 1988 799 2008 versus
828 1986 920 2019 parte
947 1982 1143 2012 scholiastes
1169 1986 1295 2021 poetam
1323 1980 1431 2010 dicere
1458 1983 1570 2019 putat,
1598 1978 1746 2009 fortunae
1773 1987 1881 2021 casus,
1909 1978 1959 2017 qui

163 2040 434 2070 Ahbd-Almalico
465 2041 677 2082 contigerint,
717 2041 859 2083 efficere,
887 2048 922 2074 ut
949 2054 1058 2074 eorum
1086 2046 1219 2085 ignarus
1247 2043 1302 2085 sit,
1335 2052 1415 2082 quae
1442 2042 1548 2072 futura
1575 2041 1650 2074 sint.
1701 2040 1770 2070 Sed
1796 2040 1876 2070 alter
1911 2040 1960 2070 le-

160 2102 254 2143 gendi
283 2102 394 2132 modus
422 2112 487 2132 vox
515 2103 561 2131 LA:
590 2107 648 2143 est,
679 2109 714 2133 ut
741 2107 815 2135 voci
833 2104 928 2143 „Ul-0>
945 2106 1035 2134 vocis
1064 2106 1142 2142 &5oe
1170 2104 1352 2144 (socordis)
1382 2103 1574 2148 significatio
1603 2103 1759 2132 tribuatur
1783 2107 1816 2132 et
1841 2110 1959 2132 sensus

159 2167 219 2196 sit:
248 2166 338 2204 quasi
366 2175 417 2195 res
446 2165 571 2195 futuras
600 2175 661 2194 non
691 2176 819 2197 curans.
868 2168 1105 2199 Grammaticus
1134 2165 1349 2206 Ebu-Djinni
1376 2164 1460 2195 hunc
1487 2164 1613 2206 legendi
1641 2165 1768 2195 modum
1795 2164 1960 2195 clariorem

158 2238 290 2258 sensum
318 2229 462 2268 proferre
492 2228 580 2258 dixit.
633 2229 667 2258 In
694 2230 803 2260 verbis
831 2236 939 2261 autem
966 2231 1069 2260 minae
1096 2228 1222 2260 latent?

161 2339 193 2368 5.
239 2338 342 2374 Quum
367 2341 399 2367 in
422 2339 497 2368 colli
510 2341 653 2378 faslt‘yiis
675 2343 864 2374 immineres,
881 2350 994 2377 corpus
1013 2343 1100 2369 tuum
1120 2339 1322 2374 contraxisti,
1335 2339 1487 2377 siquidem
1504 2340 1616 2367 timens
1639 2347 1753 2375 corpus
1772 2335 1938 2365 contrahit.

260 2408 471 2438 Timiditatem
500 2410 632 2449 principi
661 2410 878 2450 obiicitsquae
904 2411 990 2438 tanta
1019 2406 1148 2448 fuisset,
1167 2412 1213 2445 ut,
1240 2408 1268 2436 si
1294 2407 1325 2436 in
1352 2408 1432 2438 colle
1459 2412 1655 2445 versaretur,
1683 2414 1799 2445 corpus
1827 2409 1959 2434 eontra-

158 2469 266 2509 heret3
296 2470 427 2500 timidus
454 2473 538 2501 enim
563 2476 717 2510 metuens,
733 2482 773 2502 ne
800 2472 922 2512 sagitta
949 2480 1019 2501 eum
1037 2470 1195 2510 adtingat,
1224 2474 1317 2509 caput
1340 2470 1515 2509 deprimere
1542 2468 1625 2511 solet
1652 2466 1758 2499 conf.
1783 2467 1876 2496 Ham.
1903 2465 1979 2496 ‘tow'

158 2554 189 2572 ψ
217 2534 248 2562 4.
278 2533 310 2562 {n
341 2533 501 2562 Mersukii
531 2533 640 2563 codice
667 2543 766 2564 sensu
793 2533 876 2564 haud
904 2536 1026 2563 mutato
1055 2535 1114 2578 'iia-l)
1142 2529 1206 2578 Qui)
1234 2530 1259 2570 3
1289 2533 1407 2574 legitur
1433 2537 1466 2573 et
1494 2532 1524 2561 in
1552 2519 1688 2560 Tebrisii
1717 2529 1826 2560 codice
1852 2527 1958 2566 vox3'

158 2594 229 2623 voci
256 2609 298 2632 U*
326 2595 550 2634 superscripta
579 2600 642 2625 est.
1452 2582 1454 2585 i
