2155 2892
882 114 1155 145 —448—

125 226 160 252 ut
186 220 323 260 pluviam
351 218 532 248 continuam
559 226 636 248 esse
662 217 788 248 indicet.
828 217 917 248 Talis
945 222 1051 248 autem
1079 216 1188 257 pluvia
1213 215 1320 255 pabuli
1346 215 1558 246 abundantem
1586 216 1709 255 copiam
1735 217 1913 257 producere

124 284 219 313 solet.
248 282 388 312 Verbum
416 272 524 318 2353&ss
553 281 606 320 (ut
632 289 689 320 pro
716 273 839 317 ῳὶῐζλκὲ
867 280 940 319 sit),
969 289 1039 310 cum
1066 279 1170 309 vocali
1195 278 1352 309 Dhamma
1380 280 1409 309 in
1437 278 1499 309 fine
1527 283 1560 309 et
1587 287 1656 308 cum
1684 279 1786 309 vocali
1812 280 1916 310 Fatha

123 345 178 383 (ut
205 343 408 382 praeteritum
437 341 508 383 sit),
533 342 564 371 in
592 341 755 372 codicibus
783 341 955 381 profertur.
985 341 1096 372 Voces
1123 347 1205 389 &22⁴⁶
1219 345 1251 371 et
1267 341 1362 378 &tyn-a
1391 341 1421 371 in
1448 343 1547 380 prima
1566 340 1674 370 littera
1700 349 1825 380 quoque
1844 350 1911 371 cum

123 407 227 437 vocali
252 406 359 437 Fatha
374 406 562 438 efferuntur.

122 518 155 546 4.
197 516 269 554 Eyo
292 519 384 555 cerlo&
398 517 464 555 scio
487 525 588 553 neque
608 515 753 552 opinione
774 517 865 550 nitor,
882 525 962 550 eum,
983 516 1075 544 cuius·
1098 514 1197 543 cliens
1218 514 1383 551 despectus
1401 515 1452 548 sit,
1477 514 1568 543 vilem
1590 523 1669 543 esse.

218 585 298 616 Viro
324 585 488 625 perfidiam
516 594 594 626 erga
621 585 779 625 clientem,
809 589 842 614 ut
867 594 938 614 eum
966 584 1049 614 hand
1076 583 1237 619 defendat,
1267 583 1385 612 obiicit.
1413 583 1587 612 Proverbia
1613 582 1683 621 ipsa
1710 585 1849 620 monent,
1876 589 1916 609 ne

123 646 194 686 quis
231 646 366 676 clientes
401 646 572 677 frustretur
604 651 659 676 aut
696 646 827 676 deserat
861 645 962 675 conf.
998 645 1095 675 Meid.
1126 645 1165 685 7,
1191 644 1246 675 33.
1278 644 1336 685 24,
1364 642 1445 673 339.
1500 643 1603 682 Quum
1633 645 1765 674 verbum
1795 640 1849 688 rAa:
1874 642 1914 672 de

123 709 269 749 opinione
295 718 422 749 quoque
448 709 656 750 adhibeatur)
683 710 784 739 verba
810 704 897 754 05:131?
923 704 995 749 Um]
1023 707 1155 747 addidit,
1181 716 1220 736 ne
1248 707 1320 747 quis
1348 707 1387 736 de
1414 707 1550 737 veritate
1578 710 1758 737 sententiae
1788 706 1915 736 dubita-

121 777 181 802 ret.
241 772 417 802 Pronomen
452 774 484 802 in
517 781 599 801 voce
637 769 677 800 *55
707 781 726 801 a
752 770 988 812 grammaticis,
1016 769 1097 808 quod
1125 773 1221 799 totam
1250 771 1439 798 sententiam
1469 772 1656 808 sequentem
1683 768 1915 807 complectitur,

122 844 295 874 pronomen
321 837 383 864 rei
409 835 603 874 appellatum
631 839 693 863 est.
738 832 849 864 Gram.
876 833 932 862 Ar.
960 832 996 861 T.
1026 832 1053 860 11
1080 841 1109 870 p.
1139 830 1220 860 371.
1250 830 1331 860 372.
1369 830 1428 859 Rei
1458 830 1667 869 explicandae
1694 839 1791 860 causa
1818 829 1915 860 scho—

121 897 234 926 liastes
261 901 449 934 sequentem
478 896 688 935 Almosajjabi
714 896 743 926 b.
772 895 874 924 Ahlas
899 903 1027 924 versum
1057 893 1171 922 adtulit
1198 893 1307 931 (metr.
1335 891 1553 929 MotakaribJ:
1581 892 1699 921 Inter
1726 891 1914 920 homines

123 962 238 996 sunt,
266 957 335 996 qui
363 956 488 999 longe
512 957 692 987 remotis
720 957 828 987 dona
855 956 950 986 dent
977 960 1017 985 et
1045 965 1119 995 per
1147 965 1260 995 quem
1288 955 1556 994 propinquus
1583 954 1704 983 miser
1725 953 1790 983 sit.

122 1067 153 1096 5.
202 1065 273 1094 Viri
297 1066 415 1103 linqua,
441 1068 495 1095 cui
513 1067 682 1103 prudentia
705 1075 768 1094 non
787 1069 844 1102 est,
855 1067 957 1103 ipsius
980 1065 1065 1094 locos
1085 1068 1232 1103 patentes
1254 1066 1382 1094 indicat.

221 1136 283 1166 Hic
311 1145 440 1177 versus,
468 1136 520 1175 qui
545 1138 577 1166 in
603 1135 760 1166 Mersukii
787 1135 895 1166 codice
922 1135 1134 1176 desideratur,
1162 1144 1263 1164 sensu
1289 1143 1360 1164 cum
1388 1136 1493 1173 priore
1513 1133 1616 1163 minus
1646 1132 1808 1162 cohaeret.
1836 1132 1918 1163 Eum

123 1201 302 1238 vituperat,
336 1200 388 1237 qni
424 1208 540 1229 arcana
575 1208 636 1229 non
672 1198 850 1239 custodiat3
885 1197 945 1228 sed
980 1197 1193 1237 imprudenter
1226 1196 1381 1235 loquatur.
1442 1196 1518 1225 Non
1544 1204 1644 1234 posse
1673 1204 1733 1224 non
1761 1203 1830 1224 cum
1856 1194 1917 1223 sua

124 1261 217 1300 culpa
244 1261 274 1290 in
301 1269 416 1291 noxam
442 1261 591 1292 incidere.
645 1261 721 1292 Vox
747 1266 825 1308 '‘b->⁸
850 1261 919 1291 loca
944 1260 1040 1301 nuda,
1068 1264 1179 1290 contra
1205 1259 1331 1289 hostem
1361 1258 1446 1289 hand
1474 1258 1608 1289 defensa
1635 1256 1866 1299 significantur.

125 1393 186 1433 (ι).
210 1391 344 1435 633.)
974 1392 1063 1425 lx.

448 1458 696 1496 Rusellair
718 1459 756 1492 1».
784 1458 933 1500 onajj
960 1459 999 1492 b.
1018 1458 1314 1500 Djasssimaln
1339 1461 1423 1493 etc.
1448 1456 1585 1492 (lixit.

221 1530 256 1558 111
283 1530 441 1559 Mersukii
468 1530 577 1560 codice
603 1540 718 1560 nornen
744 1532 859 1561 Bischr
887 1532 915 1562 b.
944 1531 1234 1570 Abi-Djodsaimah
1262 1532 1400 1571 scriptus
1427 1537 1486 1561 est.

123 1613 150 1641 l.
193 1613 280 1642 qum
308 1615 441 1642 caudam
471 1615 624 1644 nobilibus
646 1624 759 1652 moves,
784 1625 800 1643 o
822 1617 913 1644 simia
933 1618 1038 1650 gentis
1061 1616 1239 1654 He‘dsjami!
1258 1620 1288 1646 et
1310 1626 1384 1646 mem
1405 1617 1496 1645 simia
1519 1616 1561 1644 ad
1581 1614 1714 1643 caudam
1738 1613 1918 1641 mot-endam

912 1673 1037 1699 creatus
1061 1672 1132 1699 est?

225 1734 390 1772 Quendam
418 1736 525 1776 gentis
554 1736 630 1765 Kird
665 1737 837 1778 vituperat,
865 1738 947 1777 quod
973 1740 1042 1778 ipse
1070 1740 1144 1769 vilis
1171 1741 1201 1769 in
1227 1740 1349 1770 nobiles
1377 1741 1518 1771 invehat.
1571 1740 1694 1770 Versui
1721 1739 1811 1768 lusus
1839 1745 1915 1766 ver-

125 1798 234 1827 borum
272 1798 368 1838 inest,
397 1808 479 1836 nam,
515 1808 605 1838 quum
640 1809 722 1840 gens
750 1800 827 1830 Kird
863 1800 1012 1842 (simiae)
1048 1812 1162 1832 nomen
1187 1808 1290 1843 esset,
1317 1805 1414 1833 istum
1443 1808 1592 1842 tanquam
1625 1811 1660 1831 re
1688 1810 1766 1830 vera
1793 1799 1915 1829 simium

124 1862 279 1891 allocutus
309 1866 369 1891 est.
398 1862 544 1902 Hidsjam
572 1862 644 1892 mihi
672 1863 777 1901 gentis
804 1864 1029 1905 nomen3Ki1·d
1056 1871 1161 1895 autem
1189 1875 1368 1906 cognomen
1397 1865 1499 1894 fuisse
1528 1864 1663 1894 videtur.
1691 1857 1918 1905 Verbum5h'>

125 1924 346 1954 admissarium
374 1925 487 1955 cameli
515 1925 647 1956 caudam
675 1935 819 1966 movere,
848 1936 943 1966 quum
970 1927 1000 1956 in
1029 1928 1164 1958 alterum
1192 1929 1414 1959 admissarium
1441 1929 1543 1968 irruit,
1572 1926 1734 1967 significat
1754 1930 1786 1955 et
1813 1925 1916 1953 virum

126 1997 196 2017 cnm
224 1987 412 2017 admissario
439 1990 616 2027 comparari
643 1989 780 2019 vidimus
809 1987 930 2032 (conf.
967 1990 1060 2020 Ham.
1089 1990 1146 2020 5⁸1²v
1169 2002 1201 2021 v.
1230 1993 1294 2031 4.).
1347 1992 1474 2021 Versus
1505 1998 1623 2019 sensus
1650 1989 1746 2029 igitur
1773 1991 1839 2017 est:
1869 1987 1917 2015 'l'u

125 2051 215 2079 simio
252 2051 364 2080 similis
404 2057 550 2089 tanquam
587 2052 729 2081 camelus
764 2052 971 2082 admissarius
999 2057 1031 2082 te
1058 2047 1147 2093 geris
1177 2060 1210 2084 et
1237 2055 1336 2084 instar
1362 2053 1512 2092 principis
1538 2055 1569 2082 in
1597 2052 1717 2081 nobiles
1744 2051 1917 2081 inveheris·

125 2114 257 2143 Poetam
287 2112 407 2143 simiam
439 2114 527 2143 brevi
555 2115 657 2145 canda
683 2114 859 2153 praeditam
886 2121 960 2145 ante
988 2117 1097 2146 oculos
1125 2117 1284 2154 habuisse,
1313 2126 1330 2145 e
1358 2116 1501 2154 proxime
1528 2118 1683 2153 sequente
1711 2122 1808 2143 versu
1835 2121 1916 2153 cog-

124 2177 294 2215 novimus,
336 2180 369 2204 nt
395 2176 525 2205 verbum
549 2173 628 2221 jhs>
654 2177 825 2217 improprie
852 2177 1021 2209 adhibitum
1046 2179 1097 2209 sit.
1149 2179 1228 2209 Rem
1255 2179 1341 2218 ipsos
1369 2177 1488 2216 facere,
1516 2187 1598 2217 quae
1624 2181 1757 2207 naturae
1783 2180 1815 2206 et
1840 2184 1917 2205 con-

128 2238 236 2267 ditioni
267 2237 350 2267 haud
375 2239 559 2279 conveniat,
587 2239 672 2269 dicit.

125 2335 156 2363 2.
201 2335 382 2365 caudarum
404 2337 538 2365 brevitas
560 2336 708 2374 impedire
732 2337 834 2372 debet,
860 2339 1028 2376 quominus
1051 2339 1184 2368 caudam
1206 2341 1362 2375 moveatis,
1387 2340 1461 2368 dum
1483 2339 1588 2369 vilitas
1607 2340 1712 2376 yemis
1733 2338 1817 2367 Kird
1837 2348 1916 2376 quo-

914 2394 962 2420 vis
984 2392 1050 2421 loco
1067 2396 1123 2422 est.

225 2459 338 2488 Monet
374 2463 519 2500 gentem,
557 2469 597 2489 ne
634 2464 768 2490 naturae
802 2460 1034 2500 conditiouique
1071 2465 1257 2493 contrariam
1291 2463 1405 2504 agendi
1433 2463 1586 2494 rationem
1613 2466 1768 2502 sequatur
1794 2467 1827 2491 et
1854 2472 1916 2502 quo

127 2523 198 2551 loco
225 2526 396 2551 versatur-a
431 2522 489 2562 sit,
524 2531 561 2551 eo
594 2523 750 2552 vilitatem
785 2524 998 2563 apparituram
1033 2533 1105 2555 esse
1133 2525 1219 2555 dicit.
1274 2525 1369 2566 Sunt,
1398 2526 1449 2564 qui
1480 2523 1713 2556 Banu-Kird
1743 2533 1917 2564 cognomen

131 2585 266 2625 convicii
295 2594 392 2624 cansa
418 2585 525 2616 datum
553 2595 626 2620 esse
649 2585 767 2616 dicant.
