2155 2892
899 153 1165 184 —333-

143 254 206 279 tam
234 259 304 281 cum
332 252 498 282 vocalibus
526 252 653 292 passivi
679 260 769 291 quam
797 251 891 281 activi
919 252 1023 282 etl'erri
1051 256 1168 291 potest.
1222 251 1295 281 Vox
1327 252 1492 282 vocalibus
1519 253 1640 292 passivi
1669 254 1833 284 enunciata
1851 263 1925 293 per-

141 312 254 344 fectam
281 315 422 354 corporis
451 314 594 353 formam,
619 315 785 344 vocalibus
813 315 908 344 activi
935 315 1027 344 animi
1058 312 1304 355 generositatem
1332 313 1501 354 designare
1529 315 1648 345 dicitur.
1706 315 1859 346 t'articula
1886 315 1924 360 Ol

139 383 238 406 sensu
265 375 428 415 superflua
456 380 515 406 est.

140 472 172 500 ⁴.
217 471 270 501 Ad
287 471 437 500 carnelum
459 471 590 500 tendens
612 480 744 508 magnas
757 480 858 508 yemes
872 471 1031 500 habentem
1043 473 1204 509 pinquem,
1228 480 1308 508 qaae
1330 474 1394 499 lum
1419 472 1517 500 tribus
1537 474 1668 508 pedibus
1690 475 1924 511 incessumque

784 536 898 563 'nu-quo
921 536 1015 554 '181'1‘0
1038 530 1068 554 e!
1088 536 1158 554 (IS-5?
1178 526 1275 562 stellis.

252 596 295 626 Ut
327 599 442 634 quanta
466 594 636 624 liberalitas
667 594 771 633 suerit,
798 595 957 636 ostendat,
985 595 1135 624 camelum
1161 598 1329 624 mactatam
1358 593 1519 624 describit.
1573 594 1675 633 Quae,
1702 595 1772 624 sive
1800 595 1921 635 magnis

143 659 237 700 genis
267 656 431 696 praeditae
457 657 529 686 sive
557 657 706 686 robustae
733 659 821 687 vocis
847 654 944 698 1U?,
972 657 1164 698 significatio
1193 656 1235 686 sit
1274 654 1408 698 (cons.
1438 656 1541 687 llarir.
1569 666 1598 695 p.
1626 655 1706 696 fudi),
1734 667 1922 697 generosam

141 720 283 751 cauteiae
319 719 454 749 indolem
486 719 601 750 indicat
634 720 740 758 (Caab
773 720 801 750 b.
837 719 951 749 Sohair
982 729 1014 748 v.
1046 720 1117 758 18).
1148 720 1220 749 Non
1247 719 1348 748 solum
1377 728 1536 759 generosa
1564 723 1661 756 erat;
1690 728 1800 748 verum
1827 719 1920 748 etiam

140 783 290 823 pinguiS,
324 792 385 823 qua
419 793 453 812 re
489 784 558 812 eius
598 783 731 822 pretium
760 782 946 822 augebatur.
1010 782 1174 812 Camelum
1202 781 1369 811 mactaturi
1397 790 1528 810 nervum
1558 790 1702 821 inagnum
1731 782 1866 823 (VJ-³⁴5²)
1895 781 1924 811 in

138 844 268 883 pedibus
305 845 534 884 posterioribus
560 845 743 883 succidere,
784 849 817 874 ut
845 844 872 873 in
901 849 1015 873 terram
1043 843 1239 883 procideret,
1269 843 1457 883 incipiebant
1498 843 1619 881 (conf.
1654 844 1747 873 llam.
1784 852 1814 882 p.
1846 844 1921 882 ἹΛΛ).

137 904 250 945 Poeta,
269 915 361 945 quum
390 906 512 936 nonnisi
541 907 632 937 unius
661 906 751 946 pedis
778 916 910 935 nervum
937 905 1139 943 succidisset,
1167 906 1266 935 tribus
1296 905 1426 944 pedibus
1455 914 1524 934 eam
1552 904 1699 934 incedere
1719 905 1801 937 dicit,
1831 904 1923 942 Quod

137 971 243 997 autem
279 976 315 996 os
351 967 441 1006 pedis
476 968 567 998 simul
602 974 724 1008 ruptum
751 977 827 998 esse
855 967 946 1008 dicit,
987 977 1024 997 eo
1059 968 1153 997 robur
1181 977 1268 998 suum
1296 968 1435 998 indicans
1461 967 1555 997 simul
1583 967 1827 997 homoioteleuto
1864 976 1921 997 sa-

135 1030 264 1064 tisfecit.

139 1128 171 1157 5.
216 1127 377 1167 crassam,
401 1137 563 1161 annosam,
588 1137 667 1166 quae
692 1130 778 1157 senis
799 1131 877 1166 erat,
902 1130 989 1157 cuius
1014 1128 1147 1156 indolem
1168 1129 1284 1157 debitor
1309 1131 1403 1157 care!-

234 1198 269 1227 ln
296 1198 414 1228 camela
440 1197 646 1228 describenda
673 1197 779 1238 pergit
806 1202 848 1236 et,
879 1197 979 1236 qualis
1006 1198 1075 1227 eius
1103 1207 1275 1236 possessor
1303 1198 1409 1236 suerit,
1437 1197 1531 1227 addit.
1561 1198 1692 1228 Debitor
1715 1209 1785 1228 eum
1801 1208 1918 1230 cavere

137 1259 240 1300 solet,
277 1260 328 1298 qui
362 1269 507 1299 magnum
536 1259 580 1289 rei
610 1261 743 1298 pretium
771 1259 911 1298 postulat
949 1263 981 1288 et
1019 1259 1204 1300 debitorem,
1232 1265 1266 1289 ut
1294 1261 1412 1298 solvat,
1440 1262 1561 1300 premit.
1614 1262 1700 1292 'satis
1729 1263 1788 1292 viri
1815 1272 1919 1293 came-

138 1320 198 1349 lam
225 1326 362 1350 mactare
390 1322 511 1362 gloriae
539 1321 594 1351 sibi
621 1321 785 1351 ducebant.
837 1321 977 1350 Similem
1006 1330 1133 1351 sensum
1161 1322 1361 1352 'l‘harasahus
1389 1323 1417 1351 in
1446 1332 1542 1351 versu
1571 1323 1616 1352 85
1653 1333 1720 1362 sqq.
1750 1325 1918 1363 expressit.

136 1381 184 1411 De
210 1383 299 1412 vocis
326 1383 389 1423 iit-35
419 1383 652 1424 significatione
686 1382 906 1423 lexicographi
937 1392 997 1411 non
1025 1385 1248 1423 consentiunt3
1286 1385 1355 1414 aliis
1383 1385 1533 1426 pinguem
1561 1385 1632 1417 aliis
1657 1395 1806 1426 crassam,
1839 1395 1921 1425 quae

135 1447 194 1476 iam
223 1447 252 1475 in
280 1454 318 1474 eo
345 1450 407 1486 est,
436 1451 469 1475 ut
504 1445 543 1476 ad
571 1451 707 1476 aetatem
738 1446 966 1484 provectiorem
994 1446 1161 1484 perveniat
1188 1446 1224 1484 (i.
1252 1456 1280 1476 e.
1308 1447 1390 1476 haud
1419 1447 1589 1485 iuvenca),
1617 1447 1686 1476 aliis
1714 1457 1802 1485 eam,
1838 1458 1919 1487 quae

137 1512 240 1537 cutem
266 1508 400 1546 amplam
430 1508 616 1547 papillarum
648 1508 754 1538 uberis
784 1508 879 1538 hahet
906 1509 954 1546 (iu
981 1517 1041 1548 quo
1066 1508 1212 1538 indicium
1243 1509 1333 1538 lactis
1361 1508 1548 1538 abundantis
1576 1509 1732 1549 videtur),
1748 1509 1916 1550 significat.

135 1604 168 1633 6.
216 1604 291 1633 Tum
314 1614 383 1633 cum
405 1606 473 1642 ipso
496 1606 632 1634 lubentes
654 1607 781 1634 saliari!
801 1609 831 1634 et
851 1606 1016 1641 quain-nia
1037 1605 1098 1633 duo
1122 1605 1164 1633 ad
1184 1614 1235 1633 eos
1257 1607 1404 1642 portat-il,
1428 1615 1559 1642 quorum
1575 1605 1690 1641 pocula
1705 1606 1917 1635 ezumlabanl.

252 1673 354 1703 Huius
388 1674 528 1704 camelae
563 1680 721 1705 mactatae
748 1684 842 1705 carne
872 1684 940 1703 cum
969 1683 1006 1702 eo
1036 1674 1177 1703 bibentes
1203 1675 1335 1704 satiavit
1366 1680 1398 1703 ct
1429 1674 1498 1704 cibo
1537 1674 1662 1704 satiatis
1690 1674 1794 1703 vinum
1821 1674 1917 1704 dedit-

135 1733 178 1764 Ut
210 1733 453 1775 festinationem,
489 1745 549 1774 qua
583 1737 613 1766 in
649 1737 722 1766 vino
749 1736 850 1766 dando
881 1741 1034 1773 uteretur,
1060 1736 1265 1777 significaret,
1294 1738 1400 1767 verbis
1429 1735 1518 1782 fflk:
1544 1750 1636 1783 &affl
1665 1746 1720 1776 pro
1748 1737 1860 1777 quibus
1887 1737 1916 1765 in

135 1798 204 1828 aliis
231 1798 465 1837 exemplaribus
493 1797 582 1843 &2³⁴⁸
607 1811 690 1843 255⁵?
718 1801 845 1841 legitur,
873 1809 951 1830 usus
979 1804 1040 1839 est,
1068 1804 1101 1828 ut
1129 1805 1232 1828 autem
1260 1804 1291 1828 et
1318 1799 1346 1828 in
1366 1799 1424 1828 hoc
1450 1800 1667 1828 liberalitatem
1687 1809 1776 1828 suam
1805 1802 1915 1827 osten-

137 1859 244 1900 deret,
270 1861 369 1889 verba
407 1859 473 1906 βό)
511 1858 619 1900 Qui-5
652 1861 780 1892 addidit.
832 1864 875 1892 Ni
903 1863 992 1893 fallor
1019 1874 1036 1894 e
1064 1865 1237 1904 gutturniis
1265 1865 1293 1893 in
1321 1865 1434 1903 pocula
1459 1865 1577 1893 minora
1604 1864 1711 1892 vinum
1738 1863 1915 1892 bibentibus

135 1924 344 1955 effundebant.

136 2023 168 2051 7.
211 2022 252 2050 Id
261 2018 453 2061 [tinumjin
476 2032 550 2050 case
571 2024 602 2051 ti
620 2023 799 2059 praeditum
823 2032 892 2052 esse
915 2025 1010 2062 rides,
1027 2025 1154 2052 rubrum
1172 2025 1262 2060 m'yro
1273 2023 1375 2050 colore
1395 2024 1527 2050 mixtum
1543 2022 1674 2050 colorem
1692 2019 1760 2061 sp.
1778 2018 1914 2063 562.)

911 2079 990 2105 cmii
1012 2077 1140 2108 hahens.

236 2144 350 2173 Vinum
377 2143 524 2173 describit
551 2149 695 2184 tanquam
725 2144 805 2175 forte
832 2151 863 2175 et
889 2156 1090 2185 purpureum.
1144 2146 1239 2176 Color
1266 2152 1370 2176 autem
1400 2146 1461 2175 iste
1489 2145 1580 2175 fortis
1607 2146 1741 2185 bonique
1777 2146 1840 2175 vini
1867 2151 1916 2175 est

137 2207 204 2246 (De
231 2207 303 2235 vino
332 2206 473 2235 conseras
492 2207 572 2236 Ham
589 2217 617 2246 p.
637 2208 717 2246 ΨΑ).
752 2208 794 2237 Et
820 2208 938 2247 colore,
953 2218 1043 2247 quem
1074 2217 1156 2238 voce
1182 2206 1283 2243 &205
1313 2214 1404 2237 utens
1433 2209 1506 2237 vino
1533 2208 1637 2237 tribuit
1666 2212 1757 2246 poeta
1784 2208 1913 2247 corium,

135 2268 217 2307 quod
243 2268 272 2297 in
298 2267 508 2306 comparando
535 2268 684 2306 adhibuit,
711 2269 844 2299 colorem
871 2270 1007 2309 rubrum,
1020 2271 1120 2310 qualis
1147 2271 1232 2300 corio
1261 2271 1342 2309 apud
1373 2280 1431 2299 nos
1458 2271 1650 2300 Juchten
1679 2270 1834 2308 appellato
1853 2274 1911 2308 est,

135 2330 287 2360 habuisse
315 2330 470 2358 conticere
497 2329 579 2361 lieet.
606 2330 732 2361 Corium
760 2332 898 2361 adhibito
926 2333 1040 2362 cortice
1068 2333 1186 2362 arboris
1249 2329 1297 2376 12)
1326 2332 1502 2372 appellatae
1531 2333 1783 2361 concinnabatur.
1815 2332 1913 2361 Prae-

1213 2356 1245 2377 kf

135 2394 223 2419 terea
251 2390 367 2419 corium
395 2389 532 2419 adbibita
558 2399 592 2419 re
619 2390 685 2435 Διὶ-’ἑ
711 2393 867 2431 appellata
894 2394 1149 2423 concionabatur.
1201 2394 1267 2424 Sed
1295 2394 1355 2424 hac
1379 2404 1412 2423 re
1439 2394 1562 2422 nonnisi
1591 2394 1618 2421 in
1650 2393 1735 2421 corio
1760 2393 1909 2432 tingendo

137 2452 260 2481 Arabes
295 2461 372 2480 usos
405 2460 479 2481 esse
514 2457 601 2490 puto.
663 2454 909 2496 Lexicographi,
943 2465 1096 2494 quaenam
1124 2466 1175 2485 res
1203 2458 1262 2492 sit,
1288 2465 1347 2484 non
1375 2455 1551 2485 consentire
1579 2454 1733 2483 videntur.
1771 2454 1906 2484 Kamusi

136 2517 258 2551 auctor,
287 2522 401 2542 vocem
429 2518 483 2542 aut
511 2512 585 2542 solia
612 2514 730 2544 arboris
756 2517 910 2554 Salam,
939 2527 1018 2556 quae
1045 2517 1074 2546 in
1101 2518 1315 2547 concinnando
1330 2518 1421 2560 'corio
1450 2515 1588 2545 adhiberi
1616 2522 1740 2545 constat
1768 2519 1819 2545 aut
1843 2515 1912 2545 fru-

136 2579 207 2603 ctus
233 2575 352 2604 arboris
371 2576 559 2606 Atsenth
586 2576 747 2615 (acaciae)
773 2578 948 2618 significari
976 2579 1064 2610 dixit.
1117 2579 1267 2608 Adhibita
1294 2583 1398 2609 autem
1427 2587 1459 2608 re
1486 2579 1515 2607 in
1543 2577 1756 2607 concinnando
1787 2578 1907 2607 corium

137 2634 275 2666 colorem
302 2640 480 2677 accepisse,
506 2647 547 2667 ex
574 2646 612 2667 eo
634 2631 796 2678 'videmus‚
824 2637 907 2678 quod
933 2640 1066 2670 Kamusi
1093 2645 1202 2669 auctor
1238 2640 1335 2670 verba
1361 2638 1467 2687 Λευκή
1494 2639 1557 2686 5335
1583 2639 1768 2680 significare
1795 2640 1912 2670 corium
