2155 2892
752 431 972 475 capua·
1003 432 1330 486 Quam-mu
1719 438 1938 486 (mass.)

206 539 582 586 Commemoratio
607 538 958 594 pulchritudinis
984 539 1176 581 feminae
1205 543 1250 581 et
1279 539 1462 593 amoris,
1488 552 1616 594 qucm
1648 540 1748 595 quis
1770 554 1881 598 erga

903 621 998 650 eam
1029 609 1180 651 habet.

225 700 328 739 Quam
348 698 486 728 diximus
503 696 747 737 pulchritudinis
759 700 790 726 et
804 696 921 727 amoris
949 698 1276 728 commemorationem
1293 708 1398 734 Μ
1425 698 1627 738 appellatam,
1649 709 1744 739 quam
1769 700 1808 729 ab
1834 709 1942 730 amore

150 764 181 793 in
207 761 393 793 carminibus
420 756 477 808 335:
517 759 683 799 appellatis
712 758 911 789 manifestato
939 758 1100 788 diversam
1127 768 1203 789 esse
1230 760 1420 791 scholiastes
1449 760 1538 797 dicit,
1569 766 1685 801 poetae
1711 767 1841 792 veteres
1869 772 1943 793 car-

150 825 296 865 minibus,
324 824 436 863 quibus
463 822 587 852 laudem
615 822 830 862 celebrabant,
858 823 1062 861 praemittere
1089 823 1240 853 solebant.
1269 823 1372 853 Huius
1400 826 1445 853 rei
1473 833 1553 853 usus
1580 834 1598 854 a
1618 828 1713 863 poeta
1737 825 1943 859 Motenabbio

150 887 288 918 omissus
315 891 378 926 est,
398 890 431 915 ct
458 888 552 925 poeta
584 884 799 914 Abu-Nowas
825 886 894 914 eius
922 887 968 915 rei
996 885 1187 916 omittendae
1215 886 1346 925 primam
1373 888 1574 916 occasionem
1603 887 1754 918 obtulisse
1781 894 1941 919 narratur.

150 950 384 981 Motenabbium
412 949 541 979 serioris
570 948 723 987 temporis
758 952 872 987 poetae
907 948 1018 978 imitati
1056 953 1128 979 sunt
1162 948 1270 979 conf.
1298 949 1448 980 Darstell.
1476 949 1506 980 d.
1534 950 1630 980 Arab.
1662 951 1783 982 Versk.
1812 962 1843 992 p.
1871 952 1942 983 518

153 1014 225 1045 adn.
252 1019 286 1045 et
312 1012 435 1044 Bohlen
462 1013 502 1043 de
523 1011 729 1042 Motcnabbio
755 1011 793 1042 ad
821 1021 934 1042 vocem
963 1021 1078 1048 Μ.

174 1210 454 1245 ΑΙιίιιιιιιιὶΙι
477 1210 518 1244 b.
540 1207 864 1243 Abba-Anah
891 1206 932 1240 h.
955 1205 1158 1240 Thorai!
1183 1206 1223 1240 h.
1247 1205 1484 1242 Aluan-ets
1505 1208 1535 1242 1»
1571 1208 1779 1243 lion-ah
1799 1228 1811 1242 .
1835 1228 1848 1241 .
1872 1228 1885 1242 .
1908 1228 1922 1240 .

721 1259 974 1295 Koselnah·
1003 1260 1044 1293 b.
1075 1260 1213 1294 cal-b
1238 1260 1376 1295 dixit.

267 1335 369 1366 Poeta
398 1340 541 1374 tempore
573 1333 811 1374 Omajjadarum
850 1332 966 1362 vivens
999 1331 1031 1362 in
1065 1332 1200 1363 confinio
1235 1333 1370 1372 quodam
1407 1332 1535 1364 ditionis
1561 1333 1837 1365 Muhammedicae
1863 1333 1945 1366 diem

152 1398 240 1428 obiit.
293 1397 416 1427 Poetae
444 1405 528 1426 avus
556 1406 574 1426 e
601 1395 779 1436 prophetae
805 1394 899 1425 sociis
920 1398 1000 1424 erat.
1053 1394 1155 1425 Poeta
1184 1394 1288 1425 fuisse
1314 1394 1440 1434 dicitur,
1468 1396 1520 1435 qui
1547 1397 1645 1426 amori
1672 1396 1858 1427 feminarum
1885 1396 1945 1427 de-

153 1459 237 1491 ditus
264 1460 400 1490 carmina
425 1455 483 1507 df:
510 1458 670 1498 appellata
697 1462 911 1498 componeret.
964 1457 1127 1488 versuum
1155 1466 1263 1488 ausam
1290 1457 1373 1488 hanc
1398 1457 1501 1489 fuisse
1534 1458 1672 1489 tradunt.
1714 1458 1815 1497 Quum
1841 1458 1947 1499 patrui

155 1521 251 1553 filiam
278 1521 375 1561 Rajja
411 1522 624 1563 appellatam,
661 1522 748 1552 cuius
775 1531 883 1552 amore
910 1523 1022 1560 captus
1050 1526 1151 1558 esset,
1179 1521 1209 1550 in
1236 1521 1466 1551 matrimonium
1496 1521 1654 1562 petiisset,
1681 1526 1772 1561 pater
1800 1532 1839 1553 ea
1865 1532 1947 1553 con-

155 1584 285 1622 ditione,
313 1588 348 1615 ut
375 1584 605 1625 quinquaginta
631 1584 772 1614 camelos
800 1583 902 1622 daret,
932 1592 969 1613 se
997 1592 1066 1613 eam
1094 1582 1238 1612 daturum
1265 1591 1341 1612 esse
1370 1583 1521 1621 promisit.
1583 1584 1704 1615 Poetae
1737 1591 1828 1625 pater
1863 1596 1946 1627 qua-

157 1645 306 1687 draginta
332 1655 449 1676 novem
476 1645 538 1676 filio
567 1645 664 1686 dedit,
692 1655 828 1686 sperans
855 1645 982 1684 fore,ut
1010 1645 1094 1675 filiae
1121 1649 1210 1685 pater
1230 1645 1269 1674 ob
1285 1655 1379 1674 unum
1395 1644 1594 1676 deficientem
1613 1647 1749 1687 puellam
1770 1658 1831 1678 non
1847 1649 1948 1679 dene·

157 1711 223 1749 get.
285 1707 376 1746 Quos
411 1717 504 1747 quum
539 1708 702 1739 adducens
730 1709 855 1748 puellae
881 1713 1004 1749 patrem
1037 1708 1076 1738 de
1109 1708 1209 1748 patris
1243 1716 1391 1737 sermone
1426 1709 1594 1739 certiorem
1629 1710 1782 1751 fecisset,
1810 1712 1862 1742 hic
1887 1712 1948 1745 nisi

159 1779 286 1801 numero
317 1771 465 1810 expletos
500 1781 537 1801 se
569 1776 774 1811 accepturum
812 1780 889 1801 esse
917 1770 1061 1811 negavit.
1114 1769 1206 1798 Hanc
1234 1768 1272 1798 ob
1300 1777 1429 1798 causam
1456 1778 1551 1808 quum
1578 1770 1647 1801 rixa
1671 1771 1752 1802 inter
1779 1778 1948 1813 utrumque

159 1836 281 1872 patrem
308 1837 378 1862 orta
404 1836 503 1873 esset,
534 1837 626 1872 poeta
653 1842 691 1863 se
718 1833 849 1863 viliores
875 1842 937 1863 non
963 1832 1087 1862 vidisse
1113 1831 1193 1862 dixit
1219 1836 1252 1861 et
1280 1840 1317 1861 se
1344 1832 1406 1862 illis
1434 1833 1578 1863 viliorem
1600 1842 1675 1863 esse
1695 1839 1795 1875 ratuS,
1809 1835 1838 1864 si
1864 1836 1947 1876 apud

161 1894 243 1924 tales
257 1894 345 1924 viros
360 1900 548 1933 remaneret,
574 1895 604 1924 in
619 1895 746 1935 Syriam
773 1896 914 1936 migrans
941 1895 980 1925 ob
1007 1895 1141 1925 amantis
1169 1894 1361 1925 desiderium
1388 1904 1504 1926 versus
1533 1895 1621 1926 dixit.

163 1989 191 2017 l.
233 1989 348 2027 Raffae
376 1990 528 2019 desiderio
555 1991 703 2029 adfectus
724 2000 774 2026 es,
806 1991 880 2019 dum
903 1992 1007 2018 anima
1029 1994 1083 2019 tua
1106 1992 1294 2020 visitationis
1315 1990 1418 2020 locum
1441 2002 1460 2020 a
1482 1991 1578 2029 Rajja
1601 1993 1693 2030 longe
1713 1998 1845 2024 removit
1868 1999 1947 2026 tem-

625 2054 710 2082 pore,
733 2054 793 2082 quo
814 2045 914 2073 tribus
936 2047 1058 2072 cestrae
1080 2044 1161 2072 duae
1181 2047 1366 2073 coniunctae
1385 2049 1484 2075 erant.

251 2111 284 2140 ln
311 2111 578 2142 Ebu-Challikani
603 2113 680 2143 libro
707 2113 786 2144 Nro.
814 2112 896 2143 832.
925 2121 1041 2142 versus
1056 2112 1169 2142 Jasido
1197 2113 1464 2153 b-Althatsrijjah
1491 2115 1529 2145 ab
1546 2116 1786 2147 Almarsebanio
1814 2122 1946 2148 auctore

164 2173 234 2203 libri
259 2171 377 2219 :ists-'dl
414 2179 514 2218 Γξκμ
541 2174 698 2214 inscripti,
734 2175 772 2205 ab
799 2175 865 2205 aliis
891 2174 993 2204 Kaiso
1020 2174 1049 2204 b.
1077 2174 1215 2204 Dsoraih
1243 2173 1369 2226 (353),
1398 2176 1436 2206 ab
1462 2177 1531 2208 aliis
1560 2178 1732 2218 Medjnuno
1759 2180 1945 2210 tribuuntur.

165 2234 317 2275 Causam,
347 2244 401 2265 cur
429 2240 524 2275 poeta
549 2241 670 2267 amatae
696 2246 775 2268 suae
802 2238 904 2268 locum
930 2237 1101 2276 reliquerit,
1119 2238 1328 2268 narravimus.
1356 2239 1429 2268 Hoc
1456 2239 1487 2269 in
1512 2249 1612 2270 versu
1639 2240 1829 2271 desiderium
1855 2251 1946 2272 suum

165 2296 324 2336 describit,
351 2298 434 2338 quod
461 2308 534 2328 eum
560 2300 699 2338 tenebat,
727 2309 914 2340 quamquam
941 2301 1022 2331 ultro
1049 2300 1216 2340 profectus
1244 2306 1323 2332 erat.
1374 2301 1471 2342 Rajja
1497 2302 1634 2333 feminae
1660 2304 1698 2333 ab
1725 2306 1794 2342 ipso
1823 2308 1947 2334 amatae

165 2368 278 2390 nomen
305 2364 364 2390 est.
404 2360 619 2401 Scholiastes,
646 2370 703 2391 cur
730 2361 834 2401 puella
861 2371 922 2391 non
951 2362 1056 2401 potius
1083 2361 1252 2392 Rawwa
1278 2363 1436 2402 appellata
1461 2363 1514 2403 sit,
1541 2363 1695 2402 siquidem
1721 2364 1751 2393 in
1769 2364 1945 2394 nominibus

165 2420 285 2452 formae
311 2424 375 2462 &³5
402 2432 420 2453 a
446 2421 562 2460 radice,
591 2422 680 2452 cuius
708 2424 802 2454 tertia
830 2423 936 2454 littera
960 2424 1013 2455 Ja
1037 2424 1093 2463 sit,
1118 2424 1224 2455 littera
1253 2425 1296 2455 Ja
1325 2425 1354 2454 in
1385 2425 1519 2455 litteram
1540 2425 1642 2455 WVaw
1669 2430 1817 2463 mutetur,
1846 2434 1946 2465 quae·

168 2494 242 2515 rens
269 2485 454 2526 respondet,
481 2494 595 2515 nomen
623 2485 746 2527 origine
771 2486 961 2517 adiectivnm
987 2486 1125 2516 litteram
1150 2485 1201 2516 Ja
1229 2486 1413 2523 retinuisse,
1442 2490 1475 2515 ut
1498 2488 1528 2515 in
1555 2486 1690 2514 vocibus
1713 2483 1781 2532 iij>
1807 2491 1839 2516 et
1867 2483 1947 2522 [go-eo

169 2550 203 2575 et
229 2556 339 2578 vocem
365 2546 414 2592 kd,
441 2547 619 2577 femininum
643 2546 733 2577 vocis
759 2544 820 2593 Οἱς)
847 2548 959 2578 videri.
1012 2547 1121 2578 Verba
1147 2542 1252 2581 tvo-:La
1278 2543 1397 2584 M,
1424 2547 1521 2575 statui
1549 2546 1752 2577 describendo
1779 2548 1948 2587 inservire,

169 2612 199 2638 et
228 2609 296 2640 loco
322 2610 458 2640 subiecti
485 2618 561 2640 esse
590 2607 641 2649 [ut
667 2617 724 2648 pro
753 2606 870 2647 mh„
893 2607 1013 2650 M,
1041 2610 1112 2649 sit).
1165 2608 1278 2639 Status
1303 2608 1402 2638 verba
1428 2617 1447 2638 a
1473 2617 1555 2639 voce
1580 2614 1693 2641 was>
1719 2609 1798 2651 regi.
1848 2610 1947 2640 Verbi

1599 2670 1645 2702 38
