2155 2892
942 135 1187 164 —85—

172 232 229 262 sed
257 231 504 270 propositionem
533 242 610 263 esse
636 242 708 262 cum
736 231 840 271 priore
867 233 1077 262 coniunctam.
1131 234 1164 262 ln
1190 234 1351 264 sententia
1371 240 1596 275 consequente,
1624 235 1757 268 futurum
1775 237 1954 267 Nasbaturn

170 301 316 335 ponatur,
345 305 480 326 necesse
506 304 591 325 esse.
651 294 750 324 Simili
777 294 870 324 niodo
898 295 927 324 in
955 295 1072 325 (¹0rani
1099 295 1169 325 loco
1196 294 1285 338 (Sur.
1315 297 1374 337 77,
1401 294 1476 338 36.)
1504 299 1738 336 propositiones
1765 301 1955 331 coniunctas

169 366 257 394 esse,
285 362 317 386 et
348 362 380 388 ut
408 357 437 387 in
464 356 579 387 Corani
608 357 675 386 loco
702 357 748 386 sic
779 357 807 386 in
834 362 944 387 nostro
971 357 1106 398 negandi
1133 359 1317 398 particulam
1344 357 1368 388 §l
1396 370 1436 389 ex
1464 360 1568 399 priore
1596 362 1812 400 propositione
1839 364 1869 392 in
1893 371 1953 402 po-

168 421 306 449 steriore
335 418 539 459 supplendam
568 429 653 448 esse.
709 420 887 449 Discrimen
925 424 1030 450 autem
1065 430 1142 450 esse
1177 421 1258 451 inter
1296 427 1464 461 utrumque
1499 422 1611 452 locum.
1664 424 1698 452 ln
1732 425 1848 455 corani
1882 425 1954 455 loco

169 482 402 521 propositiones
429 481 580 521 aequales
607 491 682 511 esse
709 482 851 512 subiecto
880 482 1045 522 verboque
1085 488 1294 523 constantes,
1334 483 1362 512 in
1397 489 1512 522 poetae
1551 494 1649 514 versu
1682 485 1847 520 diversam
1883 487 1953 517 dutn

170 545 254 584 prior
279 544 423 574 subiecto
451 548 483 574 et
511 543 705 584 praedicato,
733 544 891 583 posterior
918 545 1017 573 verbo
1046 554 1115 574 cuin
1145 545 1268 574 obiecto
1299 547 1476 585 composita
1504 549 1556 579 sit.
1609 548 1642 576 ln
1676 548 1730 577 tali
1764 555 1868 579 autem
1903 550 1953 579 di-

168 606 325 636 versitate
350 605 601 636 coniunctionem
630 606 745 636 licitam
773 606 878 636 haberi
906 606 1007 644 modo,
1035 616 1096 645 quo
1123 607 1153 636 in
1181 607 1288 637 verbis
1317 608 1538 651 Corani(Sur.
1557 609 1590 649 7,
1624 606 1727 653 192).
1760 611 1864 641 »Num
1893 621 1950 641 eos

167 668 311 699 vocastis
338 677 378 698 an
403 669 534 698 silentes
560 669 641 698 estis
655 666 693 697 ’ἔα
724 669 911 699 inveniatur.

166 766 199 795 4.
224 765 252 794 A
273 768 364 803 petra
389 765 469 794 dura
492 765 613 797 decidit.
639 767 703 804 qud
724 769 791 795 eius
811 768 898 794 iet-m·
915 768 1027 804 fissum
1046 767 1119 804 suit.

265 832 396 864 Modum
423 834 532 863 mortis
560 834 743 864 accuratius
771 835 934 865 describit.
987 836 1019 865 ln
1048 840 1167 875 petram
1195 836 1304 867 duram
1324 838 1462 867 incidens
1483 839 1609 868 viscera
1629 839 1698 869 eius
1717 840 1948 870 lacerabantur.

166 897 201 928 Si
230 896 423 936 chuliario,
457 906 551 936 quem
580 896 810 926 Firuzabadius
843 897 872 926 in
906 897 1046 927 Kaniuso
1082 899 1243 940 sequitur,
1280 900 1360 929 fides
1387 900 1532 930 habenda
1570 907 1640 942 est,
1677 901 1802 943 legendi
1837 902 1950 932 modus

166 961 264 1004 Φλά-ἐ,
291 968 385 999 quem
412 963 522 988 noster
549 958 677 998 recepit,
705 958 844 987 caeteris
872 958 1100 997 praeferendus
1128 964 1199 998 est,
1236 971 1306 990 nam
1336 962 1467 991 verbum
1496 964 1559 1006 ἐν)
1589 965 1716 1002 propria
1742 963 1858 993 locutio
1885 968 1948 1003 est,

165 1035 225 1064 qua
252 1024 418 1054 interiores
445 1023 565 1052 ventris
592 1027 700 1062 partes
729 1022 757 1051 iu
785 1023 860 1051 vivo
889 1022 1031 1052 disfissas
1065 1032 1153 1064 esse,
1181 1028 1215 1053 ut
1244 1024 1393 1053 interiora
1425 1024 1591 1063 prodeant,
1619 1025 1765 1056 indicant.
1809 1025 1948 1056 Alterum

166 1087 292 1128 legendi
319 1085 443 1116 modum
472 1087 550 1132 2:25322'
578 1080 775 1114 Abu-l’Ahla
802 1084 975 1115 adnotavit.
1026 1086 1125 1115 Vocis
1156 1085 1349 1126 significatio
1380 1097 1397 1116 e
1425 1087 1520 1117 loco
1551 1096 1624 1116 suo
1652 1088 1811 1118 evulsit
1847 1088 1946 1117 minus

165 1154 239 1188 apta
263 1148 397 1188 videtur.
457 1147 549 1177 Hanc
582 1155 694 1176 vocem
730 1151 825 1186 poeta
851 1147 1082 1177 Abu-Dsuaib
1119 1147 1148 1177 in
1181 1156 1278 1178 versu
1306 1154 1463 1188 sequente
1491 1148 1631 1179 adhibuit
1660 1150 1769 1187 (metr.
1798 1149 1945 1189 CamelJ:

164 1215 367 1254 Tempus,
406 1212 495 1242 dum
530 1211 652 1240 vices
690 1210 783 1240 eius
822 1214 1113 1251 peraguntur,
1153 1221 1230 1241 non
1267 1217 1423 1251 manet3
1464 1212 1615 1242 dorcas
1654 1212 1824 1242 iuvenis
1863 1216 1946 1251 est,

163 1287 280 1318 quam
319 1276 592 1316 perterritam
629 1282 757 1304 canes
795 1282 812 1302 e
850 1274 942 1302 loco
983 1282 1057 1303 suo
1095 1274 1390 1307 exturbarunt.
1454 1275 1600 1315 Legendi
1633 1274 1760 1315 modus,
1797 1283 1888 1313 quem
1918 1274 1947 1303 in

161 1340 320 1372 Mersukii
352 1338 460 1370 codice
498 1338 690 1377 invenimus,
728 1345 793 1366 vox
830 1337 943 1369 eyn-La
979 1336 1033 1375 (in
1067 1341 1216 1375 partes
1254 1346 1412 1376 parvas
1449 1339 1664 1366 contritus
1700 1336 1818 1378 fuit),
1852 1346 1947 1375 quum

161 1405 292 1436 maxime
320 1404 350 1433 in
377 1403 467 1432 rebus
494 1400 591 1431 aridis
619 1399 823 1437 adhibeatur,
853 1399 975 1428 mininie
1000 1400 1156 1428 convenit.
1210 1398 1272 1437 Qui
1298 1404 1402 1429 autem
1432 1401 1516 1436 vj,
1547 1401 1676 1440 legunt,
1703 1400 1722 1429 ii
1749 1409 1862 1430 vocem
1890 1409 1946 1438 pro

1461 1433 1476 1443 a

160 1468 246 1512 2,qu
273 1464 420 1506 loquendi
447 1462 539 1493 modo
568 1462 655 1503 genti
682 1461 761 1490 Thai
789 1463 939 1500 propria,
978 1460 1094 1491 dictam
1128 1471 1204 1492 esse
1240 1462 1370 1503 volunt3
1408 1462 1467 1492 sed
1505 1463 1560 1492 vix
1586 1462 1699 1493 melius
1725 1462 1872 1493 iudicium
1907 1462 1947 1491 de

159 1531 221 1561 hoc
247 1527 372 1569 legendi
399 1526 504 1567 modo,
530 1524 688 1565 quambde
715 1524 866 1565 caeteris,
895 1523 978 1554 ferre
1004 1534 1186 1564 possumus.

159 1639 191 1668 5.
223 1638 401 1675 Vituperor,
429 1635 514 1674 quod
533 1644 602 1664 eum
626 1635 751 1672 deploro
776 1637 806 1663 et
827 1644 895 1663 eum
918 1644 1052 1673 quaero5
1074 1635 1132 1663 sed
1151 1644 1214 1664 non
1238 1636 1368 1664 invenio.

256 1706 381 1736 Statum
408 1715 501 1734 suum
529 1704 688 1736 describit.
742 1704 852 1734 verbo
884 1702 943 1745 αεὶ
970 1706 1141 1744 quaerendi
1175 1706 1439 1747 significationem
1478 1715 1574 1746 esse,
1611 1715 1652 1735 ex
1687 1704 1796 1735 verbis
1826 1703 1943 1734 Corani

158 1769 249 1808 (Sur.
280 1768 337 1808 ⁷²,-
367 1766 418 1805 S.)
442 1766 635 1796 scholiastes
662 1766 796 1805 probare
822 1765 942 1796 studet.
1005 1768 1085 1798 Cum
1121 1768 1180 1798 hoc
1213 1773 1381 1809 cognatam
1417 1767 1681 1809 significationem
1717 1761 1785 1802 (1)-
1808 1760 1942 1800 lssSd

157 1831 288 1861 verbum
315 1841 379 1870 μων
403 1830 533 1869 habere,
561 1830 660 1859 verba
687 1835 803 1868 poetae
827 1831 933 1868 (metr.
961 1829 1120 1869 'l'hawil):
1160 1830 1419 1870 Diligenter
1445 1829 1736 1868 quaesivimus
1764 1838 1782 1857 e
1809 1827 1940 1867 patri-

157 1893 231 1922 bus
265 1901 350 1921 rein
389 1891 531 1930 probant.
584 1891 619 1920 In
656 1896 767 1920 nostro
804 1900 903 1920 versu
940 1892 1031 1921 istam
1067 1891 1238 1930 quaerendi
1272 1891 1538 1933 significationem
1566 1899 1663 1928 esse,
1689 1899 1707 1920 e
1734 1890 1942 1929 sequentibus

157 1954 264 1984 verbis
295 1952 374 1984 »sed
401 1962 462 1982 non
489 1953 637 1983 invenio«
668 1957 811 1992 apparet.

157 2052 188 2079 4.
214 2050 259 2079 A!
279 2051 426 2088 quomodo
446 2050 647 2087 qramlaerus
669 2051 771 2078 tristis
792 2049 1019 2086 tiluperandus
1041 2052 1096 2084 est,
1121 2052 1176 2087 qui
1193 2050 1293 2087 filium
1315 2060 1407 2079 suum
1428 2050 1556 2078 amisit?

255 2119 441 2149 Iniustitiam
468 2128 595 2157 eorum,
625 2118 675 2158 qui
704 2128 774 2148 eum
802 2119 1004 2159 vituperant,
1042 2127 1059 2149 e
1085 2124 1172 2149 statu
1198 2129 1257 2149 suo
1289 2120 1424 2160 probare
1460 2119 1579 2149 studet.
1640 2118 1699 2158 Qui
1736 2120 1939 2162 grandaevus

156 2181 249 2212 filium
278 2182 394 2222 amisit,
422 2181 449 2211 ei
477 2191 554 2221 spes
581 2182 711 2212 alterius
740 2181 793 2211 filii
819 2191 880 2211 non
908 2187 969 2212 est.

967 2277 1128 2311 XLII·

893 2343 1035 2378 Alius
1058 2343 1195 2378 dixit.

255 2416 382 2446 Versus
409 2416 591 2446 Alalibbaso
618 2414 681 2445 filio
709 2414 856 2446 Alahnafi
887 2416 1024 2455 (mortuo
1054 2425 1134 2446 anno
1165 2416 1234 2446 188
1262 2416 1371 2447 Abulf.
1401 2418 1481 2448 Ann.
1510 2419 1545 2447 T.
1567 2419 1605 2457 11,
1634 2427 1662 2456 p.
1684 2416 1751 2451 86:
1778 2417 1836 2447 sed
1857 2427 1937 2447 con-

153 2478 238 2508 feras
265 2487 295 2518 p.
327 2474 426 2521 653.)
454 2478 630 2508 tribuuntur
663 2477 823 2516 (Alahnaf
845 2487 926 2509 anno
955 2478 1000 2508 67
1034 2478 1137 2510 Cufae
1163 2485 1303 2510 mortuus
1330 2484 1381 2510 est
1408 2479 1511 2512 Abulf.
1540 2481 1622 2509 Ann.
1650 2480 1686 2509 T.
1715 2480 1738 2520 Ι,
1767 2490 1795 2519 p.
1825 2479 1936 2517 413).

152 2540 338 2582 Cognomen
364 2537 579 2571 Abu-l’Fadhl
607 2540 751 2570 habebat.
803 2541 970 2580 Kanansta,
997 2541 1049 2580 qui
1076 2541 1188 2580 poesin
1215 2541 1306 2580 parvi
1334 2540 1465 2581 faceretl
1495 2550 1590 2580 quum
1615 2550 1733 2571 versus
1759 2547 1934 2581 sequentes

153 2601 260 2639 (metr.
290 2601 436 2642 Camel):
479 2602 525 2634 Si
551 2603 775 2643 obiurgans
814 2601 998 2643 fuisses,
1033 2612 1134 2642 spes
1169 2612 1254 2633 mea
1290 2602 1401 2643 sore,
1443 2608 1486 2632 ut
1521 2606 1749 2633 contentus
1778 2603 1932 2642 fieres,
