2155 2892
917 178 1183 208 —619—

983 324 1106 358 xrl.

603 393 797 427 Alunt-n
823 392 862 425 Ι).
886 392 1079 425 Aluntu-
1103 388 1333 422 natu-nm
1360 389 1496 423 «lixit.

156 464 180 494 Ι.
225 463 355 500 Quoties
385 466 478 501 niqra
499 459 666 502 (altena),
700 472 781 500 quae
808 462 845 489 ab
878 460 1006 489 aiici'llis
1036 461 1232 488 lrnclmrlur.
1267 468 1399 495 mayna.
1432 468 1562 496 qieorum
1586 460 1737 487 Interiora
1760 461 1940 495 insipientia

621 519 697 544 sunl
719 512 908 553 (bulliunt).
934 513 1141 550 inlelliyenlici
1163 522 1198 540 εν
1217 521 1278 540 non
1301 512 1476 540 ostendunt.

258 598 462 634 Alienorum,
497 606 587 636 quae,
622 606 736 636 quuum
762 605 891 635 semper
918 595 946 625 in
975 595 1048 634 igne
1075 598 1209 633 starent,
1236 594 1326 634 nigra
1354 594 1538 633 adpelhwit,
1569 598 1601 624 et
1628 594 1666 623 ob
1694 594 1939 634 magnitudinem

149 670 219 691 cum
246 660 373 690 camelis
400 659 525 700 magnis
555 659 655 697 (ἀλ-ᾳ)
683 658 1100 698 comparavit,mentionem
1129 656 1246 686 faciens
1274 656 1313 686 ob
1341 666 1520 694 murmura,
1556 666 1636 695 quae
1665 656 1823 686 bullientia
1852 656 1938 694 dam,

149 724 239 762 quasi
268 732 424 763 personas
452 723 634 762 insipienter
671 723 860 760 loquenteS,
900 727 932 751 ut
973 729 1034 748 non
1062 719 1298 759 intelligantur,
1326 729 1400 749 esse
1430 720 1518 749 linxit
1547 725 1577 748 et
1607 719 1665 748 hoc
1695 719 1860 757 improprio
1889 718 1937 747 lo-

147 785 260 825 quendi
287 784 379 815 modo
406 792 496 824 usus,
524 783 625 814 ahena
653 784 861 824 intelligentia
887 791 924 811 se
952 790 1011 810 non
1040 781 1211 811 ostendere
1237 780 1315 810 dixit
1334 781 1587 821 significaturus,
1609 790 1647 810 ea
1674 790 1799 819 semper
1819 780 1938 816 bullire,

148 849 265 887 quippe
294 847 448 887 insipiens
474 847 501 876 si
529 846 583 877 tali
611 845 703 876 modu
731 845 813 884 loqui
843 850 964 883 cessat,
993 844 1223 885 intelligentem
1254 853 1291 873 se
1319 843 1468 873 ostendat

147 947 179 975 2.
229 945 323 974 Vides
344 954 434 973 ornile
456 953 612 981 crassum,
638 944 833 980 vociferans,
867 941 1042 979 ‹leyluliens
1064 942 1233 970 membrum
1257 941 1369 970 cameli
1388 943 1512 976 sinuosi,
1539 940 1648 975 celere,
1673 940 1803 969 mullum
1827 941 1939 968 iuscu-

936 995 999 1023 lmn
1026 997 1202 1029 confluens,

272 1065 376 1104 Quum
404 1067 434 1095 in
462 1066 558 1106 primo
585 1075 685 1095 versu
724 1068 816 1104 poeta
852 1064 986 1095 ahenum
1025 1073 1095 1094 cum
1122 1065 1242 1095 camela
1269 1074 1383 1104 magna
1413 1070 1656 1104 comparasset,
1699 1066 1728 1093 in
1756 1062 1817 1092 hoc
1845 1063 1937 1091 istum

148 1128 350 1168 comparandi
377 1127 522 1169 modurn,
557 1129 607 1167 qui
642 1128 717 1158 mihi
744 1137 806 1157 non
833 1127 914 1157 omni
954 1137 995 1157 ex
1022 1132 1111 1166 parte
1137 1132 1231 1167 aptus
1260 1126 1398 1165 videtur,
1425 1133 1568 1157 exornat.
1636 1127 1684 1156 De
1713 1135 1793 1155 voce
1820 1127 1937 1168 *⁸²5⁹

147 1201 208 1220 nou
236 1200 344 1220 omnes
376 1189 594 1231 lexicographi
622 1192 836 1220 consentiunt.
890 1189 951 1219 Alii
986 1189 1127 1230 longi,
1169 1188 1220 1218 alii
1254 1188 1416 1218 celeris
1459 1188 1724 1229 significationem
1769 1188 1839 1217 voci
1877 1187 1936 1217 tri-

146 1254 300 1291 buerunt3
328 1252 385 1283 sed
414 1263 516 1292 neque
544 1263 604 1283 una
632 1263 734 1293 neque
762 1254 864 1284 altera
892 1263 964 1283 cum
991 1252 1092 1282 aheno
1120 1252 1200 1281 bene
1226 1252 1435 1292 coniungitur.
1474 1251 1662 1281 Mersukius
1690 1250 1763 1280 voci
1793 1248 1934 1279 crassi

143 1313 410 1355 significationem
445 1314 552 1355 dedit,
591 1325 722 1355 quacum
759 1316 951 1346 scholiastes
985 1319 1097 1345 noster
1135 1314 1366 1354 quodammodo
1394 1314 1562 1344 consentit.
1627 1313 1718 1342 Haec
1753 1321 1822 1342 cum
1850 1311 1935 1353 longi

144 1376 378 1418 significatione
411 1378 600 1419 cohaereat,
641 1387 776 1408 necesse
809 1382 880 1417 θεὶς
917 1381 969 1417 qui
1003 1383 1106 1408 autem
1144 1378 1258 1407 celeris
1298 1376 1568 1417 significationem
1597 1374 1804 1414 praeferunt,
1843 1373 1860 1402 ii
1896 1372 1935 1402 ad

144 1437 299 1476 coquendi
335 1438 459 1468 niodum
488 1448 557 1468 eam
586 1439 736 1470 referunt.
802 1441 876 1470 Vox
909 1428 986 1494 333
1013 1440 1052 1470 ad
1079 1448 1211 1477 sonum,
1239 1447 1330 1477 quem
1358 1438 1491 1467 bulliens
1518 1437 1653 1467 ahenum
1683 1436 1759 1477 edit,
1787 1442 1936 1475 spectare

143 1502 271 1537 potest;
299 1498 369 1536 sed,
385 1508 479 1537 quum
510 1508 576 1530 vox
605 1501 731 1539 proprie
760 1501 788 1531 in
817 1501 941 1531 homine
968 1500 1210 1539 adhibeatur-,in
1237 1500 1371 1530 ahenum
1399 1500 1481 1529 male
1507 1500 1672 1529 transferri
1693 1499 1827 1529 videtur.
1858 1498 1933 1527 Vox

141 1558 210 1601 Rq]
238 1561 486 1602 magnitudinem
516 1563 642 1600 indicat,
672 1570 706 1594 ut
733 1573 848 1594 carues
876 1564 967 1604 quasi
996 1563 1140 1592 devoret.
1169 1562 1245 1592 Vox
1271 1564 1355 1609 φρ)-
1384 1561 1512 1602 indicat,
1541 1562 1569 1592 id
1597 1571 1688 1600 quum
1717 1560 1853 1599 amplum
1881 1559 1936 1596 sit,

143 1625 282 1655 membra
309 1626 448 1656 camelae
474 1635 616 1657 annosae
644 1627 792 1658 celeriter
819 1628 901 1657 ultro
929 1628 1073 1665 citroque
1100 1623 1256 1655 bulliendo
1285 1624 1416 1654 moveri.
1465 1625 1537 1654 Vox
1566 1624 1671 1664 &239
1698 1623 1847 1652 camelam
1875 1630 1935 1650 ce·-

142 1686 250 1717 leriter
276 1693 480 1727 proruentem
507 1688 669 1730 designat,
697 1691 727 1719 in
755 1689 890 1719 ahenum
918 1687 1071 1719 translata
1098 1687 1222 1716 nonnisi
1248 1686 1384 1716 celerem
1413 1689 1527 1716 motum
1546 1685 1676 1722 iusculi,
1698 1693 1792 1723 quum
1813 1682 1936 1722 bulliat,

142 1750 327 1793 significare
355 1754 474 1789 potest.
528 1752 618 1782 Haec
645 1757 750 1782 autem
778 1761 869 1791 quum
900 1753 992 1782 aliam
1020 1749 1286 1791 significationem
1314 1749 1432 1779 habere
1459 1758 1521 1778 non
1549 1750 1672 1788 possit,
1712 1746 1783 1776 voci
1817 1746 1934 1788 *aL-’59

143 1812 305 1842 celeris
344 1811 539 1852 significatio
568 1814 599 1842 in
627 1822 724 1844 versu
752 1822 814 1843 non
842 1814 1002 1853 convenit,
1032 1824 1070 1844 ne
1097 1815 1127 1844 in
1154 1813 1266 1844 eodem
1294 1823 1394 1843 versu
1422 1812 1533 1842 eadem
1564 1821 1616 1840 res
1644 1810 1767 1840 duabus
1801 1807 1933 1837 vocibus

141 1873 351 1904 describatur.
381 1873 429 1904 Ob
456 1883 601 1915 magnam
628 1875 742 1905 insculi
762 1877 884 1915 copiam
911 1886 978 1907 cuni
1007 1882 1117 1916 puteo,
1132 1877 1183 1915 qui
1211 1876 1291 1915 aqua
1319 1874 1456 1906 abundat
1484 1870 1598 1918 (Γλῄε),
1626 1875 1842 1910 comparatum
1862 1871 1924 1897 est.

141 1971 174 2000 3.
217 1969 279 2000 Cui
298 1970 400 1998 media
421 1973 511 1998 nocte
532 1971 605 1998 soni
626 1971 754 1999 obscuri
776 1975 869 2004 siml,
900 1973 994 2009 quasi
1016 1972 1214 2000 vehementes
1232 1971 1360 2008 plin-iae
1382 1970 1514 2006 vespera*
1535 1978 1605 1997 cnm
1626 1969 1758 2006 fraqore
1778 1966 1936 1994 decidant.

223 2038 466 2079 Sonum,quem
495 2039 629 2069 bulliens
657 2039 792 2070 ahenum
821 2040 898 2079 edit,
914 2048 985 2071 cum
1011 2048 1092 2069 sono
1118 2039 1319 2069 vehementis
1347 2038 1475 2078 pluviae
1503 2047 1574 2068 cum
1604 2038 1722 2067 tonitru
1749 2035 1934 2066 coniunctae

141 2105 315 2139 comparat.
368 2100 486 2130 Noctis
515 2103 705 2131 mentionem
732 2102 820 2142 fecit,
849 2102 933 2142 quod
961 2102 1020 2132 isto
1048 2107 1194 2141 tempore
1222 2102 1289 2131 cibo
1317 2101 1465 2140 hospites
1494 2100 1696 2139 excipiuntur
1725 2103 1757 2128 et
1786 2098 1868 2127 banc
1890 2095 1929 2125 ob

142 2171 270 2192 causam
298 2162 327 2191 in
355 2163 588 2201 comparatione
604 2163 747 2193 instituta
776 2172 944 2203 vesperam
961 2164 1235 2203 commemoravit,
1251 2163 1367 2203 quippe
1395 2173 1457 2203 quo
1488 2168 1641 2203 tempore,
1667 2162 1750 2192 nocti
1779 2167 1932 2200 congruo,

141 2223 273 2253 maxime
300 2223 406 2262 pluvia
433 2232 503 2252 cum
532 2225 649 2254 tonitru
682 2226 847 2256 coniuncta
875 2226 1021 2256 decidere
1040 2227 1134 2259 solet.
1188 2226 1275 2256 Loco
1304 2227 1393 2256 vocis
1421 2225 1510 2268 εὐαί,
1539 2227 1568 2256 in
1595 2235 1655 2265 quo
1686 2224 1834 2254 suffixum
1862 2229 1931 2251 cum

142 2293 223 2314 voce
251 2283 325 2316 ,Σο-ἑὲ
354 2285 525 2325 cohaeret,
561 2287 590 2316 in
618 2287 777 2317 Mersukii
807 2287 917 2318 codice
945 2285 1026 2328 tp&
1050 2289 1178 2329 legitur,
1206 2288 1298 2318 cuius
1326 2288 1477 2318 suffixum
1503 2288 1542 2318 ad
1569 2289 1703 2318 ahenum
1732 2282 1932 2315 referendum

142 2352 204 2376 est.
257 2346 291 2375 In
316 2346 471 2376 Mersukii
498 2346 606 2377 codice
632 2347 707 2378 voci
734 2346 806 2398 &³⁸2
834 2349 1048 2379 nominativus
1076 2348 1170 2379 datus
1198 2354 1261 2387 est,
1289 2358 1379 2388 quem
1406 2359 1518 2380 casum
1547 2347 1749 2378 reiicieudum
1778 2350 1864 2386 puto.

142 2443 174 2472 4.
217 2443 320 2480 Quum
343 2445 462 2472 circum
485 2444 591 2473 domos
613 2448 788 2483 quiescunt,
803 2450 853 2475 est
872 2456 910 2475 ac
932 2449 963 2475 si
982 2457 1114 2484 rapores
1136 2447 1174 2476 ab
1196 2455 1347 2485 equorum
1370 2447 1494 2482 agmine
1515 2447 1619 2473 stante
1631 2444 1803 2481 desinentes
1823 2441 1927 2470 ri'deas

241 2513 402 2552 Vapores,
438 2513 490 2552 qui
518 2523 559 2544 ex
585 2512 696 2544 ahenis
723 2514 925 2546 bullientibus
952 2515 1163 2555 adscendunt,
1187 2524 1259 2545 curn
1278 2514 1463 2554 vaporibus,
1482 2516 1534 2552 qui
1563 2513 1601 2543 ab
1628 2520 1776 2552 equorum
1803 2509 1931 2551 agmine

143 2578 197 2603 aut
223 2578 367 2614 ternpore
394 2574 508 2616 frigido
536 2579 589 2605 aut
616 2576 704 2615 equis
732 2576 920 2606 sudantibus
948 2577 977 2606 in
1004 2587 1110 2607 aerem
1138 2586 1175 2606 se
1200 2577 1368 2616 extollunt,
1397 2576 1565 2616 comparati
1595 2580 1679 2605 sunt.
1733 2573 1811 2604 Voci
1839 2571 1927 2615 pah—2·

143 2635 330 2666 Mersukius
358 2636 516 2667 stantis
527 2659 536 2676 ‚
571 2637 699 2667 otiosi
727 2637 991 2678 significationem
1017 2638 1111 2668 dedit.
