<?xml version="1.0" encoding="UTF-8"?>
<!DOCTYPE html PUBLIC "-//W3C//DTD XHTML 1.0 Transitional//EN"
    "http://www.w3.org/TR/xhtml1/DTD/xhtml1-transitional.dtd">
<html xmlns="http://www.w3.org/1999/xhtml" xml:lang="en" lang="en">
 <head>
  <title>
</title>
<meta http-equiv="Content-Type" content="text/html;charset=utf-8" />
  <meta name='ocr-system' content='tesseract 3.04.00' />
  <meta name='ocr-capabilities' content='ocr_page ocr_carea ocr_par ocr_line ocrx_word'/>
</head>
<body>
  <div class='ocr_page' id='page_1' title='image "./p2hamassaecarmin02abbiuoft_0502.png"; bbox 0 0 2155 2892; ppageno 0'>
   <div class='ocr_carea' id='block_1_1' title="bbox 916 134 1186 165">
    <p class='ocr_par' dir='ltr' id='par_1_1' title="bbox 916 134 1186 165">
     <span class='ocr_line' id='line_1_1' title="bbox 916 134 1186 165; baseline 0.004 -1"><span class='ocrx_word' id='word_1_1' title='bbox 916 134 1186 165; x_wconf 84' lang='lat'>—490—</span> 
     </span>
    </p>
   </div>
   <div class='ocr_carea' id='block_1_2' title="bbox 155 227 1946 270">
    <p class='ocr_par' dir='ltr' id='par_1_2' title="bbox 155 227 1946 270">
     <span class='ocr_line' id='line_1_2' title="bbox 155 227 1946 270; baseline 0.005 -12"><span class='ocrx_word' id='word_1_2' title='bbox 155 231 186 259; x_wconf 76' lang='lat'>2.</span> <span class='ocrx_word' id='word_1_3' title='bbox 235 227 280 258; x_wconf 84' lang='lat' dir='ltr'>Ta</span> <span class='ocrx_word' id='word_1_4' title='bbox 302 229 469 267; x_wconf 77' lang='lat' dir='ltr'><em>quamlibet</em></span> <span class='ocrx_word' id='word_1_5' title='bbox 489 239 554 258; x_wconf 85' lang='lat' dir='ltr'>rem</span> <span class='ocrx_word' id='word_1_6' title='bbox 576 230 712 256; x_wconf 79' lang='lat' dir='ltr'>erectam</span> <span class='ocrx_word' id='word_1_7' title='bbox 734 237 857 264; x_wconf 79' lang='lat' dir='ltr'><strong><em>semper</em></strong></span> <span class='ocrx_word' id='word_1_8' title='bbox 879 230 1123 266; x_wconf 63' lang='lat' dir='ltr'>aym-ediebaris,</span> <span class='ocrx_word' id='word_1_9' title='bbox 1145 234 1183 260; x_wconf 84' lang='lat' dir='ltr'>ut</span> <span class='ocrx_word' id='word_1_10' title='bbox 1204 233 1308 269; x_wconf 81' lang='lat' dir='ltr'>ipsum</span> <span class='ocrx_word' id='word_1_11' title='bbox 1329 236 1514 270; x_wconf 73' lang='lat' dir='ltr'>suyqestum</span> <span class='ocrx_word' id='word_1_12' title='bbox 1537 236 1747 265; x_wconf 79' lang='lat' dir='ltr'><em>conscendere</em></span> <span class='ocrx_word' id='word_1_13' title='bbox 1768 245 1868 267; x_wconf 80' lang='lat' dir='ltr'>ausus</span> <span class='ocrx_word' id='word_1_14' title='bbox 1891 241 1946 267; x_wconf 77' lang='lat' dir='ltr'>sis.</span> 
     </span>
    </p>
   </div>
   <div class='ocr_carea' id='block_1_3' title="bbox 265 297 1945 347">
    <p class='ocr_par' dir='ltr' id='par_1_3' title="bbox 265 297 1945 347">
     <span class='ocr_line' id='line_1_3' title="bbox 265 297 1945 347; baseline 0.006 -21"><span class='ocrx_word' id='word_1_15' title='bbox 265 297 441 327; x_wconf 86' lang='lat' dir='ltr'>Audaciam</span> <span class='ocrx_word' id='word_1_16' title='bbox 478 297 507 327; x_wconf 88' lang='lat' dir='ltr'>ei</span> <span class='ocrx_word' id='word_1_17' title='bbox 542 298 680 327; x_wconf 86' lang='lat' dir='ltr'>obiicere</span> <span class='ocrx_word' id='word_1_18' title='bbox 708 298 851 339; x_wconf 82' lang='lat' dir='ltr'>videtur,</span> <span class='ocrx_word' id='word_1_19' title='bbox 879 308 941 337; x_wconf 87' lang='lat' dir='ltr'>qua</span> <span class='ocrx_word' id='word_1_20' title='bbox 966 299 1170 338; x_wconf 78' lang='lat' dir='ltr'><strong>praefectura</strong></span> <span class='ocrx_word' id='word_1_21' title='bbox 1196 301 1280 332; x_wconf 87' lang='lat' dir='ltr'>illius</span> <span class='ocrx_word' id='word_1_22' title='bbox 1308 303 1450 344; x_wconf 78' lang='lat' dir='ltr'>regionis</span> <span class='ocrx_word' id='word_1_23' title='bbox 1478 303 1598 342; x_wconf 87' lang='lat' dir='ltr'>potitus</span> <span class='ocrx_word' id='word_1_24' title='bbox 1626 304 1678 334; x_wconf 90' lang='lat' dir='ltr'>sit.</span> <span class='ocrx_word' id='word_1_25' title='bbox 1732 305 1945 347; x_wconf 73' lang='lat' dir='ltr'>Scholiastas,</span> 
     </span>
    </p>
   </div>
   <div class='ocr_carea' id='block_1_4' title="bbox 154 361 1945 405">
    <p class='ocr_par' dir='ltr' id='par_1_4' title="bbox 154 361 1945 405">
     <span class='ocr_line' id='line_1_4' title="bbox 154 361 1945 405; baseline 0.004 -15"><span class='ocrx_word' id='word_1_26' title='bbox 154 362 465 392; x_wconf 83' lang='lat' dir='ltr'>Abu-&#39;rammamum</span> <span class='ocrx_word' id='word_1_27' title='bbox 493 361 626 392; x_wconf 86' lang='lat' dir='ltr'>eandem</span> <span class='ocrx_word' id='word_1_28' title='bbox 654 371 832 402; x_wconf 81' lang='lat' dir='ltr'><strong>personam,</strong></span> <span class='ocrx_word' id='word_1_29' title='bbox 861 372 953 403; x_wconf 87' lang='lat' dir='ltr'>quam</span> <span class='ocrx_word' id='word_1_30' title='bbox 980 368 1091 394; x_wconf 84' lang='lat' dir='ltr'>noster</span> <span class='ocrx_word' id='word_1_31' title='bbox 1117 366 1231 405; x_wconf 73' lang='lat' dir='ltr'>satyra</span> <span class='ocrx_word' id='word_1_32' title='bbox 1257 365 1493 405; x_wconf 72' lang='lat' dir='ltr'>perstrinxerit,</span> <span class='ocrx_word' id='word_1_33' title='bbox 1522 364 1614 394; x_wconf 88' lang='lat' dir='ltr'>laude</span> <span class='ocrx_word' id='word_1_34' title='bbox 1642 365 1827 396; x_wconf 86' lang='lat' dir='ltr'>celebrasse</span> <span class='ocrx_word' id='word_1_35' title='bbox 1856 367 1945 399; x_wconf 82' lang='lat' dir='ltr'>dixit.</span> 
     </span>
    </p>
   </div>
   <div class='ocr_carea' id='block_1_5' title="bbox 880 518 1238 632">
    <p class='ocr_par' dir='ltr' id='par_1_5' title="bbox 880 518 1238 632">
     <span class='ocr_line' id='line_1_5' title="bbox 963 518 1144 552; baseline 0 -1"><span class='ocrx_word' id='word_1_36' title='bbox 963 518 1144 552; x_wconf 71' lang='lat' dir='ltr'>XLIII.</span> 
     </span>
     <span class='ocr_line' id='line_1_6' title="bbox 880 596 1238 632; baseline 0.003 -3"><span class='ocrx_word' id='word_1_37' title='bbox 880 596 1020 631; x_wconf 75' lang='lat' dir='ltr'>Dixit</span> <span class='ocrx_word' id='word_1_38' title='bbox 1043 596 1238 632; x_wconf 62' lang='lat' dir='ltr'>:lh-5311.</span> 
     </span>
    </p>
   </div>
   <div class='ocr_carea' id='block_1_6' title="bbox 148 668 1943 833">
    <p class='ocr_par' dir='ltr' id='par_1_6' title="bbox 148 668 1943 833">
     <span class='ocr_line' id='line_1_7' title="bbox 249 668 1943 712; baseline 0.004 -12"><span class='ocrx_word' id='word_1_39' title='bbox 249 670 307 700; x_wconf 88' lang='lat' dir='ltr'>Vir</span> <span class='ocrx_word' id='word_1_40' title='bbox 335 678 351 699; x_wconf 90' lang='lat' dir='ltr'>e</span> <span class='ocrx_word' id='word_1_41' title='bbox 376 674 474 710; x_wconf 85' lang='lat' dir='ltr'>gente</span> <span class='ocrx_word' id='word_1_42' title='bbox 498 668 587 699; x_wconf 87' lang='lat' dir='ltr'>Cilab</span> <span class='ocrx_word' id='word_1_43' title='bbox 617 677 689 698; x_wconf 86' lang='lat' dir='ltr'>cum</span> <span class='ocrx_word' id='word_1_44' title='bbox 717 669 848 698; x_wconf 87' lang='lat' dir='ltr'>camelis</span> <span class='ocrx_word' id='word_1_45' title='bbox 874 677 955 697; x_wconf 88' lang='lat' dir='ltr'>auno</span> <span class='ocrx_word' id='word_1_46' title='bbox 981 669 1107 700; x_wconf 86' lang='lat' dir='ltr'>infertili</span> <span class='ocrx_word' id='word_1_47' title='bbox 1127 671 1230 700; x_wconf 87' lang='lat' dir='ltr'>noctis</span> <span class='ocrx_word' id='word_1_48' title='bbox 1252 675 1396 710; x_wconf 77' lang='lat' dir='ltr'>tempore</span> <span class='ocrx_word' id='word_1_49' title='bbox 1419 672 1502 711; x_wconf 90' lang='lat' dir='ltr'>apud</span> <span class='ocrx_word' id='word_1_50' title='bbox 1526 678 1651 712; x_wconf 90' lang='lat' dir='ltr'>poetam</span> <span class='ocrx_word' id='word_1_51' title='bbox 1678 676 1803 705; x_wconf 83' lang='lat' dir='ltr'>nomine</span> <span class='ocrx_word' id='word_1_52' title='bbox 1832 675 1943 705; x_wconf 75' lang='lat' dir='ltr'>Airaih</span> 
     </span>
     <span class='ocr_line' id='line_1_8' title="bbox 148 730 1943 778; baseline 0.002 -14"><span class='ocrx_word' id='word_1_53' title='bbox 148 734 357 764; x_wconf 86' lang='lat' dir='ltr'>Nomairitam</span> <span class='ocrx_word' id='word_1_54' title='bbox 386 731 514 770; x_wconf 82' lang='lat' dir='ltr'>(conf.</span> <span class='ocrx_word' id='word_1_55' title='bbox 542 732 636 760; x_wconf 88' lang='lat' dir='ltr'>Ham.</span> <span class='ocrx_word' id='word_1_56' title='bbox 664 731 728 768; x_wconf 55' lang='grc' dir='ltr'>ΙΝ)</span> <span class='ocrx_word' id='word_1_57' title='bbox 756 730 950 759; x_wconf 85' lang='lat' dir='ltr'>deverterat.</span> <span class='ocrx_word' id='word_1_58' title='bbox 1014 731 1144 770; x_wconf 79' lang='lat' dir='ltr'>Alraili‚</span> <span class='ocrx_word' id='word_1_59' title='bbox 1180 737 1215 762; x_wconf 83' lang='lat' dir='ltr'>ut</span> <span class='ocrx_word' id='word_1_60' title='bbox 1241 733 1470 772; x_wconf 87' lang='lat' dir='ltr'>hospitalitatis</span> <span class='ocrx_word' id='word_1_61' title='bbox 1500 735 1605 765; x_wconf 81' lang='lat' dir='ltr'>officio</span> <span class='ocrx_word' id='word_1_62' title='bbox 1632 738 1856 778; x_wconf 75' lang='lat' dir='ltr'>satisfaceret,</span> <span class='ocrx_word' id='word_1_63' title='bbox 1884 739 1943 768; x_wconf 86' lang='lat' dir='ltr'>ab-</span> 
     </span>
     <span class='ocr_line' id='line_1_9' title="bbox 148 794 1942 833; baseline 0.001 -6"><span class='ocrx_word' id='word_1_64' title='bbox 148 798 292 827; x_wconf 84' lang='lat' dir='ltr'>sentibus</span> <span class='ocrx_word' id='word_1_65' title='bbox 321 796 449 826; x_wconf 86' lang='lat' dir='ltr'>camelis</span> <span class='ocrx_word' id='word_1_66' title='bbox 478 796 559 833; x_wconf 77' lang='lat' dir='ltr'>suis,</span> <span class='ocrx_word' id='word_1_67' title='bbox 586 804 628 823; x_wconf 81' lang='lat' dir='ltr'>ex</span> <span class='ocrx_word' id='word_1_68' title='bbox 654 794 775 823; x_wconf 88' lang='lat' dir='ltr'>illorum</span> <span class='ocrx_word' id='word_1_69' title='bbox 806 794 932 823; x_wconf 88' lang='lat' dir='ltr'>camelis</span> <span class='ocrx_word' id='word_1_70' title='bbox 962 803 1056 822; x_wconf 88' lang='lat' dir='ltr'>unum</span> <span class='ocrx_word' id='word_1_71' title='bbox 1085 795 1259 833; x_wconf 84' lang='lat' dir='ltr'>mactavit3</span> <span class='ocrx_word' id='word_1_72' title='bbox 1288 805 1379 825; x_wconf 86' lang='lat' dir='ltr'>mane</span> <span class='ocrx_word' id='word_1_73' title='bbox 1407 801 1514 826; x_wconf 89' lang='lat' dir='ltr'>autem</span> <span class='ocrx_word' id='word_1_74' title='bbox 1537 797 1650 826; x_wconf 82' lang='lat' dir='ltr'>cameli</span> <span class='ocrx_word' id='word_1_75' title='bbox 1670 799 1800 829; x_wconf 77' lang='lat' dir='ltr'>mactati</span> <span class='ocrx_word' id='word_1_76' title='bbox 1817 799 1942 829; x_wconf 88' lang='lat' dir='ltr'>domino</span> 
     </span>
    </p>
   </div>
   <div class='ocr_carea' id='block_1_7' title="bbox 148 855 1742 895">
    <p class='ocr_par' dir='ltr' id='par_1_7' title="bbox 148 855 1742 895">
     <span class='ocr_line' id='line_1_10' title="bbox 148 855 1742 895; baseline 0.001 -6"><span class='ocrx_word' id='word_1_77' title='bbox 148 864 282 889; x_wconf 84' lang='lat' dir='ltr'>mactato</span> <span class='ocrx_word' id='word_1_78' title='bbox 308 858 443 887; x_wconf 86' lang='lat' dir='ltr'>similem</span> <span class='ocrx_word' id='word_1_79' title='bbox 471 857 622 887; x_wconf 87' lang='lat' dir='ltr'>camelum</span> <span class='ocrx_word' id='word_1_80' title='bbox 649 866 804 886; x_wconf 83' lang='lat' dir='ltr'>annosum</span> <span class='ocrx_word' id='word_1_81' title='bbox 837 855 974 886; x_wconf 84' lang='lat' dir='ltr'>reddidit</span> <span class='ocrx_word' id='word_1_82' title='bbox 1001 855 1158 895; x_wconf 89' lang='lat' dir='ltr'>simulque</span> <span class='ocrx_word' id='word_1_83' title='bbox 1184 866 1358 888; x_wconf 84' lang='lat' dir='ltr'>sexennem</span> <span class='ocrx_word' id='word_1_84' title='bbox 1377 858 1506 890; x_wconf 82' lang='lat' dir='ltr'>addidit.</span> <span class='ocrx_word' id='word_1_85' title='bbox 1534 860 1614 889; x_wconf 85' lang='lat' dir='ltr'>Tum</span> <span class='ocrx_word' id='word_1_86' title='bbox 1644 861 1742 890; x_wconf 86' lang='lat' dir='ltr'>dixit:</span> 
     </span>
    </p>
   </div>
   <div class='ocr_carea' id='block_1_8' title="bbox 146 954 1942 1047">
    <p class='ocr_par' dir='ltr' id='par_1_8' title="bbox 146 954 1942 1047">
     <span class='ocr_line' id='line_1_11' title="bbox 146 954 1942 994; baseline 0.001 -10"><span class='ocrx_word' id='word_1_87' title='bbox 146 957 173 984; x_wconf 89' lang='lat'>1.</span> <span class='ocrx_word' id='word_1_88' title='bbox 217 955 404 984; x_wconf 82' lang='lat' dir='ltr'>Admiratus</span> <span class='ocrx_word' id='word_1_89' title='bbox 426 965 496 984; x_wconf 84' lang='lat' dir='ltr'>sum</span> <span class='ocrx_word' id='word_1_90' title='bbox 519 958 613 984; x_wconf 78' lang='lat' dir='ltr'>noctu</span> <span class='ocrx_word' id='word_1_91' title='bbox 633 956 880 992; x_wconf 78' lang='lat' dir='ltr'>proficiscentes,</span> <span class='ocrx_word' id='word_1_92' title='bbox 906 954 979 983; x_wconf 86' lang='lat' dir='ltr'>dum</span> <span class='ocrx_word' id='word_1_93' title='bbox 1002 957 1113 983; x_wconf 77' lang='lat' dir='ltr'>ventus</span> <span class='ocrx_word' id='word_1_94' title='bbox 1132 955 1273 992; x_wconf 72' lang='lat' dir='ltr'>friyidtcs</span> <span class='ocrx_word' id='word_1_95' title='bbox 1294 960 1370 993; x_wconf 71' lang='lat' dir='ltr'>erat,</span> <span class='ocrx_word' id='word_1_96' title='bbox 1396 957 1439 985; x_wconf 82' lang='lat' dir='ltr'>ad</span> <span class='ocrx_word' id='word_1_97' title='bbox 1458 958 1542 994; x_wconf 77' lang='lat' dir='ltr'>iym&#39;s</span> <span class='ocrx_word' id='word_1_98' title='bbox 1566 956 1763 992; x_wconf 76' lang='lat' dir='ltr'>splendorem</span> <span class='ocrx_word' id='word_1_99' title='bbox 1787 959 1868 986; x_wconf 79' lang='lat' dir='ltr'>inter</span> <span class='ocrx_word' id='word_1_100' title='bbox 1892 958 1942 986; x_wconf 83' lang='lat' dir='ltr'>lo-</span> 
     </span>
     <span class='ocr_line' id='line_1_12' title="bbox 823 1009 1264 1047; baseline -0.005 -8"><span class='ocrx_word' id='word_1_101' title='bbox 823 1021 894 1040; x_wconf 80' lang='lat' dir='ltr'>cum</span> <span class='ocrx_word' id='word_1_102' title='bbox 918 1011 1050 1040; x_wconf 74' lang='lat' dir='ltr'>Fardalc</span> <span class='ocrx_word' id='word_1_103' title='bbox 1074 1015 1104 1040; x_wconf 87' lang='lat' dir='ltr'>et</span> <span class='ocrx_word' id='word_1_104' title='bbox 1126 1009 1264 1047; x_wconf 76' lang='lat' dir='ltr'>Alralza,</span> 
     </span>
    </p>
   </div>
   <div class='ocr_carea' id='block_1_9' title="bbox 144 1076 1938 1159">
    <p class='ocr_par' dir='ltr' id='par_1_9' title="bbox 144 1076 1938 1159">
     <span class='ocr_line' id='line_1_13' title="bbox 144 1076 1938 1115; baseline 0 -8"><span class='ocrx_word' id='word_1_105' title='bbox 144 1080 176 1107; x_wconf 71' lang='lat'>2.</span> <span class='ocrx_word' id='word_1_106' title='bbox 220 1077 276 1107; x_wconf 84' lang='lat' dir='ltr'>Ad</span> <span class='ocrx_word' id='word_1_107' title='bbox 295 1079 380 1115; x_wconf 70' lang='lat' dir='ltr'>tynis</span> <span class='ocrx_word' id='word_1_108' title='bbox 402 1078 618 1115; x_wconf 77' lang='lat' dir='ltr'>splendorem,</span> <span class='ocrx_word' id='word_1_109' title='bbox 649 1080 741 1107; x_wconf 78' lang='lat' dir='ltr'>cuius</span> <span class='ocrx_word' id='word_1_110' title='bbox 772 1087 853 1114; x_wconf 70' lang='lat' dir='ltr'>qens</span> <span class='ocrx_word' id='word_1_111' title='bbox 883 1077 951 1106; x_wconf 85' lang='lat' dir='ltr'>lora</span> <span class='ocrx_word' id='word_1_112' title='bbox 972 1080 1061 1106; x_wconf 85' lang='lat' dir='ltr'>assat</span> <span class='ocrx_word' id='word_1_113' title='bbox 1067 1087 1079 1114; x_wconf 78' lang='lat'>,-</span> <span class='ocrx_word' id='word_1_114' title='bbox 1110 1077 1168 1105; x_wconf 80' lang='lat' dir='ltr'>sed</span> <span class='ocrx_word' id='word_1_115' title='bbox 1189 1076 1347 1104; x_wconf 79' lang='lat' dir='ltr'>interdum</span> <span class='ocrx_word' id='word_1_116' title='bbox 1370 1076 1509 1113; x_wconf 71' lang='lat' dir='ltr'>hospites</span> <span class='ocrx_word' id='word_1_117' title='bbox 1532 1076 1702 1114; x_wconf 72' lang='lat' dir='ltr'>ltonorzfice</span> <span class='ocrx_word' id='word_1_118' title='bbox 1723 1079 1938 1114; x_wconf 59' lang='lat' dir='ltr'>excipiuntur,</span> 
     </span>
     <span class='ocr_line' id='line_1_14' title="bbox 865 1131 1220 1159; baseline 0 -1"><span class='ocrx_word' id='word_1_119' title='bbox 865 1131 939 1159; x_wconf 86' lang='lat' dir='ltr'>dum</span> <span class='ocrx_word' id='word_1_120' title='bbox 962 1131 1030 1159; x_wconf 84' lang='lat' dir='ltr'>lora</span> <span class='ocrx_word' id='word_1_121' title='bbox 1059 1133 1220 1159; x_wconf 79' lang='lat' dir='ltr'>assantur.</span> 
     </span>
    </p>
   </div>
   <div class='ocr_carea' id='block_1_10' title="bbox 141 1199 1938 1557">
    <p class='ocr_par' dir='ltr' id='par_1_10' title="bbox 141 1199 1938 1557">
     <span class='ocr_line' id='line_1_15' title="bbox 251 1199 1937 1241; baseline -0.001 -11"><span class='ocrx_word' id='word_1_122' title='bbox 251 1201 352 1241; x_wconf 78' lang='lat' dir='ltr'>Rem,</span> <span class='ocrx_word' id='word_1_123' title='bbox 391 1201 482 1231; x_wconf 87' lang='lat' dir='ltr'>cuius</span> <span class='ocrx_word' id='word_1_124' title='bbox 517 1201 704 1230; x_wconf 85' lang='lat' dir='ltr'>mentionem</span> <span class='ocrx_word' id='word_1_125' title='bbox 740 1199 886 1240; x_wconf 66' lang='lat' dir='ltr'>fecimus,</span> <span class='ocrx_word' id='word_1_126' title='bbox 921 1203 1148 1229; x_wconf 85' lang='lat' dir='ltr'>commemorat</span> <span class='ocrx_word' id='word_1_127' title='bbox 1180 1204 1213 1229; x_wconf 90' lang='lat' dir='ltr'>et</span> <span class='ocrx_word' id='word_1_128' title='bbox 1238 1204 1364 1238; x_wconf 81' lang='lat' dir='ltr'>gentem</span> <span class='ocrx_word' id='word_1_129' title='bbox 1391 1208 1482 1229; x_wconf 84' lang='lat' dir='ltr'>suam</span> <span class='ocrx_word' id='word_1_130' title='bbox 1509 1200 1632 1229; x_wconf 76' lang='lat' dir='ltr'>summa</span> <span class='ocrx_word' id='word_1_131' title='bbox 1661 1200 1767 1239; x_wconf 70' lang='lat' dir='ltr'>inopia</span> <span class='ocrx_word' id='word_1_132' title='bbox 1793 1209 1937 1239; x_wconf 82' lang='lat' dir='ltr'>pressam</span> 
     </span>
     <span class='ocr_line' id='line_1_16' title="bbox 144 1261 1938 1303; baseline -0.001 -11"><span class='ocrx_word' id='word_1_133' title='bbox 144 1263 309 1303; x_wconf 73' lang='lat' dir='ltr'>describit,</span> <span class='ocrx_word' id='word_1_134' title='bbox 324 1267 358 1292; x_wconf 92' lang='lat' dir='ltr'>ut</span> <span class='ocrx_word' id='word_1_135' title='bbox 391 1263 431 1292; x_wconf 86' lang='lat' dir='ltr'>ad</span> <span class='ocrx_word' id='word_1_136' title='bbox 458 1264 529 1301; x_wconf 85' lang='lat' dir='ltr'>ipsa</span> <span class='ocrx_word' id='word_1_137' title='bbox 556 1262 623 1292; x_wconf 81' lang='lat' dir='ltr'>lora</span> <span class='ocrx_word' id='word_1_138' title='bbox 650 1262 789 1292; x_wconf 87' lang='lat' dir='ltr'>assanda</span> <span class='ocrx_word' id='word_1_139' title='bbox 817 1262 1019 1303; x_wconf 80' lang='lat' dir='ltr'>confugeret.</span> <span class='ocrx_word' id='word_1_140' title='bbox 1043 1263 1170 1291; x_wconf 80' lang='lat' dir='ltr'>Arabes</span> <span class='ocrx_word' id='word_1_141' title='bbox 1199 1266 1315 1302; x_wconf 78' lang='lat' dir='ltr'>autem,</span> <span class='ocrx_word' id='word_1_142' title='bbox 1343 1265 1375 1292; x_wconf 89' lang='lat' dir='ltr'>ut</span> <span class='ocrx_word' id='word_1_143' title='bbox 1401 1262 1576 1291; x_wconf 88' lang='lat' dir='ltr'>viatoribus</span> <span class='ocrx_word' id='word_1_144' title='bbox 1605 1263 1708 1292; x_wconf 88' lang='lat' dir='ltr'>locum</span> <span class='ocrx_word' id='word_1_145' title='bbox 1737 1272 1827 1292; x_wconf 87' lang='lat' dir='ltr'>suum</span> <span class='ocrx_word' id='word_1_146' title='bbox 1856 1261 1938 1291; x_wconf 88' lang='lat' dir='ltr'>indi-</span> 
     </span>
     <span class='ocr_line' id='line_1_17' title="bbox 144 1322 1938 1367; baseline -0.001 -12"><span class='ocrx_word' id='word_1_147' title='bbox 144 1330 265 1365; x_wconf 75' lang='lat' dir='ltr'>carent,</span> <span class='ocrx_word' id='word_1_148' title='bbox 295 1325 324 1354; x_wconf 88' lang='lat' dir='ltr'>iu</span> <span class='ocrx_word' id='word_1_149' title='bbox 352 1325 484 1355; x_wconf 90' lang='lat' dir='ltr'>collibus</span> <span class='ocrx_word' id='word_1_150' title='bbox 514 1327 620 1365; x_wconf 83' lang='lat' dir='ltr'>ignem</span> <span class='ocrx_word' id='word_1_151' title='bbox 647 1326 823 1355; x_wconf 83' lang='lat' dir='ltr'>accendere</span> <span class='ocrx_word' id='word_1_152' title='bbox 850 1324 1006 1354; x_wconf 85' lang='lat' dir='ltr'>solebant.</span> <span class='ocrx_word' id='word_1_153' title='bbox 1060 1324 1246 1354; x_wconf 76' lang='lat' dir='ltr'>Mei-sukius</span> <span class='ocrx_word' id='word_1_154' title='bbox 1276 1322 1373 1367; x_wconf 57' lang='lat' dir='ltr'>L&gt;5559</span> <span class='ocrx_word' id='word_1_155' title='bbox 1402 1326 1462 1367; x_wconf 59' lang='lat'>3055</span> <span class='ocrx_word' id='word_1_156' title='bbox 1490 1335 1543 1363; x_wconf 55' lang='lat' dir='ltr'>est?</span> <span class='ocrx_word' id='word_1_157' title='bbox 1573 1324 1636 1364; x_wconf 79' lang='lat' dir='ltr'>legi</span> <span class='ocrx_word' id='word_1_158' title='bbox 1664 1324 1839 1354; x_wconf 82' lang='lat' dir='ltr'>adnotavit.</span> <span class='ocrx_word' id='word_1_159' title='bbox 1868 1325 1938 1354; x_wconf 86' lang='lat' dir='ltr'>Hoc</span> 
     </span>
     <span class='ocr_line' id='line_1_18' title="bbox 142 1386 1937 1428; baseline -0.001 -12"><span class='ocrx_word' id='word_1_160' title='bbox 142 1387 387 1426; x_wconf 85' lang='lat' dir='ltr'>praeferendum</span> <span class='ocrx_word' id='word_1_161' title='bbox 415 1397 491 1416; x_wconf 88' lang='lat' dir='ltr'>esse</span> <span class='ocrx_word' id='word_1_162' title='bbox 519 1391 550 1416; x_wconf 86' lang='lat' dir='ltr'>et</span> <span class='ocrx_word' id='word_1_163' title='bbox 577 1388 816 1426; x_wconf 80' lang='lat' dir='ltr'>grammaticum</span> <span class='ocrx_word' id='word_1_164' title='bbox 845 1387 1015 1417; x_wconf 74' lang='lat' dir='ltr'>Alazmaili</span> <span class='ocrx_word' id='word_1_165' title='bbox 1042 1388 1180 1428; x_wconf 77' lang='lat' dir='ltr'>modum,</span> <span class='ocrx_word' id='word_1_166' title='bbox 1210 1396 1270 1426; x_wconf 93' lang='lat' dir='ltr'>quo</span> <span class='ocrx_word' id='word_1_167' title='bbox 1297 1388 1328 1416; x_wconf 90' lang='lat' dir='ltr'>in</span> <span class='ocrx_word' id='word_1_168' title='bbox 1356 1387 1454 1426; x_wconf 87' lang='lat' dir='ltr'>primo</span> <span class='ocrx_word' id='word_1_169' title='bbox 1475 1386 1726 1416; x_wconf 77' lang='lat' dir='ltr'>Amru-l&#39;Kaisi</span> <span class='ocrx_word' id='word_1_170' title='bbox 1754 1386 1937 1415; x_wconf 83' lang='lat' dir='ltr'>Moallakae</span> 
     </span>
     <span class='ocr_line' id='line_1_19' title="bbox 141 1448 1935 1490; baseline 0.001 -12"><span class='ocrx_word' id='word_1_171' title='bbox 141 1459 242 1479; x_wconf 89' lang='lat' dir='ltr'>versu</span> <span class='ocrx_word' id='word_1_172' title='bbox 269 1449 329 1479; x_wconf 87' lang='lat' dir='ltr'>duo</span> <span class='ocrx_word' id='word_1_173' title='bbox 357 1450 483 1480; x_wconf 88' lang='lat' dir='ltr'>nomina</span> <span class='ocrx_word' id='word_1_174' title='bbox 511 1451 637 1490; x_wconf 87' lang='lat' dir='ltr'>propria</span> <span class='ocrx_word' id='word_1_175' title='bbox 665 1450 819 1489; x_wconf 85' lang='lat' dir='ltr'>particula</span> <span class='ocrx_word' id='word_1_176' title='bbox 837 1451 875 1481; x_wconf 54' lang='lat' dir='ltr'>Q</span> <span class='ocrx_word' id='word_1_177' title='bbox 903 1450 1068 1480; x_wconf 84' lang='lat' dir='ltr'>coniuncta</span> <span class='ocrx_word' id='word_1_178' title='bbox 1096 1450 1171 1490; x_wconf 80' lang='lat' dir='ltr'>sint,</span> <span class='ocrx_word' id='word_1_179' title='bbox 1201 1450 1365 1479; x_wconf 84' lang='lat' dir='ltr'>reiecisse.</span> <span class='ocrx_word' id='word_1_180' title='bbox 1399 1450 1446 1479; x_wconf 89' lang='lat' dir='ltr'>De</span> <span class='ocrx_word' id='word_1_181' title='bbox 1475 1449 1552 1478; x_wconf 88' lang='lat' dir='ltr'>locis</span> <span class='ocrx_word' id='word_1_182' title='bbox 1581 1458 1691 1487; x_wconf 86' lang='lat' dir='ltr'>parum</span> <span class='ocrx_word' id='word_1_183' title='bbox 1717 1449 1795 1477; x_wconf 81' lang='lat' dir='ltr'>certi</span> <span class='ocrx_word' id='word_1_184' title='bbox 1823 1448 1935 1479; x_wconf 86' lang='lat' dir='ltr'>habeo.</span> 
     </span>
     <span class='ocr_line' id='line_1_20' title="bbox 142 1510 1934 1557; baseline -0.001 -15"><span class='ocrx_word' id='word_1_185' title='bbox 142 1513 266 1542; x_wconf 82' lang='lat' dir='ltr'>Vocem</span> <span class='ocrx_word' id='word_1_186' title='bbox 295 1515 356 1557; x_wconf 60' lang='lat'>‘8035</span> <span class='ocrx_word' id='word_1_187' title='bbox 384 1522 497 1542; x_wconf 87' lang='lat' dir='ltr'>nomen</span> <span class='ocrx_word' id='word_1_188' title='bbox 524 1512 595 1552; x_wconf 68' lang='lat' dir='ltr'>loci,</span> <span class='ocrx_word' id='word_1_189' title='bbox 624 1518 689 1542; x_wconf 84' lang='lat' dir='ltr'>turn</span> <span class='ocrx_word' id='word_1_190' title='bbox 717 1521 831 1542; x_wconf 88' lang='lat' dir='ltr'>nomen</span> <span class='ocrx_word' id='word_1_191' title='bbox 862 1513 978 1541; x_wconf 88' lang='lat' dir='ltr'>montis</span> <span class='ocrx_word' id='word_1_192' title='bbox 1005 1512 1035 1541; x_wconf 90' lang='lat' dir='ltr'>in</span> <span class='ocrx_word' id='word_1_193' title='bbox 1063 1512 1193 1542; x_wconf 86' lang='lat' dir='ltr'>deserto</span> <span class='ocrx_word' id='word_1_194' title='bbox 1230 1510 1373 1551; x_wconf 40' lang='lat' dir='ltr'>(adeladi)</span> <span class='ocrx_word' id='word_1_195' title='bbox 1407 1516 1440 1542; x_wconf 90' lang='lat' dir='ltr'>et</span> <span class='ocrx_word' id='word_1_196' title='bbox 1467 1512 1582 1541; x_wconf 86' lang='lat' dir='ltr'>montis</span> <span class='ocrx_word' id='word_1_197' title='bbox 1610 1512 1639 1540; x_wconf 86' lang='lat' dir='ltr'>in</span> <span class='ocrx_word' id='word_1_198' title='bbox 1666 1512 1799 1551; x_wconf 83' lang='lat' dir='ltr'>regione</span> <span class='ocrx_word' id='word_1_199' title='bbox 1827 1511 1934 1552; x_wconf 83' lang='lat' dir='ltr'>gentis</span> 
     </span>
    </p>
   </div>
   <div class='ocr_carea' id='block_1_11' title="bbox 141 1573 1934 1621">
    <p class='ocr_par' dir='ltr' id='par_1_11' title="bbox 141 1573 1934 1621">
     <span class='ocr_line' id='line_1_21' title="bbox 141 1573 1934 1621; baseline -0.002 -16"><span class='ocrx_word' id='word_1_200' title='bbox 141 1576 221 1605; x_wconf 84' lang='lat' dir='ltr'>Thai</span> <span class='ocrx_word' id='word_1_201' title='bbox 249 1576 322 1614; x_wconf 73' lang='lat' dir='ltr'>siti,</span> <span class='ocrx_word' id='word_1_202' title='bbox 362 1586 479 1606; x_wconf 80' lang='lat' dir='ltr'>vocem</span> <span class='ocrx_word' id='word_1_203' title='bbox 505 1573 608 1621; x_wconf 45' lang='lat' dir='ltr'>⁴..3&gt;)..li</span> <span class='ocrx_word' id='word_1_204' title='bbox 637 1585 749 1605; x_wconf 85' lang='lat' dir='ltr'>nomen</span> <span class='ocrx_word' id='word_1_205' title='bbox 777 1576 893 1605; x_wconf 76' lang='lat' dir='ltr'>moniis</span> <span class='ocrx_word' id='word_1_206' title='bbox 924 1576 1004 1605; x_wconf 86' lang='lat' dir='ltr'>inter</span> <span class='ocrx_word' id='word_1_207' title='bbox 1031 1576 1225 1615; x_wconf 81' lang='lat' dir='ltr'>provinciam</span> <span class='ocrx_word' id='word_1_208' title='bbox 1255 1573 1455 1614; x_wconf 81' lang='lat' dir='ltr'>Aljemamah</span> <span class='ocrx_word' id='word_1_209' title='bbox 1483 1579 1515 1604; x_wconf 84' lang='lat' dir='ltr'>et</span> <span class='ocrx_word' id='word_1_210' title='bbox 1543 1573 1691 1613; x_wconf 84' lang='lat' dir='ltr'>oppidum</span> <span class='ocrx_word' id='word_1_211' title='bbox 1719 1575 1854 1603; x_wconf 86' lang='lat' dir='ltr'>Bazram</span> <span class='ocrx_word' id='word_1_212' title='bbox 1881 1574 1934 1603; x_wconf 86' lang='lat' dir='ltr'>siti</span> 
     </span>
    </p>
   </div>
   <div class='ocr_carea' id='block_1_12' title="bbox 141 1638 572 1679">
    <p class='ocr_par' dir='ltr' id='par_1_12' title="bbox 141 1638 572 1679">
     <span class='ocr_line' id='line_1_22' title="bbox 141 1638 572 1679; baseline 0 -13"><span class='ocrx_word' id='word_1_213' title='bbox 141 1638 170 1667; x_wconf 89' lang='lat' dir='ltr'>in</span> <span class='ocrx_word' id='word_1_214' title='bbox 199 1638 333 1668; x_wconf 80' lang='lat' dir='ltr'>Kamusi</span> <span class='ocrx_word' id='word_1_215' title='bbox 361 1648 458 1678; x_wconf 89' lang='lat' dir='ltr'>opere</span> <span class='ocrx_word' id='word_1_216' title='bbox 486 1639 572 1679; x_wconf 84' lang='lat' dir='ltr'>lego.</span> 
     </span>
    </p>
   </div>
   <div class='ocr_carea' id='block_1_13' title="bbox 139 1734 1934 1775">
    <p class='ocr_par' dir='ltr' id='par_1_13' title="bbox 139 1734 1934 1775">
     <span class='ocr_line' id='line_1_23' title="bbox 139 1734 1934 1775; baseline 0.001 -12"><span class='ocrx_word' id='word_1_217' title='bbox 139 1734 171 1764; x_wconf 85' lang='lat'>3.</span> <span class='ocrx_word' id='word_1_218' title='bbox 217 1734 280 1770; x_wconf 80' lang='lat' dir='ltr'>Oui</span> <span class='ocrx_word' id='word_1_219' title='bbox 301 1745 395 1771; x_wconf 82' lang='lat' dir='ltr'>quum</span> <span class='ocrx_word' id='word_1_220' title='bbox 419 1736 461 1764; x_wconf 83' lang='lat' dir='ltr'>ad</span> <span class='ocrx_word' id='word_1_221' title='bbox 479 1744 536 1764; x_wconf 85' lang='lat' dir='ltr'>nos</span> <span class='ocrx_word' id='word_1_222' title='bbox 559 1738 734 1769; x_wconf 73' lang='lat' dir='ltr'>venissent,</span> <span class='ocrx_word' id='word_1_223' title='bbox 760 1738 825 1763; x_wconf 80' lang='lat' dir='ltr'>tum</span> <span class='ocrx_word' id='word_1_224' title='bbox 852 1744 910 1763; x_wconf 82' lang='lat' dir='ltr'>nos</span> <span class='ocrx_word' id='word_1_225' title='bbox 932 1747 1001 1765; x_wconf 81' lang='lat' dir='ltr'>cum</span> <span class='ocrx_word' id='word_1_226' title='bbox 1033 1739 1071 1765; x_wconf 82' lang='lat' dir='ltr'>iis</span> <span class='ocrx_word' id='word_1_227' title='bbox 1100 1740 1205 1775; x_wconf 77' lang='lat' dir='ltr'>questi</span> <span class='ocrx_word' id='word_1_228' title='bbox 1224 1747 1375 1771; x_wconf 82' lang='lat' dir='ltr'>essemus,</span> <span class='ocrx_word' id='word_1_229' title='bbox 1398 1737 1569 1774; x_wconf 76' lang='lat' dir='ltr'>plorarmzt</span> <span class='ocrx_word' id='word_1_230' title='bbox 1591 1740 1622 1765; x_wconf 82' lang='lat' dir='ltr'>et</span> <span class='ocrx_word' id='word_1_231' title='bbox 1643 1740 1777 1775; x_wconf 82' lang='lat' dir='ltr'>utraque</span> <span class='ocrx_word' id='word_1_232' title='bbox 1795 1746 1877 1774; x_wconf 70' lang='lat' dir='ltr'>qens</span> <span class='ocrx_word' id='word_1_233' title='bbox 1899 1738 1934 1765; x_wconf 78' lang='lat' dir='ltr'>ob</span> 
     </span>
    </p>
   </div>
   <div class='ocr_carea' id='block_1_14' title="bbox 795 1790 1282 1828">
    <p class='ocr_par' dir='ltr' id='par_1_14' title="bbox 795 1790 1282 1828">
     <span class='ocr_line' id='line_1_24' title="bbox 795 1790 1282 1828; baseline 0.002 -10"><span class='ocrx_word' id='word_1_234' title='bbox 795 1791 1001 1819; x_wconf 72' lang='lat' dir='ltr'>conditionem</span> <span class='ocrx_word' id='word_1_235' title='bbox 1025 1801 1115 1820; x_wconf 79' lang='lat' dir='ltr'>suum</span> <span class='ocrx_word' id='word_1_236' title='bbox 1139 1790 1282 1828; x_wconf 77' lang='lat' dir='ltr'>ploravit.</span> 
     </span>
    </p>
   </div>
   <div class='ocr_carea' id='block_1_15' title="bbox 143 1856 1933 1896">
    <p class='ocr_par' dir='ltr' id='par_1_15' title="bbox 143 1856 1933 1896">
     <span class='ocr_line' id='line_1_25' title="bbox 143 1856 1933 1896; baseline 0.002 -12"><span class='ocrx_word' id='word_1_237' title='bbox 143 1856 173 1884; x_wconf 67' lang='lat'>4.</span> <span class='ocrx_word' id='word_1_238' title='bbox 217 1856 350 1891; x_wconf 72' lang='lat' dir='ltr'>qunus</span> <span class='ocrx_word' id='word_1_239' title='bbox 371 1856 507 1892; x_wconf 81' lang='lat' dir='ltr'>ploravit</span> <span class='ocrx_word' id='word_1_240' title='bbox 527 1859 649 1890; x_wconf 78' lang='lat' dir='ltr'>timens,</span> <span class='ocrx_word' id='word_1_241' title='bbox 682 1866 721 1885; x_wconf 78' lang='lat' dir='ltr'>ne</span> <span class='ocrx_word' id='word_1_242' title='bbox 743 1858 976 1893; x_wconf 68' lang='lat' dir='ltr'>vituperaretur</span> <span class='ocrx_word' id='word_1_243' title='bbox 1003 1861 1034 1885; x_wconf 83' lang='lat' dir='ltr'>et</span> <span class='ocrx_word' id='word_1_244' title='bbox 1062 1860 1160 1886; x_wconf 74' lang='lat' dir='ltr'>riator</span> <span class='ocrx_word' id='word_1_245' title='bbox 1179 1861 1365 1893; x_wconf 60' lang='lat' dir='ltr'>noctur-mas,</span> <span class='ocrx_word' id='word_1_246' title='bbox 1393 1860 1449 1896; x_wconf 81' lang='lat' dir='ltr'>qui</span> <span class='ocrx_word' id='word_1_247' title='bbox 1469 1859 1504 1886; x_wconf 83' lang='lat' dir='ltr'>ob</span> <span class='ocrx_word' id='word_1_248' title='bbox 1521 1860 1639 1896; x_wconf 86' lang='lat' dir='ltr'>famem</span> <span class='ocrx_word' id='word_1_249' title='bbox 1662 1858 1788 1895; x_wconf 71' lang='lat' dir='ltr'>cinyulo</span> <span class='ocrx_word' id='word_1_250' title='bbox 1811 1860 1933 1887; x_wconf 76' lang='lat' dir='ltr'>viscera</span> 
     </span>
    </p>
   </div>
   <div class='ocr_carea' id='block_1_16' title="bbox 915 1913 1158 1948">
    <p class='ocr_par' dir='ltr' id='par_1_16' title="bbox 915 1913 1158 1948">
     <span class='ocr_line' id='line_1_26' title="bbox 915 1913 1158 1948; baseline 0.012 -10"><span class='ocrx_word' id='word_1_251' title='bbox 915 1913 1158 1948; x_wconf 71' lang='lat' dir='ltr'>constre&#39;nyebat.</span> 
     </span>
    </p>
   </div>
   <div class='ocr_carea' id='block_1_17' title="bbox 140 1980 1930 2083">
    <p class='ocr_par' dir='ltr' id='par_1_17' title="bbox 140 1980 1930 2083">
     <span class='ocr_line' id='line_1_27' title="bbox 237 1980 1930 2022; baseline 0.002 -15"><span class='ocrx_word' id='word_1_252' title='bbox 237 1980 270 2008; x_wconf 91' lang='lat' dir='ltr'>ln</span> <span class='ocrx_word' id='word_1_253' title='bbox 299 1980 361 2009; x_wconf 70' lang='lat' dir='ltr'>hoo</span> <span class='ocrx_word' id='word_1_254' title='bbox 387 1990 485 2010; x_wconf 88' lang='lat' dir='ltr'>versu</span> <span class='ocrx_word' id='word_1_255' title='bbox 514 1990 645 2010; x_wconf 88' lang='lat' dir='ltr'>causam</span> <span class='ocrx_word' id='word_1_256' title='bbox 673 1980 816 2019; x_wconf 83' lang='lat' dir='ltr'>ploratus</span> <span class='ocrx_word' id='word_1_257' title='bbox 846 1983 996 2019; x_wconf 81' lang='lat' dir='ltr'>exponit3</span> <span class='ocrx_word' id='word_1_258' title='bbox 1026 1991 1107 2011; x_wconf 90' lang='lat' dir='ltr'>unus</span> <span class='ocrx_word' id='word_1_259' title='bbox 1135 1982 1284 2021; x_wconf 67' lang='lat' dir='ltr'>ploravit7</span> <span class='ocrx_word' id='word_1_260' title='bbox 1312 1982 1397 2020; x_wconf 92' lang='lat' dir='ltr'>quod</span> <span class='ocrx_word' id='word_1_261' title='bbox 1425 1982 1599 2022; x_wconf 75' lang='lat' dir='ltr'>metuebat,</span> <span class='ocrx_word' id='word_1_262' title='bbox 1627 1992 1666 2011; x_wconf 91' lang='lat' dir='ltr'>ue</span> <span class='ocrx_word' id='word_1_263' title='bbox 1692 1982 1848 2011; x_wconf 81' lang='lat' dir='ltr'>avaritiae</span> <span class='ocrx_word' id='word_1_264' title='bbox 1874 1991 1930 2012; x_wconf 86' lang='lat' dir='ltr'>ac-</span> 
     </span>
     <span class='ocr_line' id='line_1_28' title="bbox 140 2043 1930 2083; baseline 0.001 -13"><span class='ocrx_word' id='word_1_265' title='bbox 140 2046 319 2083; x_wconf 69' lang='lat' dir='ltr'>cusaretur7</span> <span class='ocrx_word' id='word_1_266' title='bbox 348 2043 438 2083; x_wconf 74' lang='lat' dir='ltr'>alter,</span> <span class='ocrx_word' id='word_1_267' title='bbox 474 2043 556 2081; x_wconf 91' lang='lat' dir='ltr'>quod</span> <span class='ocrx_word' id='word_1_268' title='bbox 590 2043 701 2073; x_wconf 84' lang='lat' dir='ltr'>famem</span> <span class='ocrx_word' id='word_1_269' title='bbox 729 2045 985 2083; x_wconf 81' lang='lat' dir='ltr'>perpetiebatur,</span> <span class='ocrx_word' id='word_1_270' title='bbox 1014 2044 1128 2083; x_wconf 87' lang='lat' dir='ltr'>quippe</span> <span class='ocrx_word' id='word_1_271' title='bbox 1155 2045 1396 2074; x_wconf 79' lang='lat' dir='ltr'>excusationem</span> <span class='ocrx_word' id='word_1_272' title='bbox 1423 2053 1532 2074; x_wconf 85' lang='lat' dir='ltr'>eorum</span> <span class='ocrx_word' id='word_1_273' title='bbox 1563 2054 1672 2073; x_wconf 86' lang='lat' dir='ltr'>veram</span> <span class='ocrx_word' id='word_1_274' title='bbox 1700 2053 1776 2074; x_wconf 88' lang='lat' dir='ltr'>esse</span> <span class='ocrx_word' id='word_1_275' title='bbox 1804 2049 1930 2083; x_wconf 81' lang='lat' dir='ltr'>putans⁷</span> 
     </span>
    </p>
   </div>
   <div class='ocr_carea' id='block_1_18' title="bbox 139 2104 1235 2147">
    <p class='ocr_par' dir='ltr' id='par_1_18' title="bbox 139 2104 1235 2147">
     <span class='ocr_line' id='line_1_29' title="bbox 139 2104 1235 2147; baseline 0.002 -15"><span class='ocrx_word' id='word_1_276' title='bbox 139 2107 172 2133; x_wconf 76' lang='lat' dir='ltr'>ut</span> <span class='ocrx_word' id='word_1_277' title='bbox 197 2104 302 2133; x_wconf 84' lang='lat' dir='ltr'>famen</span> <span class='ocrx_word' id='word_1_278' title='bbox 331 2105 442 2134; x_wconf 85' lang='lat' dir='ltr'>melius</span> <span class='ocrx_word' id='word_1_279' title='bbox 470 2106 632 2144; x_wconf 78' lang='lat' dir='ltr'>toleraret,</span> <span class='ocrx_word' id='word_1_280' title='bbox 659 2111 806 2135; x_wconf 82' lang='lat' dir='ltr'>ventrem</span> <span class='ocrx_word' id='word_1_281' title='bbox 835 2106 963 2147; x_wconf 86' lang='lat' dir='ltr'>cingulo</span> <span class='ocrx_word' id='word_1_282' title='bbox 991 2107 1235 2146; x_wconf 82' lang='lat' dir='ltr'>constringeret.</span> 
     </span>
    </p>
   </div>
   <div class='ocr_carea' id='block_1_19' title="bbox 132 2210 1925 2565">
    <p class='ocr_par' dir='ltr' id='par_1_19' title="bbox 135 2210 1925 2308">
     <span class='ocr_line' id='line_1_30' title="bbox 135 2210 1925 2253; baseline 0 -11"><span class='ocrx_word' id='word_1_283' title='bbox 135 2213 165 2242; x_wconf 84' lang='lat'>5-</span> <span class='ocrx_word' id='word_1_284' title='bbox 212 2214 281 2250; x_wconf 71' lang='lat' dir='ltr'>Eyo</span> <span class='ocrx_word' id='word_1_285' title='bbox 305 2216 407 2241; x_wconf 83' lang='lat' dir='ltr'>autem</span> <span class='ocrx_word' id='word_1_286' title='bbox 430 2213 531 2241; x_wconf 76' lang='lat' dir='ltr'>oculis</span> <span class='ocrx_word' id='word_1_287' title='bbox 554 2216 629 2241; x_wconf 79' lang='lat' dir='ltr'>meis</span> <span class='ocrx_word' id='word_1_288' title='bbox 652 2215 817 2250; x_wconf 75' lang='lat' dir='ltr'>diliyenter</span> <span class='ocrx_word' id='word_1_289' title='bbox 841 2216 1063 2250; x_wconf 59' lang='lat' dir='ltr'>circumspexi,</span> <span class='ocrx_word' id='word_1_290' title='bbox 1089 2224 1163 2242; x_wconf 74' lang='lat' dir='ltr'>teum</span> <span class='ocrx_word' id='word_1_291' title='bbox 1181 2216 1331 2251; x_wconf 76' lang='lat' dir='ltr'>pinyuem</span> <span class='ocrx_word' id='word_1_292' title='bbox 1355 2210 1552 2253; x_wconf 78' lang='lat' dir='ltr'>(camelam)</span> <span class='ocrx_word' id='word_1_293' title='bbox 1576 2215 1710 2242; x_wconf 72' lang='lat' dir='ltr'>riderem</span> <span class='ocrx_word' id='word_1_294' title='bbox 1739 2217 1770 2242; x_wconf 83' lang='lat' dir='ltr'>et</span> <span class='ocrx_word' id='word_1_295' title='bbox 1790 2215 1925 2242; x_wconf 70' lang='lat' dir='ltr'>animam</span> 
     </span>
     <span class='ocr_line' id='line_1_31' title="bbox 420 2267 1639 2308; baseline 0.005 -15"><span class='ocrx_word' id='word_1_296' title='bbox 420 2276 519 2295; x_wconf 85' lang='lat' dir='ltr'>meam</span> <span class='ocrx_word' id='word_1_297' title='bbox 542 2267 635 2303; x_wconf 71' lang='lat' dir='ltr'>mleqi</span> <span class='ocrx_word' id='word_1_298' title='bbox 656 2268 698 2295; x_wconf 81' lang='lat' dir='ltr'>ad</span> <span class='ocrx_word' id='word_1_299' title='bbox 718 2269 852 2299; x_wconf 63' lang='lat' dir='ltr'>debitum</span> <span class='ocrx_word' id='word_1_300' title='bbox 873 2272 1118 2308; x_wconf 74' lang='lat' dir='ltr'>suscipiendum,</span> <span class='ocrx_word' id='word_1_301' title='bbox 1143 2274 1179 2299; x_wconf 77' lang='lat' dir='ltr'>nt</span> <span class='ocrx_word' id='word_1_302' title='bbox 1199 2271 1338 2307; x_wconf 69' lang='lat' dir='ltr'>hospites</span> <span class='ocrx_word' id='word_1_303' title='bbox 1362 2272 1427 2299; x_wconf 80' lang='lat' dir='ltr'>cibo</span> <span class='ocrx_word' id='word_1_304' title='bbox 1451 2273 1639 2308; x_wconf 57' lang='lat' dir='ltr'>exciperem.</span> 
     </span>
    </p>

    <p class='ocr_par' dir='ltr' id='par_1_20' title="bbox 132 2335 1922 2565">
     <span class='ocr_line' id='line_1_32' title="bbox 260 2335 1920 2380; baseline 0.002 -15"><span class='ocrx_word' id='word_1_305' title='bbox 260 2336 360 2366; x_wconf 80' lang='lat' dir='ltr'>Suam</span> <span class='ocrx_word' id='word_1_306' title='bbox 387 2335 503 2376; x_wconf 82' lang='lat' dir='ltr'>agendi</span> <span class='ocrx_word' id='word_1_307' title='bbox 532 2337 686 2366; x_wconf 77' lang='lat' dir='ltr'>rationem</span> <span class='ocrx_word' id='word_1_308' title='bbox 713 2338 820 2378; x_wconf 86' lang='lat' dir='ltr'>gentis</span> <span class='ocrx_word' id='word_1_309' title='bbox 848 2339 963 2379; x_wconf 86' lang='lat' dir='ltr'>agendi</span> <span class='ocrx_word' id='word_1_310' title='bbox 993 2341 1103 2369; x_wconf 87' lang='lat' dir='ltr'>rationi</span> <span class='ocrx_word' id='word_1_311' title='bbox 1131 2340 1269 2379; x_wconf 75' lang='lat' dir='ltr'>opponit,</span> <span class='ocrx_word' id='word_1_312' title='bbox 1303 2341 1377 2370; x_wconf 80' lang='lat' dir='ltr'>Vox</span> <span class='ocrx_word' id='word_1_313' title='bbox 1404 2337 1516 2372; x_wconf 40' lang='lat' dir='ltr'>maiali</span> <span class='ocrx_word' id='word_1_314' title='bbox 1544 2339 1713 2380; x_wconf 70' lang='lat' dir='ltr'>significat,</span> <span class='ocrx_word' id='word_1_315' title='bbox 1743 2349 1812 2369; x_wconf 83' lang='lat' dir='ltr'>eum</span> <span class='ocrx_word' id='word_1_316' title='bbox 1841 2340 1920 2369; x_wconf 90' lang='lat' dir='ltr'>sub-</span> 
     </span>
     <span class='ocr_line' id='line_1_33' title="bbox 133 2399 1920 2443; baseline 0 -13"><span class='ocrx_word' id='word_1_317' title='bbox 133 2400 178 2430; x_wconf 90' lang='lat' dir='ltr'>tili</span> <span class='ocrx_word' id='word_1_318' title='bbox 207 2399 299 2429; x_wconf 91' lang='lat' dir='ltr'>modo</span> <span class='ocrx_word' id='word_1_319' title='bbox 325 2399 616 2440; x_wconf 79' lang='lat' dir='ltr'>circumspexisse,</span> <span class='ocrx_word' id='word_1_320' title='bbox 645 2404 679 2429; x_wconf 92' lang='lat' dir='ltr'>ut</span> <span class='ocrx_word' id='word_1_321' title='bbox 706 2401 895 2430; x_wconf 82' lang='lat' dir='ltr'>camelorum</span> <span class='ocrx_word' id='word_1_322' title='bbox 922 2401 1037 2430; x_wconf 90' lang='lat' dir='ltr'>domini</span> <span class='ocrx_word' id='word_1_323' title='bbox 1065 2401 1261 2431; x_wconf 84' lang='lat' dir='ltr'>voluntatem</span> <span class='ocrx_word' id='word_1_324' title='bbox 1289 2412 1378 2432; x_wconf 88' lang='lat' dir='ltr'>suam</span> <span class='ocrx_word' id='word_1_325' title='bbox 1405 2402 1490 2432; x_wconf 89' lang='lat' dir='ltr'>haud</span> <span class='ocrx_word' id='word_1_326' title='bbox 1517 2405 1751 2443; x_wconf 84' lang='lat' dir='ltr'>cognoscerent</span> <span class='ocrx_word' id='word_1_327' title='bbox 1781 2405 1814 2430; x_wconf 91' lang='lat' dir='ltr'>et</span> <span class='ocrx_word' id='word_1_328' title='bbox 1854 2411 1920 2431; x_wconf 85' lang='lat' dir='ltr'>rem</span> 
     </span>
     <span class='ocr_line' id='line_1_34' title="bbox 132 2460 1919 2503; baseline -0.001 -10"><span class='ocrx_word' id='word_1_329' title='bbox 132 2462 280 2501; x_wconf 84' lang='lat' dir='ltr'>impedire</span> <span class='ocrx_word' id='word_1_330' title='bbox 310 2470 371 2490; x_wconf 90' lang='lat' dir='ltr'>non</span> <span class='ocrx_word' id='word_1_331' title='bbox 399 2466 548 2500; x_wconf 84' lang='lat' dir='ltr'>possent3</span> <span class='ocrx_word' id='word_1_332' title='bbox 576 2461 635 2491; x_wconf 88' lang='lat' dir='ltr'>sed</span> <span class='ocrx_word' id='word_1_333' title='bbox 661 2461 729 2490; x_wconf 83' lang='lat' dir='ltr'>fieri</span> <span class='ocrx_word' id='word_1_334' title='bbox 755 2471 879 2501; x_wconf 87' lang='lat' dir='ltr'>quoque</span> <span class='ocrx_word' id='word_1_335' title='bbox 906 2467 1025 2503; x_wconf 75' lang='lat' dir='ltr'>potest,</span> <span class='ocrx_word' id='word_1_336' title='bbox 1054 2468 1087 2492; x_wconf 90' lang='lat' dir='ltr'>ut</span> <span class='ocrx_word' id='word_1_337' title='bbox 1113 2472 1197 2492; x_wconf 82' lang='lat' dir='ltr'>voce</span> <span class='ocrx_word' id='word_1_338' title='bbox 1226 2464 1458 2502; x_wconf 85' lang='lat' dir='ltr'>perspicaciam</span> <span class='ocrx_word' id='word_1_339' title='bbox 1484 2463 1513 2492; x_wconf 89' lang='lat' dir='ltr'>in</span> <span class='ocrx_word' id='word_1_340' title='bbox 1539 2460 1773 2503; x_wconf 86' lang='lat' dir='ltr'>cognoscendis</span> <span class='ocrx_word' id='word_1_341' title='bbox 1810 2469 1919 2491; x_wconf 85' lang='lat' dir='ltr'>came-</span> 
     </span>
     <span class='ocr_line' id='line_1_35' title="bbox 134 2523 1922 2565; baseline 0.001 -13"><span class='ocrx_word' id='word_1_342' title='bbox 134 2525 171 2553; x_wconf 85' lang='lat' dir='ltr'>lis</span> <span class='ocrx_word' id='word_1_343' title='bbox 200 2523 337 2552; x_wconf 85' lang='lat' dir='ltr'>indicare</span> <span class='ocrx_word' id='word_1_344' title='bbox 365 2524 444 2561; x_wconf 79' lang='lat' dir='ltr'>vult,</span> <span class='ocrx_word' id='word_1_345' title='bbox 469 2533 539 2552; x_wconf 87' lang='lat' dir='ltr'>nam</span> <span class='ocrx_word' id='word_1_346' title='bbox 567 2532 755 2562; x_wconf 86' lang='lat' dir='ltr'>compresso</span> <span class='ocrx_word' id='word_1_347' title='bbox 784 2525 876 2555; x_wconf 84' lang='lat' dir='ltr'>oculo</span> <span class='ocrx_word' id='word_1_348' title='bbox 903 2527 993 2555; x_wconf 83' lang='lat' dir='ltr'>visus</span> <span class='ocrx_word' id='word_1_349' title='bbox 1021 2528 1145 2555; x_wconf 73' lang='lat' dir='ltr'>acutior</span> <span class='ocrx_word' id='word_1_350' title='bbox 1172 2524 1217 2554; x_wconf 83' lang='lat' dir='ltr'>fit.</span> <span class='ocrx_word' id='word_1_351' title='bbox 1272 2524 1376 2563; x_wconf 87' lang='lat' dir='ltr'>Quum</span> <span class='ocrx_word' id='word_1_352' title='bbox 1403 2528 1535 2555; x_wconf 87' lang='lat' dir='ltr'>animam</span> <span class='ocrx_word' id='word_1_353' title='bbox 1562 2525 1591 2553; x_wconf 91' lang='lat' dir='ltr'>in</span> <span class='ocrx_word' id='word_1_354' title='bbox 1618 2523 1774 2553; x_wconf 88' lang='lat' dir='ltr'>nonnullis</span> <span class='ocrx_word' id='word_1_355' title='bbox 1801 2533 1922 2565; x_wconf 87' lang='lat' dir='ltr'>repug-</span> 
     </span>
    </p>
   </div>
   <div class='ocr_carea' id='block_1_20' title="bbox 131 2583 1920 2628">
    <p class='ocr_par' dir='ltr' id='par_1_21' title="bbox 131 2583 1920 2628">
     <span class='ocr_line' id='line_1_36' title="bbox 131 2583 1920 2628; baseline 0.001 -13"><span class='ocrx_word' id='word_1_356' title='bbox 131 2592 255 2616; x_wconf 86' lang='lat' dir='ltr'>nantem</span> <span class='ocrx_word' id='word_1_357' title='bbox 282 2586 413 2627; x_wconf 82' lang='lat' dir='ltr'>fingaut,</span> <span class='ocrx_word' id='word_1_358' title='bbox 433 2590 529 2625; x_wconf 84' lang='lat' dir='ltr'>poeta</span> <span class='ocrx_word' id='word_1_359' title='bbox 547 2583 669 2626; x_wconf 43' lang='lat' dir='ltr'>&amp;Sul-v„</span> <span class='ocrx_word' id='word_1_360' title='bbox 685 2586 783 2628; x_wconf 79' lang='lat' dir='ltr'>dixit3</span> <span class='ocrx_word' id='word_1_361' title='bbox 813 2587 871 2617; x_wconf 84' lang='lat' dir='ltr'>sed</span> <span class='ocrx_word' id='word_1_362' title='bbox 894 2588 964 2617; x_wconf 88' lang='lat' dir='ltr'>loco</span> <span class='ocrx_word' id='word_1_363' title='bbox 980 2587 1150 2617; x_wconf 80' lang='lat' dir='ltr'>verborum</span> <span class='ocrx_word' id='word_1_364' title='bbox 1169 2583 1290 2626; x_wconf 52' lang='lat' dir='ltr'>wib„</span> <span class='ocrx_word' id='word_1_365' title='bbox 1321 2593 1384 2617; x_wconf 84' lang='lat' dir='ltr'>etc.</span> <span class='ocrx_word' id='word_1_366' title='bbox 1413 2589 1444 2616; x_wconf 92' lang='lat' dir='ltr'>in</span> <span class='ocrx_word' id='word_1_367' title='bbox 1469 2586 1621 2617; x_wconf 79' lang='lat' dir='ltr'>Mersukii</span> <span class='ocrx_word' id='word_1_368' title='bbox 1649 2585 1760 2616; x_wconf 86' lang='lat' dir='ltr'>codice</span> <span class='ocrx_word' id='word_1_369' title='bbox 1787 2587 1920 2627; x_wconf 86' lang='lat' dir='ltr'>legitur:</span> 
     </span>
    </p>
   </div>
  </div>
 </body>
</html>
