2155 2892
962 186 1008 193 —
1066 171 1107 202 ¹0
1162 189 1206 196 —

199 273 357 304 accidit
386 277 422 303 et
448 272 584 303 doloro
610 271 798 313 adfligit.
852 272 933 301 lam
962 271 1173 302 Minlinlus
1201 271 1331 310 pallio
1364 281 1434 302 suo
1473 273 1599 302 virum
1634 274 1839 314 involvit,
1876 274 1982 304 haud

197 337 450 367 ventriosum
477 336 566 366 cibo
589 335 864 374 vespertino,
895 333 1117 374 pulchrum.
1147 333 1291 363 Nonne
1318 333 1521 372 pervenit
1547 337 1717 364 nuntius
1748 334 1982 374 Almoliilli,

198 406 240 430 nt
276 400 410 429 oninis
449 398 596 428 dolore
631 397 840 428 adflictus
875 397 924 427 ob
961 406 1048 426 eum
1088 390 1392 426 irasceretur?
1446 395 1646 425 Memorntus
1673 395 1724 425 ille
1753 395 1937 426 Altnoliillus
1966 405 1983 424 e

196 468 295 502 gente
327 460 508 492 'rsahlnbali
543 459 582 489 nd
612 460 761 490 Melicum
797 460 937 489 occisum
974 459 1153 499 transiens,
1181 459 1250 488 eius
1286 462 1415 489 mortem
1451 463 1598 498 tanquam
1627 458 1775 499 goudium
1803 459 1983 498 concipiens

196 524 448 554 annuntiaverat.
500 522 592 552 llanc
618 522 657 551 ob
684 531 811 552 causam
839 523 1078 552 Motainminius
1107 531 1179 551 eum
1206 520 1412 560 vituperavit.
1456 519 1545 549 Filiis
1575 524 1681 549 autem
1708 519 1799 549 huius
1827 518 1982 549 Almoliilli

196 586 366 616 remedium
402 584 498 614 rabiei
533 585 663 614 caninae
701 590 806 615 notum
839 589 917 614 erat.
978 585 1080 615 Huius
1118 585 1161 614 rei
1198 589 1294 624 poeta
1330 584 1358 614 in
1394 593 1493 613 versu
1528 584 1719 613 mentionem
1758 582 1835 612 fecit
1871 582 1981 612 dicens

195 650 302 686 (metr.
331 647 513 676 Motakarib
541 647 628 676 initio
656 648 782 678 abiecta
807 648 971 687 syllaba):
1009 647 1153 677 Perfer
1188 647 1367 678 nuntium
1402 652 1516 677 tuum
1543 646 1662 687 genti
1689 645 1979 675 Banu-Maleo

194 712 233 738 et
259 707 448 738 familiae
475 707 727 749 Almohitti‚
762 709 892 739 rabiei
926 710 1106 740 caninae
1134 719 1241 749 quae
1270 704 1470 740 medetur!
1525 708 1685 740 Chaledus
1715 713 1820 739 autem
1850 717 1979 738 uxorem

193 770 310 801 Maleci
337 771 484 811 Lailam,
521 770 615 800 filiam
642 772 772 812 Sinoni,
799 772 934 811 eiusque
960 771 1057 802 filium
1085 772 1258 812 Djaradum
1286 772 1446 803 Medinam
1477 772 1607 802 abduxit
1634 773 1739 813 vitta,
1775 771 1897 802 duabus
1924 780 1982 800 sa-

192 834 280 874 gittis
298 832 324 872 ¹)
361 833 469 864 infixis
505 835 618 864 ornataei
653 839 770 865 tectus.
823 833 982 864 Ohmarus
1018 834 1100 864 hanc
1135 834 1174 864 ob
1209 843 1337 864 causam
1373 834 1473 864 iratus
1509 833 1547 864 ad
1580 834 1708 864 Alilium
1736 834 1825 864 venit
1852 833 1978 864 dicens:

192 895 252 926 nic
280 905 335 935 pro
363 897 472 927 occiso
499 897 617 927 Malico
646 896 828 934 occidatur,
868 901 1004 936 oportet.
1058 896 1353 927 Mohanunedanum
1389 895 1504 926 occidit
1538 900 1570 926 ct
1599 901 1661 926 tum
1689 896 1719 926 in
1745 896 1815 926 eius
1851 905 1981 926 uxorem

141 983 145 987 .
193 963 341 998 tanquam
368 959 478 989 asinus
508 959 625 988 insiliit.
657 959 800 999 [terque
829 958 1028 988 Thalhahum
1055 959 1084 987 b.
1113 957 1353 988 Ohbaid-Allali
1371 958 1400 996 α)
1429 962 1461 988 et
1488 957 1630 988 Salidum
1651 960 1678 988 b.
1696 958 1937 989 Abi-ssyakkoz
1949 956 1979 997 ³)

158 1036 161 1039 v
192 1023 428 1054 consentientes
456 1023 656 1054 invenerunt.
710 1024 940 1054 Abu-Becrus
953 1020 984 1061 ⁴)
1012 1028 1135 1063 autem,
1162 1031 1254 1061 quem
1281 1021 1342 1051 hac
1370 1020 1401 1050 in
1426 1029 1461 1050 re
1488 1020 1653 1059 adierant,
1688 1020 1787 1051 dixit:
1816 1019 1978 1059 Gladium,

192 1094 283 1124 quem
310 1086 402 1117 Deus
437 1087 548 1117 eduxit
565 1088 616 1126 ὅ),
653 1095 715 1128 ego
743 1086 863 1126 primus
899 1085 928 1115 in
957 1086 1108 1125 vaginam
1144 1093 1204 1113 non
1232 1082 1382 1113 recondo.
1436 1082 1513 1112 Eius
1552 1092 1685 1122 poenam
1713 1083 1782 1113 Deo
1809 1083 1979 1113 committo.

192 1147 340 1178 Satithus
355 1149 386 1189 ⁶)
414 1149 644 1191 interrogatus,
673 1159 746 1179 num
774 1148 937 1180 Chaledus
964 1147 1085 1178 Lailam
1113 1148 1141 1176 in
1169 1146 1400 1176 matrimonium
1428 1145 1565 1186 duxerit,
1593 1155 1627 1175 se
1654 1145 1782 1175 nescire
1808 1145 1979 1185 respondit.

192 1209 296 1248 Quum
314 1209 474 1241 Ohmarus
501 1212 531 1241 in
558 1211 721 1251 imperium
750 1211 989 1251 successisset,
1015 1209 1230 1239 Motammimo
1258 1208 1387 1247 petenti,
1417 1208 1570 1237 atuatici
1599 1207 1732 1237 caedem
1761 1207 1979 1244 ulcisceretur,

191 1271 282 1311 dixit,
309 1282 347 1302 se
375 1273 582 1303 Abu-Becri
611 1273 827 1303 mandatorum
853 1273 970 1303 nullum
1000 1276 1191 1302 mutaturum
1218 1280 1315 1309 esse3
1341 1270 1399 1300 sed
1428 1270 1550 1300 Lailam
1577 1271 1710 1309 eiusque
1738 1269 1835 1299 filium
1861 1269 1979 1309 Djarad

189 1334 279 1365 fratri
306 1335 454 1366 reddidit.
505 1336 841 1367 Abu-Monammedes
871 1335 1023 1366 Alahrabi
1053 1344 1137 1365 more
1163 1343 1222 1364 suo
1251 1334 1439 1364 Namiritam
1469 1333 1666 1364 refutaturus
1697 1342 1872 1363 sermonem
1903 1341 1979 1372 pro-

188 1397 301 1427 verbio
329 1398 429 1437 (conr.
449 1399 547 1429 Meid.
567 1399 604 1430 C.
627 1400 686 1439 22,
720 1400 830 1440 124),
857 1399 908 1429 eui
933 1406 1051 1428 seusus
1079 1402 1142 1435 est,
1168 1396 1277 1437 plures
1306 1406 1358 1427 res
1385 1397 1464 1427 inter
1492 1406 1529 1427 se
1556 1397 1677 1427 similes
1703 1405 1792 1434 esse,
1819 1395 1980 1434 inducens,

189 1458 285 1490 dicit:
311 1461 387 1490 Non
415 1461 575 1492 invenitur
602 1463 631 1492 in
660 1462 819 1492 Arabibus
846 1466 982 1500 excepto
1010 1460 1226 1490 Motammimo
1252 1465 1285 1489 et
1302 1460 1433 1498 Malim,
1461 1461 1513 1499 qui
1540 1459 1668 1490 fratrem
1694 1469 1787 1489 suum
1808 1458 1979 1489 defleverit

188 1525 221 1551 et
250 1523 390 1553 carmine
416 1523 542 1565 lugubri
572 1524 769 1565 laudaverit,
794 1533 866 1554 nam
892 1532 1017 1553 carmen
1044 1523 1252 1553 Motammimi
1276 1533 1336 1552 non
1363 1527 1430 1561 est,
1457 1522 1516 1552 sed
1545 1522 1604 1552 viri
1631 1520 1928 1561 Djidsl-Althiahn
1947 1519 1978 1557 ⁷)

188 1582 348 1614 Firasitae
375 1593 392 1615 e
417 1591 515 1625 gente
543 1586 706 1624 Cinariam,
747 1586 798 1624 qui
823 1585 952 1614 fratrem
980 1583 1128 1614 Malicum
1156 1585 1293 1614 carmine
1318 1583 1445 1625 lugubri
1471 1583 1622 1614 laudavit.
1677 1584 1802 1614 Initium
1831 1582 1979 1613 carminis

187 1643 249 1674 hoc
275 1650 349 1676 estz
376 1647 623 1678 Tristitiam
650 1658 781 1678 meam
808 1647 1086 1687 duplicarunt
1113 1655 1212 1676 ossa
1239 1647 1439 1686 cariosa,
1475 1656 1582 1686 quae
1609 1647 1719 1686 apud
1747 1647 1975 1677 Manscha-

189 1704 282 1736 dum
309 1712 348 1737 et
374 1707 757 1741 Ramtah-Korrah
784 1720 802 1740 a
829 1709 1008 1740 dextera
1033 1708 1348 1739 Alschanabiei
1387 1709 1573 1740 teximus
1606 1714 1646 1740 et
1673 1709 1822 1739 adiuvi
1855 1709 1975 1747 (cae-

188 1770 327 1808 teros)
364 1769 535 1801 deflens
568 1772 763 1802 Malicum
800 1778 842 1803 et
877 1772 1000 1812 quasi
1036 1771 1113 1802 ille
1147 1772 1186 1801 in
1222 1771 1370 1802 tumulo
1403 1781 1476 1802 suo
1514 1772 1627 1802 inter
1661 1782 1722 1802 me
1759 1777 1803 1802 et
1837 1774 1975 1812 ipsum

187 1830 346 1862 stellae
371 1833 636 1874 perplexae⁸j
662 1840 822 1867 essent.
858 1835 1016 1866 Socius
1045 1844 1157 1865 meus
1184 1844 1267 1864 non
1292 1834 1430 1876 fle-vit,
1459 1835 1545 1865 dum
1572 1835 1761 1866 homines
1789 1834 1973 1866 ridebant

204 1938 233 1969 l)
252 1939 326 1963 Haec
344 1946 386 1964 res
406 1941 541 1965 Arabibus
559 1948 593 1966 ex
612 1949 702 1972 pugna
720 1943 890 1967 redeuntibus
908 1943 987 1973 signo
1007 1943 1088 1966 fuisse
1112 1943 1236 1973 videtur,
1260 1949 1309 1967 eos
1331 1944 1420 1967 hostes
1445 1944 1583 1968 occidisse.
1620 1945 1692 1968 Haec
1713 1947 1803 1968 nutem
1829 1951 1871 1968 res
1896 1950 1974 1975 quum

252 1986 333 2010 occisi
353 1987 568 2012 Mohammedani
585 1994 686 2020 essent,
706 1990 771 2013 iram
790 1990 921 2013 mox-ebat.

205 2032 237 2059 2)
258 2032 294 2056 De
313 2032 362 2056 hoc
382 2033 439 2056 viro
459 2033 524 2057 idem
545 2040 639 2064 paene,
659 2036 727 2064 quod
747 2034 779 2058 de
798 2035 919 2065 proxime
936 2039 1063 2066 aequente
1081 2034 1218 2058 dicendum
1232 2035 1281 2066 est,
1301 2035 1379 2057 Anno
1390 2035 1426 2057 36
1437 2036 1530 2058 aetate
1550 2034 1586 2058 64
1603 2038 1651 2059 aut
1669 2035 1705 2058 58
1723 2039 1770 2059 aut
1789 2036 1827 2059 62
1843 2042 1973 2060 annorum

254 2076 322 2101 diem
334 2078 407 2102 obiit.
427 2080 466 2102 Ad
483 2080 637 2109 sepulcrum
658 2081 707 2104 virt
726 2081 750 2104 in
771 2081 867 2110 oppido
887 2082 969 2105 Bazra
989 2081 1123 2104 visitatum
1144 2080 1254 2103 veniunt
1272 2079 1370 2104 conf.
1389 2079 1473 2103 Citah.
1493 2079 1744 2104 Tatidsibi-l'Asmii
1761 2081 1860 2111 2323.
1879 2082 1918 2104 ed.
1939 2081 1972 2107 cl.

255 2124 395 2150 Wustcnf.
433 2126 455 2148 A
475 2126 532 2150 viro
551 2130 609 2157 pust
630 2126 735 2150 vivente
754 2127 957 2155 distinguendus
973 2130 1022 2150 est.

200 2168 231 2199 3)
250 2168 301 2193 Vir
319 2172 439 2199 tempore
457 2170 546 2194 lslami
564 2171 756 2196 celeberrimus
775 2172 918 2203 primorum
937 2178 1016 2202 nnuS,
1034 2173 1078 2202 qui
1097 2171 1282 2202 septemdecim
1301 2179 1388 2196 annos
1408 2176 1487 2196 natus
1499 2172 1688 2197 Muhammedts
1706 2173 1830 2204 religioni
1849 2179 1879 2197 se
1897 2173 1973 2197 addi-

249 2219 355 2247 xerant,
374 2217 399 2239 in
417 2222 481 2240 arce
498 2223 549 2240 sua
567 2217 592 2240 in
609 2217 671 2241 luco
683 2217 802 2241 Alalikik
819 2218 907 2248 spatio
925 2218 1033 2241 circiter
1048 2222 1149 2249 septem
1167 2223 1215 2243 aut
1233 2221 1322 2243 decem
1342 2219 1527 2243 milliariorum
1546 2218 1578 2242 ab
1599 2219 1664 2242 urbe
1675 2219 1784 2243 Medina
1794 2224 1896 2243 remota
1907 2220 1971 2243 diem

249 2261 329 2292 obiin
348 2263 395 2285 sed
415 2262 440 2285 in
460 2261 557 2292 oppido
575 2262 682 2286 Medina
700 2263 724 2286 in
743 2264 903 2287 coemeterio
921 2263 1066 2287 Albakih
1087 2265 1210 2294 sepultus
1229 2269 1269 2288 est
1287 2265 1373 2289 conf.
1391 2264 1468 2289 enan
1487 2264 1742 2288 Tahdsibi-I'Asmzii
1761 2271 1785 2294 p.
1804 2265 1867 2289 275,

199 2306 229 2338 4)
249 2307 288 2331 De
308 2307 469 2332 Abu-flecto
488 2308 613 2332 conteras
631 2308 706 2333 Citab
724 2300 978 2336 'rathdsibi-I'Asmai
998 2318 1021 2341 p.
1042 2312 1101 2334 656
1115 2318 1169 2342 sqq.

198 2351 232 2385 5)
251 2352 384 2377 chaterius
408 2353 442 2377 oh
465 2354 605 2378 maximam
629 2354 828 2388 fortitudinem,
856 2363 908 2386 qua
934 2363 983 2386 pro
1001 2357 1192 2381 Monammedts
1216 2356 1349 2387 religione
1375 2356 1567 2387 dimicaverat,
1593 2363 1739 2388 cognomen
1767 2358 1890 2388 ngtadius
1909 2358 1973 2382 nei·

247 2399 361 2429 aceepit.

199 2444 229 2474 6)
249 2444 333 2468 Vetus
352 2445 392 2469 hic
410 2445 580 2469 historiarum
600 2443 704 2468 rehum·
721 2445 806 2469 fuisse
824 2445 941 2476 uidetur,
959 2447 1006 2470 sed
1026 2448 1056 2471 de
1072 2447 1132 2471 viro
1148 2448 1186 2472 nil
1206 2447 1304 2472 inveni.

198 2490 228 2520 7)
247 2488 489 2521 Djidsl-Althialm
511 2490 617 2522 (socius
637 2491 831 2521 confussionis)
851 2492 901 2516 viri
920 2498 1071 2523 cognomen
1090 2499 1148 2525 est,
1167 2494 1209 2518 cui
1229 2500 1324 2518 nomen
1344 2494 1497 2518 Ahl'kamnh
1515 2493 1540 2517 b.
1559 2492 1638 2517 Fit-as
1658 2493 1682 2516 b.
1702 2493 1823 2517 Ghanam
1842 2494 1866 2518 b.
1885 2494 1972 2518 'rsah-

246 2544 337 2568 laban.
372 2545 466 2570 Omnis
484 2551 572 2571 autem
591 2547 628 2571 rei
647 2547 749 2577 peritus
766 2535 855 2579 dex>
871 2548 1025 2578 appellatur
1041 2550 1132 2573 conf.
1152 2548 1270 2573 Meidan.
1290 2548 1320 2573 C.
1341 2548 1385 2578 14,
1406 2547 1468 2571 112.

199 2600 235 2634 8)
252 2603 341 2627 Voces
365 2596 506 2641 &ly-Ul
532 2597 667 2642 ‘ej-skalt
684 2605 801 2629 »stenae
819 2605 981 2635 perplexam
998 2607 1066 2630 viam
1085 2607 1200 2631 lacteam
1220 2607 1373 2638 designant.
1409 2606 1512 2630 Sensus
1531 2608 1585 2630 est:
1603 2606 1652 2630 Ille
1671 2612 1687 2630 a
1705 2613 1746 2631 me
1761 2606 1842 2637 longe
1856 2610 1971 2629 remotus

249 2658 300 2688 est,
318 2659 346 2682 nt
363 2663 425 2682 eun
440 2657 576 2690 attingere
593 2664 721 2690 nequeam
739 2658 811 2682 conf.
831 2658 947 2683 Metdnn.
967 2660 999 2684 C.
1018 2661 1045 2693 2,
1068 2661 1127 2685 146.
1147 2665 1173 2685 et.
1190 2661 1235 2692 23,
1257 2662 1317 2686 14³.
