2155 2892
900 167 1164 198 —385—

149 265 180 293 4.
225 263 344 292 Mulier
367 264 408 292 ad
428 265 592 293 daemones
615 264 783 302 reserenda
811 267 866 293 aee!
893 267 944 293 cui
969 266 1097 293 (laeuum
1127 267 1184 299 est,
1213 266 1313 299 ipsam
1338 266 1433 294 cot-cla
1464 277 1552 302 arcu,
1573 269 1625 296 cm·
1649 277 1763 297 nervuo
1785 276 1847 296 non
1869 272 1926 302 eut,

907 322 1013 353 petere
1042 318 1166 345 docem.

226 387 275 416 Ad
303 386 542 417 describendam
573 386 718 415 sentinam
747 386 859 425 pergit.
892 387 969 416 Eius
998 386 1258 426 pulchritudinem
1286 387 1462 427 agendique
1491 390 1640 420 rationem
1670 392 1763 421 talem
1783 402 1871 432 esse,
1894 397 1929 422 ut

148 455 201 479 aut
220 449 454 479 adaemonibus
474 449 627 489 originem
647 448 773 479 duxerit
790 454 845 478 ant
871 450 982 479 sunem
1009 460 1027 479 a
1054 449 1207 479 ‹laeinone
1236 449 1350 480 edocta
1379 453 1431 480 sit.
1460 452 1582 481 Arabes
1611 454 1764 484 hominem
1796 461 1928 485 strenue

151 517 182 541 et
209 512 358 542 solertius
376 516 524 552 agentem
541 520 610 540 cuin
631 510 782 540 daemone
809 517 991 550 comparant
1009 510 1108 553 (conf.
1125 511 1183 541 l’.1
1200 522 1228 550 p.
1246 510 1315 541 325
1333 512 1449 543 adnott.
1466 511 1588 556 tloslt·.).
1613 516 1790 546 Daemones
1807 528 1929 558 quoque

151 574 294 603 homiues
322 575 350 603 iu
379 583 514 604 errorem
542 573 659 603 ducere
687 580 715 603 et
746 575 879 614 perdere
909 581 1067 614 putantur.
1096 575 1236 612 Utraque
1264 584 1314 603 res
1343 575 1370 603 in
1398 585 1492 605 versu
1518 582 1627 606 nostro
1652 580 1835 617 explicando
1856 586 1929 611 anto

149 637 259 666 oeulos
287 636 428 666 habenda
456 642 515 669 est,
570 637 726 666 conseras
754 646 833 676 quae
861 637 899 667 de
927 637 1132 667 daemonibus
1162 637 1331 676 disputavi.
1360 637 1641 677 1’.1p.t·29.410.
1658 639 1723 668 561
1744 640 1777 669 P.
1792 641 1817 669 ll
1833 651 1860 680 p.
1874 642 1929 675 97,

151 697 271 728 Oculos
298 698 336 727 ob
365 698 482 728 l'ormae
518 699 750 728 similitudinem
779 709 885 729 arcum
913 700 982 729 sine
1011 709 1109 728 nervo
1138 699 1311 738 appellavit
1338 699 1450 729 cons.
1478 699 1597 729 Bolilen
1627 701 1788 731 Motenab.
1818 712 1845 741 p.
1871 702 1928 741 533

149 759 208 789 sed
244 760 311 789 loeo
349 760 517 790 verborum
559 758 598 800 Q]
628 761 650 788 t.
679 764 766 801 4⁴...)ss
798 762 826 790 in
866 762 1019 791 Mersukii
1052 761 1159 791 codice
1198 759 1220 789 d
1251 761 1273 788 la
1299 772 1382 806 &aq
1409 764 1530 803 sagitta
1557 766 1617 792 etc.
1646 764 1779 804 legitur,
1820 765 1930 804 quibus

149 823 255 853 verbis
283 823 312 852 in
341 823 475 853 Tebrisii
502 833 626 863 quoque
653 824 760 853 codice
787 825 1014 863 superscriptis
1043 825 1209 862 sequentia
1237 824 1340 853 minus
1369 828 1443 862 apta
1472 829 1556 854 sunt.
1618 826 1818 856 Selioliastes
1846 827 1931 857 diffi-

151 884 301 914 cultatem
329 886 470 915 sentiens
499 885 588 925 dixit5
617 887 775 927 sagittam,
805 895 894 924 quam
923 896 1042 915 nervus
1071 896 1164 915 arcus
1192 896 1253 915 non
1281 890 1418 923 moveat,
1454 886 1638 927 significari.
1692 888 1930 920 Grammaticus

1031 945 1046 982 [q
1075 948 1271 986 incipientem
1298 948 1336 977 ab
1365 948 1601 978 Abu-Dalibalo
1632 951 1842 988 compositum
1871 961 1931 981 non

149 947 444 978 Abu-Moliaimned
472 948 620 978 Alalirabi
647 958 774 978 versum
805 949 913 977 verbis
941 945 1012 983 4255:

155 1019 254 1044 esse;
283 1010 341 1040 sed
368 1021 438 1040 eum
466 1011 566 1040 tribus
594 1011 661 1040 aliis
689 1011 836 1040 versibus
865 1012 946 1040 inter
976 1010 1044 1038 eius
1071 1012 1208 1039 carmina
1235 1009 1337 1039 locum
1366 1010 1539 1040 obtinuisse
1567 1012 1736 1042 contendit.
1790 1014 1930 1052 Versus,

154 1072 205 1112 qui
223 1078 385 1102 auctorem
402 1073 656 1103 Moliammedem
676 1073 704 1103 b.
724 1073 855 1102 Baschii·
876 1071 1090 1110 Cliaredjitam
1118 1071 1245 1111 habeat,
1274 1078 1362 1102 recte
1389 1073 1518 1114 intelligi
1537 1084 1597 1103 non
1624 1084 1720 1113 posse
1745 1076 1805 1105 nisi
1831 1076 1931 1106 tribus

152 1135 359 1173 sequentibus
374 1136 574 1174 praemissis:
594 1131 1244 1174 Olioininumpulcherrimalnisi
1271 1136 1376 1175 quod
1404 1136 1552 1166 donum
1578 1138 1666 1166 eius
1688 1139 1930 1179 perlongum

153 1201 313 1235 tempus
350 1196 623 1227 beneficium
664 1198 869 1236 speranti
907 1197 1107 1227 difficile
1135 1197 1396 1237 obtingitur.
1449 1197 1556 1226 Eius
1584 1198 1763 1229 lascivia
1798 1199 1932 1230 fasci-

156 1267 241 1288 num
285 1262 358 1295 est,
402 1268 478 1298 quo
518 1264 701 1290 venatur
741 1261 929 1299 eiusque
969 1269 1038 1289 cor
1081 1259 1289 1298 querenti
1318 1259 1447 1298 lapis.
1499 1259 1594 1289 Num
1626 1261 1931 1292 meminisceris

156 1320 214 1359 (et
254 1320 442 1351 foederis
482 1322 625 1351 vestri
664 1322 819 1352 oblitus
857 1331 936 1351 non
976 1331 1089 1363 sum,
1133 1331 1218 1351 nam
1258 1322 1456 1352 foederis
1498 1323 1654 1352 amicae
1681 1324 1931 1354 recordatio

157 1392 320 1423 semper
348 1385 500 1423 manet)
541 1385 674 1414 verba
701 1392 814 1424 mea,
857 1383 963 1422 (dum
991 1384 1211 1414 sociorum
1239 1383 1483 1414 vehentium
1514 1389 1675 1415 tuorum
1703 1386 1841 1416 vittae
1869 1396 1934 1417 ca-

156 1446 261 1486 pitis
289 1446 369 1476 iam
397 1447 743 1492 intelinabantur3
772 1456 862 1477 nam
891 1450 972 1477 iter
1002 1447 1191 1486 poculum
1218 1446 1349 1475 somni
1375 1446 1429 1476 iis
1458 1448 1756 1487 porrexerat):
1792 1447 1818 1478 O
1847 1449 1934 1478 uti-

157 1519 246 1539 nam
274 1519 355 1550 ego
383 1518 470 1539 cum
500 1510 713 1540 vestibus
745 1511 851 1540 meis
879 1511 953 1552 lege
978 1520 1109 1540 versum
1136 1511 1154 1540 i.
1183 1520 1210 1540 e.
1240 1516 1300 1540 etc.

981 1632 1114 1666 XCV.

738 1699 945 1733 Tauhah
971 1700 1010 1733 1».
1034 1697 1354 1740 ,mllio-najjir.
1711 1697 1780 1741 (ι).
1804 1699 1937 1740 591.)

867 1772 901 1810 (c
917 1781 933 1800 ο
949 1782 967 1800 n
983 1771 1001 1801 f.
1042 1772 1131 1801 Ham.
1157 1771 1232 1810 ossi.)

162 1843 189 1871 1.
235 1841 369 1878 Quidam
399 1843 529 1871 du'cmzt:
561 1842 644 1871 Eius
671 1843 832 1872 discessus
867 1844 921 1871 libi
947 1844 1035 1872 haud
1061 1842 1204 1871 uocebill
1224 1845 1300 1880 imo,
1327 1852 1416 1872 omne
1445 1843 1527 1880 quod
1558 1842 1662 1870 dolore
1683 1844 1804 1870 animos
1827 1842 1937 1880 adficit,

932 1899 1045 1924 animis
1075 1899 1172 1924 nocet.

256 1964 425 1994 Hominum
443 1965 587 1994 solatium
613 1965 642 1993 in
670 1964 806 1994 decessu
826 1965 944 1994 amicae
972 1965 1094 1994 refellit
1123 1964 1256 1995 Omnem
1273 1964 1409 1995 dolorem
1428 1965 1530 1995 animo
1549 1966 1676 1995 noxium
1700 1974 1783 1995 esse.
1798 1964 1940 1995 Verbum

163 2027 247 2063 φῦλα,
276 2025 359 2065 quod
387 2027 416 2055 in
442 2026 627 2065 corporibus
655 2026 763 2056 morbo
788 2026 971 2056 extenuatis
1000 2027 1136 2055 maxime
1164 2027 1193 2056 in
1221 2035 1278 2057 usu
1306 2032 1367 2067 est,
1395 2027 1424 2056 in
1452 2028 1573 2057 animos
1602 2032 1696 2067 poeta
1722 2026 1891 2056 transtulit.

162 2121 194 2148 2.
238 2120 352 2148 Nonne
372 2121 473 2156 oculo,
496 2122 579 2159 quod
598 2121 729 2150 mullum
748 2121 817 2159 slel,
839 2124 930 2149 noce!
951 2124 980 2149 et
1001 2122 1086 2158 quod
1106 2125 1168 2150 tam
1189 2131 1319 2151 somnus
1340 2132 1433 2160 quam
1455 2122 1573 2152 laelilisz
1596 2124 1632 2151 ab
1655 2133 1689 2151 eo
1709 2123 1913 2160 prohibetur?

263 2192 353 2231 Quae
381 2192 493 2223 lioniini
525 2194 688 2224 tribuenda
715 2200 816 2235 eraut,
832 2204 964 2224 somnus
983 2198 1012 2224 et
1035 2195 1163 2234 laetitia,
1191 2196 1282 2225 oculo
1309 2195 1491 2237 adscripsit,
1519 2196 1603 2237 quod
1632 2196 1660 2226 in
1691 2206 1729 2226 eo
1759 2200 1941 2236 appareant.

974 2314 1144 2348 xcvl.

575 2380 682 2413 Ebu
699 2379 825 2414 -Am
839 2376 1079 2414 -Dobsteil
1103 2377 1371 2414 etiosam-ta
1404 2379 1535 2413 dixit.

169 2450 193 2478 l.
235 2451 321 2486 Dies,
349 2459 408 2489 quo
430 2449 484 2477 libi
505 2457 566 2476 non
590 2458 728 2482 occurro,
754 2450 868 2486 lonqus
889 2453 937 2478 es!
956 2452 987 2478 et
1009 2450 1085 2483 dies,
1110 2459 1168 2488 quo
1189 2451 1398 2484 conwninms,
1420 2449 1528 2477 brevis.

274 2518 474 2548 Sententiam
515 2517 553 2547 ab
593 2517 739 2547 omnibus
776 2519 958 2559 probatam,
985 2518 1175 2548 laetantibus
1207 2518 1298 2546 uobis
1327 2517 1478 2556 temporis
1506 2517 1642 2556 spatium
1673 2517 1780 2555 breve,
1805 2517 1946 2548 tristibus

165 2580 297 2620 longum
323 2580 426 2610 videri
455 2579 583 2620 profert.
635 2579 714 2609 Voci
743 2591 792 2625 βξ
819 2581 899 2610 alter
926 2581 1052 2622 legendi
1079 2580 1189 2610 modus
1217 2577 1289 2621 ¹35>
1317 2580 1454 2619 (annus)
1482 2580 1510 2609 in
1529 2580 1664 2610 Tebrisii
1691 2580 1800 2610 codice
1827 2590 1946 2620 super-

162 2643 300 2683 scriptus
328 2649 390 2674 est.
