2155 2892
931 109 1196 142 -134—

160 208 192 236 4.
215 206 403 236 Alnadlzrus
425 206 546 244 audiat,
569 215 665 244 quum
690 215 760 235 eum
783 216 883 242 vocas,
907 209 938 236 εἰ
956 211 1100 238 mortuus
1122 210 1213 238 audit
1233 212 1290 238 aut
1310 208 1473 248 loquitur!

264 275 372 315 Optat,
400 279 436 304 ut
463 274 606 305 nuntium
636 275 766 306 missum
795 275 904 306 audiat
930 281 964 306 et
989 286 1166 308 moerorem
1194 278 1278 308 filiae
1306 279 1376 309 inde
1403 284 1598 321 cognoscat3
1634 280 1703 318 sed,
1744 291 1834 322 spem
1860 286 1954 315 talem

164 338 284 367 irritam
300 347 387 377 esse,
417 337 569 379 queritur,
597 347 691 378 quum
719 343 863 369 mortuus
890 348 993 378 neque
1019 341 1120 370 verba
1138 340 1254 381 audiat,
1281 350 1386 380 neque
1406 350 1595 380 responsum
1621 341 1682 372 det.
1713 343 1821 374 Verba
1839 355 1955 376 versus

161 404 294 434 inversa
320 404 417 440 sunt,
452 409 524 429 nam
553 401 744 430 conditionis
770 401 880 431 verbis
907 400 1005 437 10:³05
1021 401 1060 448 Oi
1085 412 1263 443 expressae
1290 403 1466 442 propositio
1494 413 1697 444 consequens
1725 407 1834 436 verbis
1858 412 1952 438 ante-

163 461 347 492 cedentibus
374 459 506 508 oxu-02⁸5
533 462 700 493 indicatur.
763 464 842 494 Post
877 464 1108 505 conditionem,
1146 474 1226 503 quae
1261 464 1370 494 verbis
1398 476 1487 512 &unq
1513 462 1580 510 ,ΟΒ
1605 466 1644 511 0¹
1673 472 1735 497 etc.
1762 471 1954 507 continetur,

162 525 338 565 propositio
366 535 572 566 consequens
599 526 776 565 supplenda
804 530 863 556 est.
918 526 1004 557 Ordo
1040 527 1207 556 verborum
1244 526 1290 556 sic
1325 527 1472 556 constitui
1509 532 1636 566 potest:
1672 527 1763 575 sall
1790 526 1890 565 :affl-‘¹⁵
1917 530 1955 575 Ol

161 584 259 636 Ubi-3
281 586 312 627 ,1
339 599 429 635 Μ
458 585 546 625 &gl
574 586 638 633 ΘΚ
665 586 705 633 Οἵ
732 585 913 628 εςᾲᾲᾓᾷῳβ
939 585 1044 618 όεωό
1072 586 1234 634 oasa-afilia.
1301 588 1376 618 Vox
1411 593 1517 618 autem
1552 586 1657 626 dij-ug
1684 601 1702 621 a
1737 601 1818 622 voce
1844 604 1955 640 &aa-23,

161 660 297 690 quacum
324 651 544 693 coniungenda
571 656 650 692 erat,
678 651 920 681 homoioteleuti
949 652 1105 692 metrIque
1133 661 1229 682 causa
1256 655 1407 691 separata
1435 656 1496 682 est.

161 749 192 778 5.
216 747 327 778 Gladii
344 749 485 787 fratrum
505 758 635 777 suorum
660 758 729 777 eum
753 751 933 785 alliqerunl.
958 749 985 778 Ο
1006 748 1118 779 Deus!
1138 748 1245 787 qualia
1255 750 1502 787 propinquitatis
1518 750 1642 779 vincula
1656 752 1698 780 ibi
1709 752 1958 790 rumpebantur!

261 817 430 856 Queritur,
457 827 529 847 eum
556 822 767 858 cognatorum
796 817 930 858 gladiis,
960 818 1014 857 qui
1042 819 1144 857 ipsum
1172 818 1254 847 tueri
1282 818 1469 859 debuerint,
1498 820 1641 850 occisum
1671 830 1756 852 esse.
1811 821 1954 860 Quatuor

161 883 332 919 sequentes
358 888 487 919 versus,
514 882 625 919 paucis
653 881 796 919 mutatis,
826 880 857 910 in
884 881 1153 911 Ebn-Challikani
1182 890 1280 920 opere
1306 881 1369 910 No.
1396 881 1476 914 501.
1504 882 1590 912 citati
1617 887 1700 913 sunt.
1728 884 1868 914 Verbum
1885 882 1954 922 0215

162 949 224 973 tam
252 944 282 972 in
309 943 412 973 hastis
439 952 531 982 quam
561 943 591 973 in
619 943 731 983 gladiis
759 944 926 974 adhibetur
952 944 1054 974 conf.
1084 945 1176 974 Ham.
1204 953 1234 982 p.
1264 943 1314 972 W}
1342 952 1373 972 v.
1404 944 1433 973 1.
1486 944 1690 975 Scholiastes
1724 945 1821 985 dixit,
1857 957 1953 986 prae-

161 1005 320 1044 positione
347 1004 584 1034 admirationem
612 1002 795 1043 (ῳᾲυικϋ)
824 1005 953 1035 indicari
982 1005 1104 1044 (conf.
1133 1006 1244 1037 Gram.
1273 1010 1327 1037 Ar.
1355 1009 1391 1037 Τ.
1419 1008 1442 1037 Ι.
1469 1019 1498 1048 p.
1529 1009 1628 1049 474.3
1664 1009 1722 1039 sed
1759 1013 1809 1039 est
1846 1012 1952 1049 potius

162 1065 286 1105 modus,
314 1075 374 1105 quo
402 1075 455 1096 res
477 1071 624 1105 tanquam
645 1076 761 1107 magna
781 1068 848 1096 Deo
867 1067 1057 1099 adscribitur
1077 1068 1296 1110 (wls-22:5³5)
1312 1071 1383 1100 ibid.
1403 1081 1437 1110 p‚·
1450 1071 1530 1101 473.
1559 1071 1717 1112 Cognatio
1737 1077 1843 1102 autem
1861 1072 1953 1102 modo

161 1128 308 1168 loquendi
324 1128 483 1158 Arabibus
502 1128 667 1168 frequente
682 1139 755 1160 cum
770 1131 898 1160 vinculo
914 1131 1072 1161 confertur
1091 1138 1123 1161 et
1138 1132 1219 1161 hano
1235 1132 1273 1161 ob
1289 1141 1418 1162 oausam
1437 1135 1562 1172 poetria
1578 1134 1677 1163 verbo
1690 1137 1801 1164 »ιο-,ω
1812 1144 1871 1164 usa
1891 1139 1951 1164 est.

159 1226 190 1254 6.
215 1225 242 1255 0
264 1225 526 1254 ΛΙοΙιαηηηειΙεε]
544 1227 591 1255 ΕΙ
612 1230 646 1256 lu
665 1228 771 1264 proles
789 1230 928 1267 feminae
950 1230 1107 1266 z'uyetmae
1131 1239 1173 1258 ea:
1197 1232 1265 1258 eills
1285 1233 1379 1267 yeme
1400 1240 1434 1259 es
1457 1234 1488 1259 et
1509 1231 1718 1261 (admissarius
1742 1232 1853 1261 nobilis
1876 1236 1953 1260 emt.

256 1296 346 1325 Prior
372 1304 445 1334 pars
472 1305 588 1326 versus
608 1306 680 1326 cum
700 1298 843 1336 proxime
860 1303 1013 1338 sequente
1031 1299 1193 1340 cohaeret,
1222 1302 1382 1339 posterior
1401 1306 1507 1330 autem
1527 1301 1718 1330 sententiam
1737 1301 1952 1332 intermediam

161 1358 312 1397 eontinet,
341 1367 403 1396 qua
429 1362 536 1388 status
563 1359 798 1390 Mohammedis
826 1361 1036 1401 significatur.
1098 1363 1178 1391 Eum
1213 1367 1276 1392 tam
1306 1373 1324 1392 a
1351 1364 1451 1402 patris
1480 1372 1572 1401 quam
1600 1372 1618 1392 a
1646 1363 1750 1393 matris
1777 1369 1867 1402 parte
1893 1374 1953 1394 no-

158 1412 250 1449 bilem
277 1428 362 1449 esse.
415 1419 502 1449 'ralis
530 1420 649 1459 duplex
677 1422 802 1462 origine
828 1423 974 1452 nobilitas
1003 1424 1238 1462 perfectissima
1266 1425 1447 1464 putabatur.
1512 1426 1584 1455 Hoc
1623 1427 1718 1467 igitur
1755 1437 1851 1456 versu
1878 1427 1953 1456 Μο-

158 1480 335 1510 hammedis
364 1480 618 1512 benevolentiam
645 1488 764 1522 captat.
817 1485 900 1514 Voci
925 1484 1017 1516 dus*
1044 1487 1134 1516 metri
1154 1487 1276 1517 ratione
1296 1488 1451 1518 adductus
1467 1489 1698 1518 Nunnationem
1718 1489 1805 1519 dedit
1824 1487 1951 1532 (Gram.

161 1542 216 1571 Ar.
246 1543 282 1572 Τ.
310 1543 347 1573 Π.
374 1553 404 1583 p.
434 1540 517 1586 89).
572 1545 614 1575 Et
640 1546 669 1575 in
696 1556 796 1576 versu
813 1556 938 1587 quoque
955 1558 1052 1578 casus
1070 1550 1279 1579 accusativus
1299 1560 1375 1579 esse
1397 1551 1480 1580 licet.
1516 1549 1752 1581 Grammaticus
1779 1552 1954 1582 Sibawaihi

160 1603 336 1634 doctrinam
363 1604 459 1635 Ihsae
494 1606 522 1635 b.
553 1605 672 1636 Ohmar
705 1609 891 1639 Tsakefitae
927 1615 958 1641 et
989 1611 1137 1640 Alchalili
1172 1611 1200 1640 b.
1235 1611 1361 1641 Ahmed
1396 1621 1536 1651 sequens
1571 1622 1676 1643 casum
1713 1614 1953 1644 Nominativum

160 1664 406 1703 praeferendum
447 1668 591 1709 putavit,
634 1669 706 1700 dum
741 1671 974 1702 Abu-Ahmru
1010 1674 1039 1702 b.
1074 1673 1191 1704 Alahla
1227 1683 1338 1704 casum
1373 1675 1608 1705 Accusativum
1648 1677 1843 1715 praehabuit.
1921 1678 1954 1706 In

162 1720 233 1764 (lh
259 1722 392 1766 433⁸)
420 1735 579 1770 sequente
605 1741 705 1763 versu
732 1739 866 1773 uterque
893 1744 991 1765 casus
1021 1747 1039 1767 a
1066 1737 1283 1778 grammaticis
1311 1737 1438 1768 adlatus
1466 1744 1517 1768 est
1543 1740 1652 1777 (metr.
1683 1740 1845 1779 Thawil):
1874 1740 1952 1769 Ah-

158 1789 301 1830 dijjum
329 1792 506 1832 vocavi,
536 1793 628 1823 dum
656 1794 828 1826 deserta
857 1796 968 1826 inter
995 1807 1066 1827 nos
1096 1804 1234 1840 erant,
1264 1799 1383 1833 eheu!
1410 1810 1427 1830 o
1456 1797 1647 1841 Ahdijje!
1676 1812 1693 1831 ο
1721 1802 1896 1842 Ahdijje
1924 1803 1950 1831 b.

157 1852 325 1882 Naufal.
379 1854 467 1884 Loco
495 1856 587 1885 vocis
615 1865 694 1902 κου
723 1858 837 1898 legitur
862 1856 926 1895 &S
952 1870 1052 1890 sensu
1077 1861 1161 1891 haud
1188 1862 1330 1892 diverso.
1383 1863 1417 1892 In
1444 1863 1521 1893 libro
1549 1864 1952 1904 'l'ahdsibo-I'Asmaijzao

157 1922 216 1946 est.
271 1917 397 1946 Herues
424 1927 496 1947 cum
532 1920 725 1950 camelorum
759 1920 954 1952 admissariis
982 1929 1205 1963 comparantur
1232 1925 1340 1955 conf.
1370 1927 1478 1959 Ham,
1508 1937 1537 1966 p.
1567 1925 1624 1955 &fv
1651 1936 1682 1955 v.
1711 1925 1761 1966 3.,
1790 1936 1871 1966 quae
1899 1936 1951 1957 res
1990 1952 1993 1961 ,

157 1987 252 2009 causa
279 1983 341 2020 est,
369 1990 423 2010 cur
451 1980 490 2010 de
518 1986 606 2021 patre
634 1984 867 2014 Mohammedis
897 1994 978 2015 voce
1003 1979 1068 2023 ,1εὲ
1095 1993 1189 2026 poeta
1219 1997 1294 2018 usus
1322 1989 1370 2018 sit.
1410 1988 1612 2018 Scholiastes
1630 1988 1807 2027 adnotavit,
1835 1999 1950 2020 vocem

154 2054 260 2086 &5²⁸7
289 2043 361 2084 etsi,
389 2054 480 2083 quum
509 2055 573 2075 vox
601 2057 673 2090 ᾦξε
701 2051 771 2083 tam,
792 2048 822 2076 in
850 2048 963 2078 malam
992 2058 1057 2079 rem
1086 2059 1175 2089 quani
1206 2052 1235 2080 in
1252 2052 1364 2081 bonam
1385 2051 1488 2088 cadat,
1519 2052 1764 2093 significationis
1784 2053 1950 2092 primariae

156 2105 278 2135 ratione
305 2106 412 2136 habita
440 2107 469 2136 in
498 2109 610 2137 malam
650 2118 778 2148 quoque
810 2114 934 2148 partem
964 2111 1106 2142 adhiberi
1137 2122 1236 2152 posse
1264 2114 1420 2153 videatur,
1448 2114 1571 2143 nonnisi
1600 2114 1682 2144 laudi
1709 2115 1886 2154 inservire,
1917 2119 1950 2143 ut

156 2177 240 2207 eum,
269 2170 362 2198 cuius
391 2169 481 2209 origo
510 2170 622 2199 nobilis
649 2173 703 2210 sil,
732 2170 891 2212 designet.

155 2263 184 2292 7.
209 2263 295 2300 Quid
316 2265 379 2299 tibi,
403 2267 434 2293 si
453 2266 675 2302 cotulnnasses,
700 2267 845 2296 obesset?
866 2272 899 2297 et
916 2271 962 2298 tir
984 2271 1034 2299 ίνᾱ
1055 2271 1170 2308 plenus
1192 2273 1348 2301 interdum
1370 2272 1533 2300 condonat.

256 2333 471 2364 Mohammedi
498 2334 643 2365 adulatur
669 2335 793 2377 dicens,
821 2347 889 2367 eum
916 2339 1063 2369 maiorem
1092 2349 1181 2381 esse,
1209 2350 1300 2380 quam
1337 2345 1392 2378 ut,
1431 2341 1459 2370 si
1485 2341 1610 2380 peccati
1636 2342 1762 2370 veniam
1790 2339 1947 2380 dedisset,

157 2394 228 2424 inde
256 2405 370 2425 noxam
400 2400 554 2435 capturus
580 2396 708 2427 fuisset.
760 2399 835 2429 Non
862 2404 969 2430 autem
997 2401 1116 2432 deesse
1151 2403 1316 2444 homines,
1350 2404 1399 2442 qui
1433 2403 1503 2433 irati
1529 2402 1667 2443 ‘peccati
1703 2402 1829 2432 veniam
1862 2402 1946 2432 dent.

155 2456 254 2486 Hisce
281 2464 385 2489 autem
412 2460 522 2489 verbis
549 2460 802 2492 Mohammedem
826 2472 889 2493 non
915 2468 980 2494 tam
1017 2466 1202 2504 vituperare
1237 2464 1384 2495 voluisse
1420 2465 1566 2505 videtur,
1601 2472 1695 2503 quam
1729 2472 1945 2504 commovere,

155 2523 188 2546 ut
216 2518 245 2546 in
273 2519 373 2557 ipsam
401 2522 501 2559 patris
529 2527 698 2561 peccatum
723 2533 786 2553 non
812 2525 949 2565 amplius
977 2525 1161 2556 ulciscatur.
1214 2527 1289 2557 Vox
1317 2527 1341 2555 la
1359 2532 1423 2557 tam
1442 2525 1668 2566 interrogando
1687 2534 1780 2564 quam
1800 2524 1945 2565 negando

152 2578 308 2611 inservire
338 2586 455 2623 potest,
483 2583 555 2614 dum
582 2594 697 2616 sensus
723 2585 805 2616 idem
832 2592 946 2618 manet.
999 2589 1110 2619 Voces
1138 2587 1212 2627 jag:
1240 2595 1272 2619 et
1299 2594 1394 2620 w>
1423 2590 1464 2619 ita
1492 2587 1617 2618 differre
1644 2586 1804 2627 videntur,
1831 2593 1864 2618 ut
1892 2587 1945 2617 illa
