2155 2892
879 203 1152 235 —705—

116 306 194 337 Thai
207 305 288 346 Adja
299 310 331 336 ct
343 305 450 336 Salma
476 301 914 348 (conr.unm.p.209.3to.
928 304 1029 343 521.)
1041 307 1074 334 et
1098 302 1222 334 duabus
1241 306 1364 344 magnis
1381 304 1525 345 Aegypti
1545 303 1762 344 pyramidibus
1775 304 1909 335 consen.

119 371 204 400 Ante
230 368 422 400 adiectivum
450 366 512 419 εὼ·
539 369 775 398 substantivum
802 365 898 413 Oua-l
927 367 1079 408 (dentes)
1105 366 1316 406 supplendum
1351 370 1413 399 est,
1469 366 1505 396 Si
1534 365 1591 415 315
1619 367 1744 406 legitur,
1771 365 1909 397 dissitos

119 432 232 463 dentes
272 433 351 462 vult.
413 432 524 462 Voces
560 428 686 470 Lex-ax>
719 433 840 463 wax:
875 440 967 471 quum
1009 429 1048 461 ad
1086 438 1217 459 sonsum
1252 438 1369 459 versus
1410 428 1666 459 constituendum
1704 430 1911 460 necessariae

118 503 180 524 non
207 494 283 535 sint,
301 504 320 525 a
349 495 458 534 poesis
487 493 596 533 peritis
614 494 707 534 352>
735 491 901 536 (farctum)
926 493 1134 532 adpellantur.
1166 491 1258 530 Quae
1283 492 1308 522 si
1336 491 1435 522 verba
1462 492 1491 521 in
1519 501 1619 522 sensu
1647 493 1771 522 omnino
1791 501 1910 532 super-

120 556 185 587 flua
211 566 272 586 uon
301 561 386 595 sunt,
414 555 584 596 probantur
607 555 734 594 (conl.
767 556 916 586 Darstell.
945 555 973 585 d.
1006 555 1100 585 Arab.
1129 555 1316 585 Verskunst
1343 564 1371 594 p.
1402 555 1473 585 52⁷
1501 556 1579 594 sq.).
1608 556 1696 586 Duas
1726 556 1910 596 pyramides

120 620 389 658 commemoravit,
417 619 500 659 quod
529 625 676 649 caeteras
703 618 918 660 magnitudine
947 623 1101 659 superant
1128 618 1231 651 conf,
1263 617 1496 648 Ahbd-Allat.
1525 618 1656 648 relation
1685 624 1747 649 etc.
1785 619 1911 660 Regem

121 681 230 720 Sinan,
259 680 354 712 filium
382 681 636 722 Almoschallali,
659 691 716 712 eas
745 682 950 712 exstruxisse
987 681 1123 712 tradunt.
1183 681 1324 719 Modus,
1361 690 1424 722 quo
1450 690 1565 712 vocem
1593 692 1611 711 e
1639 682 1745 722 lingua
1773 683 1911 714 Arabica

121 745 192 774 sive
218 754 237 774 a
262 743 366 774 radice
393 748 443 790 (59
480 745 552 774 sive
580 754 597 774 e
625 753 707 774 voce
736 741 774 791 Ul
802 748 953 774 mutatam
980 744 1146 779 derivant,
1184 743 1269 774 niliili
1296 747 1356 774 est.
1409 744 1483 774 Vox
1512 747 1565 789 &9
1593 744 1749 774 Arabicae
1780 745 1909 785 originis

122 816 182 836 non
209 811 270 836 est.
336 807 385 836 De
420 806 511 836 modo
549 805 712 837 derivandi
743 812 774 837 et
807 807 932 846 propria
969 806 1201 847 significatione
1237 816 1351 847 magna
1379 806 1460 835 inter
1492 806 1578 836 viros
1608 805 1721 836 doctos
1751 806 1910 836 dissensio

121 873 183 899 est.
218 868 302 898 Fieri
330 874 448 909 potest,
477 874 508 899 ut
534 879 599 900 vox
620 869 827 911 Aegyptiaca
854 879 872 899 a
898 869 1045 909 JudaeiS‚
1073 870 1124 909 qui
1154 875 1351 900 mercaturae
1378 871 1477 900 causa
1504 870 1533 900 in
1564 871 1750 911 Aegyptum
1779 871 1911 911 profecti

125 935 247 968 esseut,
275 939 332 970 pro
362 932 485 960 ratione
512 930 641 972 linguae
668 940 768 968 suae,
803 929 873 960 durn
912 931 1001 961 alti
1030 929 1295 972 significationem
1324 941 1391 962 cum
1418 941 1499 962 voce
1525 932 1722 962 coniunctam
1751 937 1911 974 putarent,

123 993 151 1022 in
171 1002 283 1023 vocem
299 993 488 1025 Hebraicam
501 998 576 1036 1:23
593 995 709 1025 altus
729 993 850 1023 mutata
872 993 900 1022 in
919 994 1058 1034 linguam
1078 993 1241 1024 Arabicam
1257 994 1428 1024 transierit.
1457 994 1673 1035 proverbium,
1694 987 1756 1032 (Ι).
1782 988 1912 1033 920.)

125 1057 206 1097 quod
240 1059 430 1091 scholiastes
464 1061 503 1092 ad
541 1071 652 1092 vocem
689 1059 750 1112 ed>
777 1060 998 1101 explicandam
1043 1059 1216 1091 »Carnelus
1257 1067 1398 1089 annosus
1433 1068 1451 1088 a
1479 1059 1569 1090 cuius
1605 1058 1750 1089 dentibus
1783 1059 1912 1090 flavedo

125 1130 330 1156 removetur«
359 1124 536 1165 adnotavit,
564 1124 647 1164 apud
674 1123 868 1154 Meidanium
896 1122 934 1154 C.
966 1123 1020 1166 18,
1046 1122 1102 1152 29.
1129 1122 1255 1164 legitur.

963 1217 1070 1251 xn.

863 1283 1006 1318 Alius
1045 1283 1176 1318 dixu.

127 1353 156 1382 1.
199 1351 238 1382 Sa·
258 1354 325 1382 eius
346 1363 449 1383 vocem
471 1353 656 1387 audivisses,
680 1353 760 1382 lmec
779 1353 863 1392 pulli
881 1362 945 1383 σοι·
965 1356 1015 1383 est
1034 1355 1068 1382 in
1089 1354 1162 1382 nido
1185 1356 1287 1382 rostro
1309 1354 1427 1384 inserto
1449 1354 1526 1387 aliti,
1552 1355 1702 1385 dia-isses.

228 1422 350 1452 Vocem
377 1422 437 1452 viri
467 1427 595 1452 tenuem
623 1431 695 1453 cum
722 1423 798 1462 pulli
826 1423 917 1462 parvi
936 1423 1007 1453 avis
1033 1431 1118 1453 voce
1145 1423 1277 1456 confert.
1328 1424 1484 1454 Versibus
1511 1425 1608 1466 igitur
1634 1425 1796 1455 mulierum
1822 1424 1912 1456 vitu-

130 1485 252 1524 peratio
282 1485 366 1515 haud
403 1486 510 1524 inest3
546 1485 585 1515 ob
623 1495 743 1516 sensus
769 1485 1001 1516 similitudinem
1027 1485 1168 1516 virorum
1194 1486 1460 1525 vituperationem
1487 1487 1685 1516 continentes
1712 1496 1830 1517 versus
1857 1486 1918 1517 ad-

130 1546 263 1585 didisse,
291 1550 400 1577 auctor
425 1547 563 1578 videtur.

131 1644 164 1673 2.
207 1643 276 1673 An!
296 1645 364 1673 eiua
386 1646 483 1680 eaput
505 1644 733 1682 contemplatus
754 1655 854 1684 esses,
877 1645 1038 1675 dioeisses:
1057 1644 1127 1674 Hoc
1149 1644 1311 1674 machinae
1333 1644 1415 1683 lapis
1437 1644 1508 1675 est!

241 1713 343 1743 Tenui
368 1712 440 1742 voci
467 1718 564 1753 caput
590 1723 757 1755 maguum,
792 1714 930 1745 deforme
957 1715 1098 1755 opponit.
1157 1714 1199 1745 Ut
1237 1723 1384 1754 magnum
1411 1718 1442 1745 et
1469 1714 1609 1746 deforme
1633 1725 1708 1747 esse
1735 1717 1862 1759 indicet,
1890 1718 1920 1749 id

134 1786 206 1807 cum
234 1775 350 1816 lapide,
377 1777 479 1816 qualis
506 1787 525 1808 a
554 1777 698 1808 machina
728 1776 842 1807 bellica
877 1777 908 1808 in
943 1777 1039 1808 urbes
1071 1776 1225 1808 obsessas
1256 1777 1388 1819 iacitur,
1424 1783 1597 1816 comparat.
1650 1779 1777 1809 Arabes
1804 1789 1918 1811 nomen

133 1838 345 1870 machinarum
379 1843 443 1869 tam
479 1838 658 1870 bellicarum
685 1849 775 1880 quam
811 1841 1010 1880 aquariarum
1037 1850 1108 1870 cum
1135 1850 1169 1870 re
1196 1850 1214 1871 a
1243 1840 1382 1872 Graecis
1409 1841 1594 1881 accepisse,
1630 1850 1692 1871 non
1726 1847 1798 1880 est,
1837 1843 1919 1882 quod

131 1899 281 1931 dubitem.
308 1900 416 1931 conf.
442 1901 534 1931 Ham.
562 1902 632 1934 ΜΨ.
691 1901 746 1932 Sic
775 1907 863 1932 rotas
898 1904 1047 1942 aquarias
1074 1912 1092 1932 e
1119 1902 1233 1932 Persia
1259 1902 1288 1931 in
1316 1902 1465 1932 Arabiam
1491 1902 1664 1932 translatas
1693 1913 1781 1944 esse,
1809 1913 1921 1935 nomen

132 1965 294 1996 Persicum
327 1961 420 2005 *³3:⁸³
455 1965 578 2005 probat.
642 1965 719 1995 Vox
754 1965 824 1994 sine
859 1964 953 1994 dubio
981 1974 998 1994 e
1025 1972 1143 2005 graeco
1179 1955 1338 2000 μάγγανον
1373 1969 1442 1993 orta
1469 1963 1558 1993 vario
1586 1963 1676 1993 modo
1702 1964 1732 1994 in
1758 1970 1921 2010 oya-stata,

132 2033 287 2070 ψιξω,
313 2031 472 2067 qua
508 2032 541 2058 et
575 2025 728 2065 ,Ξήὲξυη
751 2032 872 2057 mutata
899 2032 958 2057 est.
995 2025 1087 2065 Quod
1115 2026 1219 2056 Arabs
1245 2031 1427 2065 campester
1453 2026 1585 2056 verbum
1613 2031 1706 2057 w>
1732 2027 1920 2063 adhibuerit,

134 2100 244 2121 nomen
271 2101 313 2121 ex
339 2092 401 2121 isto
428 2091 527 2121 verbo
555 2096 658 2120 ortum
685 2099 773 2129 esse,
800 2098 861 2119 non
888 2089 1009 2129 probat.
1050 2089 1188 2119 Arabem
1216 2098 1356 2130 graecae
1388 2089 1521 2130 originis
1549 2092 1761 2121 immemorem
1788 2092 1921 2123 verbum

136 2159 193 2181 suo
223 2150 316 2181 modo
343 2150 501 2181 formasse
527 2152 678 2193 ostendit,
705 2152 796 2191 quasi
823 2161 937 2181 nomeu
963 2160 982 2181 a
1007 2151 1108 2181 verbo
1135 2151 1288 2192 originem
1318 2151 1456 2181 duxerit.
1497 2153 1637 2183 Verbum
1664 2156 1788 2190 »ἰέναι
1816 2164 1833 2184 a
1860 2164 1922 2184 no-

137 2214 218 2243 mine
245 2212 426 2243 derivatum
452 2221 526 2242 esse
553 2213 743 2253 putaverim.
811 2212 904 2251 Quae
930 2214 1028 2255 igitur
1054 2212 1248 2244 scholiastes
1275 2215 1315 2245 ad
1342 2215 1469 2245 formam
1498 2215 1590 2244 vocis
1618 2215 1834 2255 explicandam
1863 2216 1922 2246 ad-

136 2273 225 2314 didit,
253 2283 291 2304 ea
318 2273 491 2314 rejicienda
519 2278 602 2304 sunt.
643 2274 795 2316 Figuram
822 2275 954 2305 balistae
981 2285 1021 2306 ex
1046 2284 1142 2314 opere
1169 2276 1319 2316 inscripto
1347 2275 1476 2329 &bisti
1501 2275 1592 2326 &⁶¹³¹
1611 2281 1740 2308 auctore
1759 2277 1922 2307 Raschid-

136 2336 250 2366 Aldino
277 2336 390 2366 beatus
417 2335 504 2366 Lord
530 2337 678 2367 munster
704 2337 734 2366 in
761 2336 862 2367 libello
890 2334 992 2376 „fam
1019 2340 1136 2384 μηνὶ-ρο·
1163 2337 1250 2375 gat-’6
1282 2344 1345 2370 etc.
1370 2350 1401 2379 p.
1430 2339 1465 2369 v?
1492 2339 1724 2380 depingendam
1751 2340 1886 2370 curavit.

135 2435 167 2464 3.
210 2435 294 2463 Dum
316 2434 412 2462 barbe?
434 2434 614 2462 abradenda
635 2437 808 2472 occupatus
829 2437 885 2467 est,
909 2437 940 2463 εἰ
956 2444 1023 2463 eam
1045 2432 1216 2475 (barbam)
1239 2436 1368 2468 videres,
1393 2436 1530 2464 diceres:
1563 2435 1629 2465 Pili
1649 2435 1763 2465 barbae
1785 2438 1924 2466 'trinistrn'

726 2488 851 2528 templi,
873 2491 906 2517 in
928 2499 987 2528 quo
1009 2491 1093 2528 ι’ριιιζς
1115 2489 1237 2522 colitur,
1262 2499 1335 2517 rust.

235 2555 396 2595 Quaenam
429 2556 632 2596 comparandi
660 2557 739 2587 ratio
766 2557 819 2594 sit,
845 2567 907 2587 non
933 2564 1031 2598 patet.
1083 2558 1218 2588 Barbam
1247 2557 1380 2588 ministri
1408 2557 1490 2587 illius
1519 2556 1628 2596 templi
1655 2556 1780 2588 foedam
1807 2562 1921 2598 poetae

138 2617 239 2647 visam
273 2626 360 2655 esse,
387 2618 520 2647 dubitari
557 2626 617 2647 non
654 2623 771 2658 potest.
824 2619 929 2650 Barba
964 2621 1034 2650 eius
1059 2620 1167 2650 brevis
1197 2619 1337 2650 fortasse
1365 2625 1396 2650 et
1423 2621 1498 2662 igne
1524 2620 1638 2651 adusta
1664 2626 1744 2651 erat.
1805 2621 1920 2653 Mirum
