2155 2892
874 133 1149 165 ——600—

121 235 152 264 2.
197 235 243 264 Et
263 237 293 263 si
310 236 428 272 flumen
454 233 592 263 Hmldad
611 231 798 269 possideret,
821 233 925 259 tamen
948 232 1003 259 siti
1023 231 1146 268 adflicto
1168 240 1282 269 aquam
1301 231 1450 269 fluentem
1470 239 1533 259 mm
1557 231 1655 259 duret.

217 305 379 334 Summam
407 303 467 332 viri
494 302 658 332 avaritiam
685 300 845 330 describit.
904 300 993 330 Duas
1020 303 1128 330 autem
1156 309 1210 330 res
1239 303 1334 339 poeta
1362 299 1535 339 praecipue
1562 304 1637 329 ante
1664 300 1775 330 oculos
1803 300 1912 342 habet,

118 377 223 407 unam,
250 375 402 396 summam
430 375 532 404 aquae
559 364 693 404 copiam,
721 374 802 404 quae
829 373 880 403 eo,
909 362 994 402 quod
1019 362 1138 392 sitienti
1165 362 1321 400 hauritur,
1356 361 1482 392 diminui
1508 371 1569 391 non
1601 361 1740 400 videtur,
1767 363 1912 403 alteram,

117 437 249 458 avarum
287 437 326 456 ne
363 428 529 456 abeuntem
564 425 689 465 quidem
717 434 818 464 aquae
845 429 979 465 partem,
1016 435 1099 466 quae
1124 425 1186 464 ipsi
1212 433 1345 464 prorsus
1372 425 1490 455 inutilis
1517 427 1571 465 sit,
1599 424 1696 464 dare3
1724 424 1806 455 hunc
1832 425 1913 455 enim

117 499 250 520 sensum
278 499 349 519 cum
379 498 461 528 aqua
488 488 657 518 fluente
684 486 938 528 coniungendam
966 492 1054 527 puto.
1107 488 1184 518 Vox
1210 475 1316 515 oto-35
1344 496 1363 516 a
1389 486 1564 516 scholiaste
1591 487 1635 516 ita
1662 487 1823 526 explicata
1849 491 1914 524 est,

117 553 210 593 quasi
245 552 385 582 fluminis
421 561 534 580 nomen
565 550 795 590 appellativum
830 555 884 580 aut
912 550 1008 579 maris
1035 554 1090 580 aut
1117 549 1212 579 vallis
1239 549 1322 588 aqua
1349 547 1549 586 abundantis,
1577 557 1659 588 quae
1690 548 1772 587 parti
1801 548 1910 589 gentis

120 615 264 655 Badjilah
291 616 406 655 pabulo
422 614 587 644 abundans
606 619 685 644 erat.
712 614 747 642 In
763 613 895 643 Kamusi
915 622 1012 652 opere
1028 621 1142 641 nornen
1169 612 1327 650 proprium
1355 609 1491 640 fluminis
1517 615 1577 640 est.
1605 611 1711 641 Voces
1727 599 1915 656 0503th

119 689 191 710 cum
219 688 299 709 voce
327 675 390 713 tul&
421 678 547 716 (stans)
576 676 697 706 omissa
724 675 897 705 cohaerere
924 678 1073 714 possunt,
1101 677 1133 704 ut
1159 673 1258 702 verbo
1288 668 1380 716 (ρΣ-ξ
1407 672 1475 701 loco
1503 672 1678 711 praedicati
1705 672 1769 702 sint
1794 676 1825 702 et
1839 681 1915 702 ver-

118 743 192 773 bum
217 739 304 778 Q
331 742 428 772 statui
456 739 666 771 describendo
694 737 849 768 inserviat
877 736 1006 776 (Gram.
1036 736 1092 765 Ar.
1122 736 1159 765 T.
1187 735 1226 774 11,
1255 733 1366 775 384.)
1428 734 1592 764 versuum
1625 743 1743 765 sensus
1780 736 1806 764 si
1834 736 1914 764 ratio

123 806 271 845 habetur,
298 813 358 833 non
386 803 480 832 video
507 811 652 838 causam,
691 809 746 830 cur
778 800 809 828 in
844 799 905 828 hoc
937 799 1013 828 libro
1048 798 1146 828 locum
1174 797 1381 833 obtinuerint,
1418 796 1480 826 nisi
1519 795 1601 835 quod
1639 802 1735 836 poeta
1767 797 1819 827 illa
1856 796 1916 827 de-

118 868 292 907 scriptione
319 865 358 895 ad
385 865 605 895 liberalitatem
632 863 774 894 excitare
800 860 948 893 voluerit.
977 862 1138 893 versuum
1164 869 1282 890 sensus
1309 869 1380 890 cum
1401 863 1534 899 satyrae
1549 863 1737 900 argumento
1763 859 1918 898 quodam-

122 931 214 962 modo
243 928 411 960 consentit.

944 1068 1109 1102 Lxxl.

701 1130 900 1170 nassau
923 1135 962 1168 h.
985 1134 1168 1168 Tsabet
1191 1131 1328 1165 dixlt.

221 1224 423 1264 (Sexaginta
450 1231 550 1252 annos
578 1225 652 1251 ante
680 1222 829 1251 Islamum
858 1225 891 1250 et
920 1219 1051 1250 totidem
1079 1223 1154 1259 post
1180 1217 1303 1248 vixisse
1331 1215 1455 1245 dicitur.
1484 1215 1600 1245 conf.
1628 1214 1727 1245 Meid.
1756 1215 1793 1244 Τ.
1828 1215 1855 1244 11
1883 1214 1918 1244 P.

121 1288 154 1318 2.
183 1298 213 1327 p.
241 1283 350 1328 271.)
388 1286 422 1314 In
459 1265 573 1324 oppido
601 1283 732 1313 Medina
757 1282 974 1312 Mohammedi
1005 1285 1115 1312 contra
1141 1281 1278 1310 Meccae
1316 1279 1436 1309 incolas
1464 1278 1621 1309 adhaesit.
1663 1277 1744 1308 Vide
1769 1277 1859 1316 plura
1886 1277 1916 1306 in

121 1350 218 1380 libro:
248 1348 423 1389 Antholog.
452 1346 563 1378 Gram.
591 1356 619 1385 p.
650 1345 729 1375 141.
792 1345 941 1374 Mortuus
974 1348 1024 1373 est
1059 1351 1140 1372 anno
1179 1343 1224 1372 54
1252 1341 1363 1381 Hedjr.
1401 1340 1506 1371 conf.
1542 1341 1610 1370 libr.
1649 1336 1757 1370 :Lo-mssi
1798 1341 1923 1379 ψωμῷ

964 1407 1012 1435 Γ·ῖ”
1038 1415 1086 1444 sq.

122 1498 151 1527 1.
196 1496 279 1534 Opes
302 1498 393 1531 viros,
418 1497 451 1524 in
474 1495 585 1534 quibus
608 1494 681 1522 boni
701 1493 749 1522 nil
769 1496 825 1527 est,
850 1492 998 1529 obteyunt
1019 1492 1107 1519 modo
1129 1491 1289 1525 torrentis,
1321 1490 1376 1527 qui
1394 1488 1515 1516 radices
1537 1487 1667 1524 plantae
1687 1487 1809 1516 Dindin
1831 1489 1922 1516 velet-

917 1549 986 1574 εἶαρ
1009 1548 1127 1582 leytml.

237 1619 307 1648 Hoc
335 1618 364 1647 in
392 1626 491 1646 versu
518 1616 580 1646 duo
608 1616 813 1655 comparandi
840 1614 923 1646 modi
947 1619 1034 1654 sunt,
1065 1616 1116 1653 qui
1144 1613 1174 1642 in
1201 1621 1301 1642 sensu
1330 1609 1518 1650 explicando
1546 1609 1667 1650 negligi
1692 1618 1753 1638 non
1776 1612 1920 1648 possunt.

132 1681 271 1712 Divitiae
299 1689 368 1710 cum
396 1684 558 1719 torrente,
597 1678 647 1717 qui
678 1678 763 1717 aqua
788 1677 946 1717 abundat,
982 1680 1187 1715 comparatae
1216 1677 1301 1704 sunt.
1354 1672 1395 1702 Ut
1424 1677 1550 1702 torrens
1577 1672 1650 1701 talis
1680 1680 1730 1701 res
1756 1672 1848 1712 tegit,
1876 1673 1923 1701 sic

126 1743 257 1773 divitiae
283 1742 384 1770 virum
413 1744 550 1781 tegunt3
579 1740 628 1768 vir
655 1744 762 1768 autem
791 1739 864 1768 vilis
892 1748 962 1768 cum
990 1737 1150 1767 radicibus
1179 1737 1307 1776 plantae
1335 1735 1446 1765 Dindin
1474 1738 1623 1764 vetustae
1643 1739 1845 1773 comparatus
1861 1738 1923 1771 est,

125 1815 204 1846 quae
230 1805 313 1845 aqua
341 1804 486 1834 torrentis
514 1802 643 1843 tegitur.
682 1801 801 1831 Prioris
829 1800 1034 1841 comparandi
1063 1799 1146 1829 modi
1173 1807 1291 1828 sensus
1320 1797 1423 1827 clarus
1451 1801 1514 1837 est,
1530 1805 1591 1825 non
1619 1795 1693 1825 item
1724 1794 1924 1836 posterioris,

126 1872 319 1907 quapropter
357 1867 546 1904 interpretes
581 1866 611 1894 in
638 1864 745 1893 varias
770 1863 950 1892 sententias
985 1862 1102 1891 abiere.
1164 1861 1207 1890 De
1240 1859 1330 1889 vocis
1367 1860 1467 1904 OQM
1497 1862 1650 1888 accurata
1686 1857 1923 1898 significatione

127 1928 346 1969 lexicographi
386 1936 447 1956 non
480 1925 693 1955 consentiunt.
760 1925 825 1954 Aut
860 1924 1018 1963 putridam
1053 1929 1085 1954 et
1121 1923 1361 1964 nigrescentem
1397 1926 1520 1961 partem
1556 1921 1683 1960 plantae
1717 1921 1769 1950 vel
1803 1920 1925 1950 arboris

128 1996 183 2021 aut
221 1991 357 2020 radicem
393 1990 521 2028 plantae
556 1984 659 2031 OQ
695 1986 873 2025 appellatae
906 1986 1082 2028 significari
1117 1986 1241 2020 dicunt3
1276 1984 1335 2014 sed
1365 1994 1405 2014 ex
1441 1993 1542 2014 versu
1569 1986 1678 2013 nostro
1706 1982 1812 2013 addita
1844 1991 1926 2013 voce

128 2050 206 2093 „Sy-ol
234 2052 392 2088 videmus,
427 2051 565 2090 plantam
602 2053 656 2079 aut
684 2048 825 2078 arborem
853 2057 930 2077 esse
957 2053 989 2078 et
1015 2058 1057 2078 ex
1082 2047 1188 2078 addita
1215 2055 1298 2076 voce
1324 2044 1399 2083 ,gun
1421 2045 1660 2086 cognosc-imuS,
1681 2044 1816 2083 plantam
1842 2043 1926 2073 illam

128 2115 243 2144 natura
272 2112 428 2152 putridam
454 2122 515 2141 non
543 2121 636 2150 esse3
676 2110 735 2140 sed
762 2110 879 2146 virere,
915 2120 986 2140 narn
1013 2111 1104 2140 aliter
1132 2114 1228 2149 poeta
1257 2117 1372 2138 vocem
1399 2105 1475 2145 „tm
1511 2107 1676 2137 additurus
1705 2115 1766 2136 non
1796 2105 1923 2136 fuisset.

128 2176 329 2208 Scholiastes
357 2174 435 2205 duas
463 2174 715 2215 significationes
753 2173 938 2210 adnotavit,
971 2183 1064 2203 unam
1098 2172 1216 2202 herbae
1245 2170 1474 2213 nigrescentis,
1500 2178 1595 2209 quum
1621 2171 1753 2198 vetusta
1780 2172 1812 2198 et
1838 2167 1925 2198 arida

128 2240 189 2279 sit,
216 2239 348 2269 alteram
377 2239 477 2276 partis
514 2237 635 2266 arboris
663 2241 832 2275 vetustae,
874 2245 956 2275 quae
984 2245 1077 2276 quum
1104 2235 1135 2264 in
1162 2239 1248 2265 terra
1276 2233 1328 2270 sit,
1356 2233 1439 2271 aqua
1466 2230 1716 2271 praeterfluente
1744 2229 1924 2260 revirescit.

128 2304 251 2334 Vocem
278 2303 374 2347 odd.)
409 2300 549 2340 speciale
585 2300 712 2339 plantae
745 2308 858 2328 nomen
885 2300 917 2328 in
952 2307 1051 2327 versu
1093 2307 1169 2327 esse
1199 2307 1261 2327 non
1287 2296 1417 2333 dubit03
1445 2293 1504 2323 sed
1530 2292 1631 2332 qualis
1661 2293 1767 2332 planta
1793 2293 1847 2330 sit,
1875 2290 1925 2320 di-

128 2375 203 2397 cere
229 2374 291 2395 non
319 2374 461 2404 possum.
488 2363 576 2393 'ralis
604 2371 680 2392 esse
706 2360 845 2398 videtur,
873 2360 964 2389 cuius
992 2359 1119 2389 radices
1146 2369 1239 2399 quum
1267 2358 1306 2388 ad
1334 2357 1484 2388 torrentis
1514 2356 1686 2396 marginem
1713 2357 1859 2390 crescat,
1887 2354 1925 2383 ab

128 2437 212 2468 aqua
243 2429 394 2467 tegatur3
423 2425 481 2456 sed
511 2425 612 2463 qualis
640 2426 771 2465 generis
798 2425 905 2463 planta
931 2424 982 2462 sit,
1005 2424 1065 2454 hoc
1092 2422 1131 2453 ad
1158 2431 1274 2452 versus
1301 2430 1432 2451 sensum
1458 2418 1682 2459 explicandum
1710 2417 1750 2446 nil
1775 2415 1860 2446 facit.
1893 2417 1925 2446 ln

129 2487 332 2527 comparandi
361 2487 454 2516 modo
482 2487 564 2517 hunc
591 2495 722 2516 sensum
751 2485 899 2516 invenio:
955 2485 1019 2516 »Ut
1049 2485 1176 2524 plantae
1203 2485 1284 2514 illius
1312 2483 1449 2523 radices,
1477 2491 1570 2521 quum
1597 2483 1749 2510 vetustae
1774 2478 1857 2519 sint,
1885 2488 1925 2508 ex

128 2559 210 2588 aqua
238 2550 353 2579 nullam
383 2549 551 2579 utilitatem
580 2549 776 2588 percipiunt,
814 2557 999 2588 quamquam
1038 2547 1076 2577 ea
1103 2550 1270 2587 leguntur,
1305 2545 1354 2575 sic
1381 2543 1498 2582 dives,
1535 2541 1587 2581 qui
1623 2539 1696 2570 vilis
1735 2544 1767 2569 et
1807 2548 1925 2570 avarus

129 2612 180 2650 sit,
208 2621 249 2642 ex
276 2612 399 2652 opibus,
427 2611 542 2652 quibus
569 2610 724 2650 abundat,
761 2611 878 2640 nullum
906 2609 1102 2640 commodum
1130 2608 1235 2642 habet.
1295 2607 1498 2638 Scholiastes
1538 2603 1620 2633 hunc
1645 2611 1769 2643 quoque
1796 2611 1925 2633 sensum
