2155 2892
896 158 1162 188 —419—

141 253 196 283 37.
242 255 351 286 Immo,
376 256 494 283 utineam
516 257 622 286 seiam.
647 254 770 291 qmmdo
793 255 948 281 matutino
978 257 1113 289 tempore
1133 255 1335 291 profer-Imus
1358 258 1426 290 siin,
1450 257 1522 285 dum
1548 257 1590 284 (ιιΙ
1610 257 1693 285 Inlue
1717 256 1793 284 milui
1814 257 1929 284 incedit

339 319 417 347 equa
437 309 548 346 ylubra
571 309 714 337 celeriler
738 308 887 335 incedens
910 311 964 335 aa!
987 317 1086 345 eaptus
1111 307 1253 335 celerum·
1281 310 1438 340 incedens,
1463 312 1657 346 ''tanede-nv
1699 308 1766 350 (ΙΙ.
1792 308 1925 349 615.)

216 378 358 408 Laudem
386 379 618 416 interrumpens
645 376 684 406 ad
712 386 783 413 rem,
811 385 889 414 quae
917 375 975 414 ipsi
1004 376 1106 416 magis
1134 376 1219 405 coi-di
1236 382 1298 416 est,
1328 379 1366 407 ad
1397 378 1529 408 reditum
1559 380 1585 407 in
1615 380 1757 418 patriam,
1783 389 1820 408 se
1849 388 1926 408 con-

142 440 237 470 vertit
265 445 295 469 et
322 439 472 469 redeundi
502 438 693 468 desiderium
722 438 845 476 (coiis.
874 447 905 468 v.
934 437 1009 473 29.)
1039 438 1183 468 ostendit.
1238 439 1310 468 Vox
1337 442 1376 476 ἃς
1407 441 1558 478 particula
1585 446 1721 480 est‚qua
1748 452 1811 470 rem
1831 446 1925 471 anto-

141 502 303 532 cedentem
332 503 533 540 relinquimus
561 506 592 530 et
623 504 808 540 sequentem
838 501 1058 530 confirmanius
1085 501 1214 538 (Grani.
1244 502 1298 530 Ar.
1327 503 1362 530 Τ.
1394 503 1404 530 l
1434 513 1461 541 p.
1487 504 1566 532 265.
1597 504 1723 534 Antliol.
1753 515 1800 544 gr.
1829 502 1865 532 lw
1893 508 1925 533 et

141 574 170 603 p.
200 561 307 606 272).
334 565 457 594 Arabes
486 564 514 593 in
543 565 653 594 itinere
681 564 809 593 camelis
837 565 880 593 uti
908 564 1064 599 solebant,
1093 564 1135 593 ita
1164 569 1197 593 ut
1224 573 1337 603 equus,
1367 574 1426 603 quo
1460 566 1594 594 maxime
1613 567 1772 605 inpugnis
1797 572 1927 596 uteren—

143 633 205 668 tur,
232 627 269 657 ad
295 628 377 656 lutus
404 626 585 657 duceretur.
648 627 783 656 Pilorum
812 625 964 662 brevium,
994 629 1027 654 ut
1058 625 1086 654 in
1115 627 1197 655 omni
1226 627 1350 656 animali
1379 628 1427 656 sin
1455 628 1484 656 in
1512 637 1592 666 equo
1621 629 1845 668 generositatis
1874 629 1922 658 in-

140 690 251 720 dicium
279 695 330 719 est
358 690 450 719 llam.
479 691 534 718 ΝΛ
562 698 593 717 v.
625 688 656 719 3.
686 689 784 718 Amru
813 688 841 718 b.
861 686 956 716 Keltli
978 687 1132 716 Moatt.v.
1150 688 1205 717 79.
1236 689 1309 718 Vox
1331 689 1416 739 &atu
1446 691 1654 720 celeriter
1681 695 1924 720 currentem

139 762 282 791 equum
309 752 456 793 designat
483 758 515 782 et
542 752 610 781 sine
636 751 730 781 dubio
759 759 875 779 cursus
904 749 942 778 ob
970 750 1085 779 elatum
1115 749 1280 789 leuemque
1307 757 1424 781 motum
1445 758 1498 782 aut
1525 753 1606 791 quod
1627 754 1722 792 pedes
1750 754 1925 783 anteriores

141 817 170 846 in
197 825 291 847 cursu
321 816 479 855 protendit
510 814 634 853 (cons.
663 811 895 844 A1nru-1·Kaisi
924 812 1030 841 Moall.
1060 812 1160 842 v.54.
1190 814 1309 851 schot.)
1337 824 1407 844 cum
1437 817 1573 845 natantis
1602 821 1687 845 motu
1715 816 1850 845 collatus
1875 822 1927 846 est

141 879 263 917 (cons.
293 880 402 908 Antar.
434 879 539 908 Moall.
567 887 598 907 v.
617 877 691 914 44.)
722 875 842 905 vocem
873 874 937 919 sexi)
964 883 1032 903 cum
1062 874 1223 914 facilitate,
1252 885 1313 914 qua
1341 875 1410 905 dut-i
1436 886 1470 906 se
1499 886 1599 916 equus
1629 879 1756 916 patitur,
1783 877 1924 907 scholia-

140 947 208 971 stes
235 941 407 971 cohaerere
438 946 551 981 pntat3
580 949 640 981 ego
669 940 771 979 potius
800 940 934 969 celerem
962 940 1164 979 alacremque
1193 940 1354 970 incessum
1382 942 1560 981 significari
1588 943 1781 981 putaverim.

138 1038 195 1067 33.
245 1039 365 1068 Versus
387 1039 489 1067 Iocum
513 1037 684 1067 Alomaililt
707 1040 763 1066 aut
783 1037 934 1066 Summam
968 1046 1059 1065 mane
1081 1039 1139 1066 iler
1156 1039 1283 1075 faciens
1308 1048 1378 1067 cum
1401 1040 1584 1077 iuvenibus,
1605 1050 1621 1068 e
1643 1049 1774 1077 quorum
1795 1049 1924 1068 numero

735 1092 946 1122 Aluan-rmus
973 1095 1003 1120 el
1025 1092 1223 1120 Allmcamus
1245 1096 1330 1121 sunl.

253 1162 402 1192 Reditum
434 1172 524 1192 suum
559 1173 599 1192 ex
628 1162 747 1192 Arabia
784 1162 868 1191 felici
896 1161 976 1191 locis
1004 1161 1128 1191 duobus
1157 1157 1273 1191 clarius
1300 1162 1458 1202 designat.
1513 1162 1645 1192 Omailili
1675 1173 1786 1192 nomen
1824 1172 1924 1202 aquae

138 1228 243 1268 gentis
270 1227 393 1258 Rabiali
422 1228 608 1268 (Atdjuhq.
638 1228 726 1258 Prior
755 1228 915 1264 iuvenum,
944 1235 1078 1266 quorum
1104 1227 1292 1257 mentionem
1322 1226 1404 1265 tecit,
1431 1231 1562 1255 auctore
1590 1225 1787 1265 Alaztnail107
1816 1224 1923 1265 frater,

139 1292 295 1330 posterior
322 1291 476 1331 patruelis
504 1290 600 1321 fuisse
628 1289 750 1321 dicitur.

137 1388 194 1418 39.
239 1388 342 1418 Pallio
364 1389 452 1418 haud
470 1391 581 1423 vestiti,
605 1398 700 1426 quum
724 1399 815 1418 mane
834 1394 981 1429 venirm!;
1002 1392 1060 1420 sed
1080 1401 1189 1420 arcum
1213 1393 1361 1427 optimum
1383 1400 1400 1419 e
1422 1390 1507 1427 liquo
1532 1390 1653 1418 arboris
1668 1388 1781 1418 Nabalz
1803 1389 1922 1426 sactum

786 1448 926 1474 tenentes
947 1449 978 1475 e!
1000 1449 1136 1483 capistro
1166 1447 1271 1474 cincti.

237 1513 376 1543 Iuvenes
413 1518 560 1552 tanquam
589 1513 670 1542 molli
693 1513 781 1543 vitae
816 1513 899 1544 haud
934 1514 1077 1556 deditos3
1105 1515 1163 1545 sed
1189 1516 1321 1544 venatui
1348 1517 1409 1544 iam
1435 1514 1473 1544 ab
1500 1514 1627 1543 Aurora
1654 1519 1782 1550 operam
1809 1508 1922 1538 dantes

138 1574 300 1605 describit.
352 1574 481 1604 l’oetam
508 1574 548 1604 de
573 1575 655 1604 bello
685 1574 769 1604 haud
796 1576 973 1616 cogitasse,
1001 1577 1142 1617 proxime
1169 1582 1326 1616 sequente
1355 1586 1452 1606 versu
1479 1573 1713 1615 cognoscimus.
1766 1571 1842 1600 Vox
1861 1568 1922 1614 sto)

137 1639 361 1666 vestimentum
388 1637 542 1673 exterius,
569 1646 632 1676 quo
660 1637 689 1666 in
717 1637 862 1666 venando
888 1643 942 1667 anit
970 1647 1068 1678 opere
1095 1638 1237 1669 faciendo
1265 1637 1362 1668 induti
1390 1646 1450 1666 non
1477 1640 1577 1672 erant,
1605 1632 1779 1675 significat.
1832 1631 1921 1660 Loco

138 1701 206 1731 eius
234 1707 265 1730 et
292 1709 399 1730 arcum
427 1705 460 1730 et
487 1701 659 1739 capistrum
687 1700 784 1730 fuisse
811 1700 897 1730 dicit.
939 1701 1093 1731 Solebam
1123 1706 1227 1731 autem
1257 1700 1392 1737 Arabes,
1422 1704 1455 1728 ut
1481 1699 1589 1728 statim
1616 1696 1654 1727 ad
1688 1703 1799 1726 manus
1825 1699 1924 1732 esset,

137 1764 272 1802 capistro
299 1772 336 1792 se
362 1763 550 1804 succingere
576 1768 608 1793 et
634 1765 746 1794 collum
774 1763 977 1794 circumdare.
1029 1763 1134 1792 Huius
1158 1763 1202 1791 rei
1233 1767 1328 1801 poeta
1363 1760 1499 1791 Lebid
1528 1760 1556 1789 in
1584 1758 1788 1798 sequentibus
1814 1756 1921 1785 verbis

136 1830 324 1858 mentionem
343 1827 419 1857 fecit
436 1827 545 1865 (metr.
560 1826 706 1865 Camel):
735 1826 878 1865 Equus
904 1826 1061 1865 velox,
1081 1826 1203 1854 cuius
1231 1824 1474 1863 capistrum
1501 1831 1617 1852 mane
1647 1821 1737 1850 loco
1765 1818 1921 1858 cinguli

138 1889 232 1919 mihi
272 1894 350 1920 est.
415 1888 509 1928 Quod
541 1889 712 1918 verborum
747 1891 828 1934 ιειη-’ἑ
854 1885 937 1926 ὁμο
971 1892 1004 1917 et
1044 1876 1094 1935 μὲ
1120 1886 1371 1926 significationes
1398 1884 1633 1924 significatione
1660 1881 1799 1922 generali
1830 1880 1920 1911 vocis

137 1951 215 1998 ζμ)
240 1961 301 1981 non
327 1950 647 1991 comprehenduntur,
673 1950 702 1980 id
717 1950 798 1989 quod
828 1960 846 1981 a
873 1950 1083 1991 grammaticis
1111 1959 1194 1979 voce
1209 1945 1313 1997 &lain
1334 1947 1532 1987 designatur,
1552 1946 1664 1985 regula
1682 1942 1921 1984 grammatices,

137 2020 172 2046 ut
197 2024 308 2046 casum
334 2014 557 2045 accusativum
584 2013 732 2051 habeant,
760 2013 911 2051 postulat.
965 2021 1043 2042 eon
1061 2011 1081 2041 f.
1110 2010 1219 2042 Gram.
1249 2011 1305 2040 Ar.
1333 2010 1369 2040 T.
1399 2009 1426 2037 11
1455 2017 1484 2047 p.
1505 2006 1586 2040 406,
1613 2005 1812 2036 Sclioliastes
1837 2003 1920 2044 dicit,

137 2082 266 2120 gentem
289 2078 412 2107 Tarnim
438 2077 529 2107 modo
557 2076 766 2116 adpositionis
793 2075 847 2105 tali
876 2076 949 2104 voci
975 2074 1195 2104 accusativum
1219 2072 1294 2102 dare
1321 2070 1543 2101 consuevisse.
1595 2069 1697 2099 Simili
1726 2067 1818 2098 modo
1846 2072 1920 2106 post

136 2150 249 2172 vocem
277 2140 301 2169 ta
329 2149 410 2181 gens
424 2140 545 2170 'l'amim
571 2139 797 2169 nominativum
825 2138 973 2177 ponebat,
1001 2136 1073 2166 dum
1100 2135 1225 2165 incolae
1248 2134 1390 2174 regionis
1407 2132 1521 2172 Hidjas
1547 2130 1768 2161 accusativum
1788 2129 1920 2160 adhibe-

137 2206 221 2235 bant.
257 2202 367 2234 conf.
406 2200 512 2232 Gram.
552 2202 609 2231 Ar.
643 2202 679 2231 T.
707 2202 734 2230 ΙΙ
761 2210 790 2240 p.
821 2200 879 2233 64.
912 2199 1052 2230 Meidan.
1081 2199 1138 2239 24,
1167 2198 1198 2227 4.
1227 2197 1276 2226 De
1301 2195 1380 2225 sede
1407 2194 1514 2235 gentis
1542 2192 1650 2223 confer
1675 2193 1711 2222 T.
1738 2192 1752 2221 1
1778 2201 1807 2231 p.
1839 2190 1918 2220 186.

137 2265 254 2305 Optimi
279 2273 373 2294 arcus
399 2273 418 2293 e
446 2263 532 2305 ligno
560 2263 680 2293 arboris
707 2262 852 2294 Nabah
879 2261 1013 2293 confecti
1041 2266 1143 2291 eraut.
1172 2257 1285 2290 conf,
1307 2259 1344 2288 T.
1361 2259 1374 2288 1
1391 2268 1421 2297 p.
1448 2256 1519 2287 500
1545 2260 1577 2286 et
1605 2255 1685 2286 505.
1713 2255 1801 2284 Loco
1827 2253 1920 2283 vocis

137 2329 219 2374 ύκὸ
244 2327 304 2358 alia
330 2327 430 2356 forma
456 2324 586 2365 pluralis
604 2323 689 2366 νυῷ
707 2325 833 2366 legitur.

135 2424 193 2455 40.
236 2425 310 2454 Non
331 2423 367 2452 ob
389 2424 545 2459 inopiam3
565 2422 622 2450 aed
642 2422 725 2460 quod
743 2422 884 2450 venando
904 2421 1001 2450 dediti
1018 2423 1102 2455 eunt,
1117 2423 1261 2456 tempore,
1278 2428 1338 2457 quo
1354 2420 1482 2446 venator
1505 2418 1612 2444 carnis
1625 2418 1775 2451 appetem
1794 2413 1919 2444 clamat.

233 2480 285 2510 Ne
311 2483 416 2510 autem
444 2478 515 2519 quis
542 2482 643 2518 putet,
671 2479 757 2507 viros
784 2477 855 2507 illos
882 2487 948 2507 rem
975 2476 1109 2517 fecisse,
1136 2475 1222 2516 quod
1248 2474 1375 2514 pallium
1404 2482 1465 2502 non
1492 2471 1657 2512 haberent,
1675 2479 1803 2500 causam
1821 2468 1918 2499 addit.

170 2587 199 2618 1)
218 2587 372 2618 eognomen
391 2594 424 2611 ex
444 2586 550 2610 Kamusi
570 2592 650 2616 opere
668 2585 770 2615 addidi;
789 2586 880 2615 plures
901 2586 968 2610 enim
995 2590 1091 2616 gentes
1107 2585 1205 2608 Rabiah
1223 2582 1378 2613 appellatae
1397 2583 1467 2603 sunt.
1496 2580 1523 2602 tn
1543 2581 1624 2608 gente
1643 2578 1742 2602 Tarnim
1761 2578 1828 2601 duae
1846 2581 1919 2607 sunt,

218 2632 301 2656 maior
318 2639 357 2656 ac.
375 2632 477 2656 Rabialn
496 2633 522 2657 b.
540 2631 640 2661 Maleo,
659 2637 727 2661 quae
747 2631 844 2654 tinniat:
865 2630 966 2662 Aldjuh
985 2631 1139 2661 appellatur
1157 2633 1182 2653 et
1200 2629 1296 2659 minor,
1313 2627 1414 2651 Babiah
1434 2626 1458 2650 b.
1477 2625 1620 2649 uentaetah
1640 2625 1664 2648 b.
1683 2625 1782 2650 Matee.
