2155 2892
891 159 1160 190 —319—

132 266 239 288 amore
265 262 459 288 extenuatus
487 264 588 290 esset.
609 267 680 288 eum
701 258 811 288 itinere
831 259 1009 289 accelerato
1037 259 1198 289 adfectum
1227 268 1302 290 esse
1330 260 1447 290 dieunt.
1477 261 1653 299 Qnominus
1681 270 1775 302 poeta
1803 274 1915 296 vocem

131 318 220 359 Laaele
247 324 319 350 ante
350 330 458 351 vocem
485 319 555 358 jol,
583 321 673 350 cuius
702 329 830 349 cansam
859 322 1036 359 contineat,
1065 321 1225 360 posuerit,
1254 321 1486 352 homoioteleuti
1518 325 1596 353 ratio
1625 325 1800 364 impedivit.
1857 327 1915 357 llic

130 387 235 412 autem
263 392 380 412 versus
401 383 429 412 in
457 381 612 412 Mersukii
641 381 749 411 codice
777 381 987 412 desideratur.

128 477 159 506 3.
203 479 248 507 Et
262 481 360 518 funes
375 480 490 508 autoris
509 481 725 515 porres-erun!
746 488 809 506 τινι)
833 489 937 507 amare
959 481 1083 508 omniuo
1105 480 1257 518 subacto,
1292 483 1362 519 qui,
1400 485 1644 520 ‹sttola'›·sr1utq11e
1674 486 1767 522 diyila
1790 497 1915 517 meusne

817 537 901 567 sunl,
926 533 1052 561 bruclu'o
1074 536 1207 565 melitum,

231 604 302 633 noc
329 604 358 632 in
387 611 493 640 vorsu,
519 603 569 642 qui
598 603 626 632 in
655 603 811 632 Mersukii
839 602 949 632 codice
979 603 1078 640 deest,
1107 613 1242 633 amorem
1270 615 1362 635 suum
1391 605 1509 635 illarum
1546 615 1653 636 amore
1682 609 1827 640 maiorem
1855 612 1914 642 de-

130 669 244 709 signat.
298 668 339 698 Ut
364 669 479 698 brachii
508 678 655 699 mensura
685 669 782 698 maior
810 674 859 698 cst
887 678 980 708 quam
1008 668 1110 709 digiti,
1139 670 1184 699 sic
1213 675 1327 708 poetae
1356 677 1442 698 amor
1470 668 1590 697 illarum
1619 678 1756 699 amorem
1785 675 1892 704 vincit.

131 741 163 769 4.
206 741 252 769 El
271 750 326 769 eae
349 741 543 769 relwmenter
566 742 710 769 laudanti
730 742 818 770 dimi:
846 741 911 769 Γαε
934 740 1005 769 tibi!
1025 740 1142 770 uoces!
1161 745 1191 769 e!
1212 750 1286 769 num
1308 741 1458 778 prodesse
1479 744 1576 777 poles,
1603 744 1637 768 u!
1656 743 1784 778 prosis?

228 809 429 839 Feminarum
456 810 575 839 illarum
595 810 854 849 pulchritudinem
883 811 1091 840 vehementer
1118 810 1294 846 laudantem
1322 810 1495 848 vituperat,
1526 819 1618 848 quum
1647 810 1784 842 futurum
1813 814 1865 851 sit,
1881 819 1915 844 ut

129 873 189 902 ista
217 873 284 901 laus
313 872 371 911 ipsi
399 877 519 903 noceat.
548 874 623 902 Non
651 883 748 912 posse
776 884 836 902 non
864 874 1046 903 seminarum
1074 883 1209 904 amorem
1237 876 1285 904 sni
1313 874 1374 903 ista
1402 874 1492 903 lande
1520 876 1644 914 augeri,
1673 886 1768 915 quum
1797 884 1916 918 quanta

129 934 361 974 pulchritudine
389 934 551 974 praeditae
578 935 653 973 sint,
684 935 753 964 illus
780 935 905 975 doceat,
934 941 967 965 nt
993 937 1021 964 in
1050 936 1152 974 ipsum
1181 936 1318 974 superbe
1346 945 1382 965 se
1411 941 1535 974 gerant.
1597 938 1630 965 ln
1664 938 1822 969 Mersukii
1857 950 1914 970 co-

129 996 199 1026 dice
226 996 313 1028 <aliis
341 997 465 1037 legitur.
519 997 593 1026 Vox
620 1009 695 1048 δὲ),
723 999 773 1027 cui
803 998 1011 1027 Alazmiiihus
1040 998 1304 1038 significationem
1333 999 1519 1031 verborum:
1550 1000 1626 1029 tibi
1655 1000 1763 1030 Deus
1792 1002 1915 1032 mise-

130 1060 262 1089 ricors
289 1054 367 1089 sit!
396 1060 512 1099 tribuit,
541 1060 567 1089 si
595 1069 649 1099 per
677 1060 806 1089 alteram
835 1069 944 1089 vocem
974 1061 1212 1099 praepositione
1240 1057 1258 1094 ὁ
1287 1061 1368 1089 haud
1397 1062 1584 1100 interposita
1617 1063 1828 1103 coniungitur,
1857 1073 1914 1093 ca-

128 1131 198 1152 sum
234 1122 460 1152 Accusativum
496 1131 619 1161 semper
655 1122 749 1151 habet
778 1126 808 1151 et
842 1132 859 1151 a
896 1122 994 1150 verbo
1033 1123 1151 1151 omisso
1180 1119 1232 1149 affl
1259 1119 1332 1166 zwjji
1363 1122 1503 1152 »efficiat
1533 1124 1640 1163 Deus.
1669 1131 1702 1154 nt
1731 1125 1758 1154 ei
1795 1125 1914 1155 adhae-

128 1178 240 1213 reat!«
272 1183 483 1223 regitur;sin
503 1189 608 1213 autem
628 1184 820 1223 praepositio
847 1180 866 1218 ὁ
884 1185 1038 1224 sequitur,
1068 1190 1127 1214 tam
1155 1186 1385 1215 Accusativum
1418 1195 1512 1225 quam
1531 1187 1767 1217 Nominativum
1797 1189 1914 1219 habere

131 1249 246 1284 potest.
299 1245 372 1276 Vox
399 1256 514 1293 &mn-a
543 1255 598 1285 pro
625 1242 760 1292 &laxa-a
787 1251 837 1276 est
865 1251 897 1276 et
924 1245 1061 1276 futurum
1088 1246 1266 1275 Nasbatum
1293 1250 1366 1293 &²³⁸3
1396 1256 1412 1276 e
1441 1247 1595 1286 particula
1621 1248 1659 1292 Οἱ
1683 1250 1802 1278 omissa
1832 1259 1913 1288 pen-

129 1306 193 1336 det.
247 1306 447 1336 Scholiastes
474 1315 586 1336 vocem
612 1316 802 1346 responsum
830 1307 1085 1347 interrogationis
1111 1316 1187 1336 esse
1215 1307 1300 1338 dicit.
1355 1308 1452 1338 Poeta
1481 1308 1599 1338 Ohmar
1626 1310 1654 1338 b.
1691 1310 1914 1341 Abi-Rabiah

130 1369 316 1398 Mecceusis
352 1369 541 1398 carminibus
569 1369 741 1409 amatoriis,
769 1370 882 1407 quibus
912 1370 1102 1409 excellebat,
1130 1370 1218 1411 genti
1246 1380 1325 1400 suae
1350 1372 1505 1401 Koraisch
1534 1373 1641 1411 poesis
1670 1373 1800 1413 gloriam
1825 1382 1915 1403 com-

130 1430 266 1470 paravit.
299 1431 418 1470 Nocte,
460 1440 520 1469 qua
548 1430 707 1461 Ohinarus
735 1432 849 1462 chalifa
876 1433 1089 1471 occidebatur,
1117 1438 1210 1463 natus
1240 1438 1313 1473 post
1340 1434 1546 1474 septuaginta
1573 1439 1627 1463 aut
1655 1434 1785 1472 plurium
1814 1444 1914 1464 anno-

131 1503 198 1523 rum
225 1494 321 1523 vitam
349 1494 535 1532 exspirasse
570 1493 682 1523 dicitur
718 1494 801 1524 conf.
830 1494 892 1524 Cit.
921 1495 1081 1537 Alaghani
1110 1507 1140 1536 p.
1169 1499 1217 1525 σθ’.
1247 1497 1295 1525 De
1321 1496 1469 1525 versibus
1498 1495 1580 1525 conf.
1610 1496 1668 1525 cel.
1697 1496 1915 1537 Kosegarteni

132 1554 312 1586 chrestum.
343 1567 373 1597 p.
405 1558 483 1588 144.

942 1629 1104 1662 xxn.

600 1694 968 1729 Aluu-I'Robais
991 1694 1281 1728 Tsulnabita
1305 1694 1442 1728 dixit.

229 1767 286 1797 Vir
312 1777 329 1796 e
355 1772 451 1808 gente
481 1766 661 1797 'rsahtabah
689 1768 717 1796 b.
744 1768 829 1797 Sahd
857 1769 884 1798 b.
914 1767 1054 1806 Dsobjan
1082 1767 1231 1796 oriundus
1262 1772 1340 1796 erat.
1370 1767 1495 1796 Nomen
1515 1766 1632 1796 Robais
1656 1767 1787 1797 formam
1814 1767 1914 1797 demi-

131 1830 230 1860 nutivi
259 1839 277 1859 a
304 1830 427 1858 nomine
455 1830 589 1858 actionis
617 1841 686 1874 υς)
717 1830 874 1867 (manibus
898 1831 1083 1868 pereutere)
1114 1829 1317 1859 derivandam
1346 1839 1421 1858 esse
1449 1829 1561 1858 dicunt.

132 1902 160 1929 1.
204 1901 289 1930 ,Num
312 1911 359 1929 me
378 1902 518 1939 perferet
539 1901 580 1928 ml
601 1904 730 1929 mulrem
746 1901 847 1929 Hurbi
868 1904 897 1929 el
917 1904 1069 1937 proiiciel,
1092 1903 1163 1930 dum
1189 1901 1304 1929 alacris
1327 1904 1381 1935 esl,
1402 1911 1497 1929 curus
1511 1901 1596 1937 apud
1616 1911 1663 1928 me
1681 1905 1912 1936 pernoctantes,

839 1956 1022 1993 quibuscum
1045 1957 1198 1992 «lestussun,

228 2013 355 2043 Versus
383 2023 453 2043 cum
485 2015 626 2053 proxime
652 2018 804 2051 sequente
832 2022 928 2042 sensu
956 2013 1112 2042 cohaeret.
1166 2012 1274 2051 Optat,
1294 2017 1327 2042 ut
1353 2022 1458 2049 curae,
1478 2013 1589 2051 quibus
1613 2018 1707 2042 noctu
1738 2013 1915 2049 invadatur,

133 2079 356 2104 removeantur
383 2076 493 2105 itinere
526 2075 611 2105 facto
639 2075 677 2104 ad
706 2075 848 2104 seminam
878 2074 915 2103 ab
943 2077 1009 2113 ipso
1038 2080 1171 2103 amatam
1207 2074 1430 2103 Omm-Harb
1465 2075 1666 2113 appellatam.
1733 2075 1913 2104 Verborum

132 2135 236 2177 έκίὼρ·
274 2142 306 2165 et
341 2131 450 2181 0³3³&
484 2137 659 2166 subiectum
699 2137 727 2166 in
768 2143 924 2176 sequente
961 2146 1057 2166 versu
1083 2147 1147 2166 vox
1174 2140 1261 2165 :xiim
1288 2142 1338 2166 est
1366 2142 1397 2166 et
1433 2146 1532 2166 voces
1560 2133 1634 2179 *³72³
1659 2136 1728 2182 &Le
1756 2142 1817 2166 tam
1845 2146 1914 2166 cum

133 2209 194 2229 uno
231 2208 321 2238 quam
355 2207 425 2228 cum
464 2199 563 2228 altero
598 2200 695 2230 verbo
723 2203 868 2240 coniungi
896 2206 1039 2239 possunt.
1107 2200 1211 2230 Voces
1237 2203 1279 2241 β
1306 2208 1386 2239 0:25?
1413 2205 1487 2229 sunt
1515 2208 1570 2238 pro
1600 2196 1664 2239 'Sd-*3
1698 2200 1758 2229 [49.
1800 2199 1914 2228 'Curae

133 2266 236 2291 autem
265 2260 366 2290 noctis
395 2265 548 2301 tempore,
569 2271 630 2301 qno
657 2262 793 2302 negotiis
821 2262 902 2291 haud
931 2262 1115 2292 distrahitur
1141 2264 1276 2299 animus,
1297 2261 1452 2291 hominem
1473 2262 1624 2291 invadere
1651 2263 1764 2291 solent.
1795 2261 1914 2291 Gram-

134 2324 266 2353 maticus
297 2322 496 2353 Abu-l'Ahla
521 2333 635 2353 vocem
663 2323 781 2365 ²²:24¹,
810 2324 848 2353 de
875 2326 956 2354 curis
985 2324 1171 2361 adhibitam,
1210 2324 1385 2353 desumtam
1425 2333 1501 2352 esse
1535 2323 1609 2352 dicit
1634 2323 1671 2351 ab
1699 2331 1779 2360 aqna
1806 2319 1914 2361 0524!

134 2384 160 2415 i(
186 2395 213 2415 e.
248 2386 307 2415 sub
345 2385 434 2415 coelo
467 2391 673 2425 pernoctante
710 2387 872 2428 (frigida).
938 2387 1027 2416 Haec
1053 2391 1156 2416 autem
1183 2396 1248 2415 vox
1276 2386 1304 2414 in
1333 2391 1488 2424 sequente
1515 2394 1611 2413 versu
1640 2384 1775 2413 occurrit
1803 2386 1912 2422 (metr.

138 2447 272 2487 Sarih):
302 2448 347 2477 Et
383 2458 498 2478 mane
534 2450 792 2487 perveniunt
830 2449 878 2480 ad
919 2448 1252 2488 receptaculum,
1295 2448 1328 2476 in
1364 2456 1440 2485 quo
1469 2455 1572 2484 aqua
1609 2446 1798 2476 collecta
1827 2451 1913 2486 est,

137 2519 240 2549 quae
267 2511 345 2540 sub
372 2512 496 2540 coelo
525 2520 600 2549 per
627 2516 802 2540 noctem
829 2517 943 2552 erat3
972 2512 1054 2541 dum
1083 2520 1238 2550 aquam
1267 2509 1470 2548 frigidam
1505 2509 1593 2538 eius
1621 2518 1702 2538 cnm
1729 2508 1914 2538 silentio

139 2569 411 2610 deglutiunt.
466 2571 557 2600 Alius
586 2574 680 2610 poeta
704 2570 783 2601 dixit
811 2571 921 2610 (metr.
949 2573 1114 2610 Thawil):
1151 2571 1288 2601 Grata
1326 2571 1477 2599 instar
1515 2578 1658 2608 aquae
1684 2563 1754 2607 (1).
1779 2564 1913 2607 551.)

140 2631 332 2674 frigidae
359 2639 425 2664 est
451 2634 493 2663 in
521 2633 671 2663 scrobe
698 2633 864 2662 montis.
918 2633 1014 2663 Cum
1042 2633 1132 2661 eius
1160 2631 1300 2660 saliva
1328 2630 1466 2659 vinum
1494 2629 1607 2659 forte
1635 2633 1808 2661 mixtum
1837 2636 1912 2661 est.

1581 2693 1623 2722 41
