2155 2892
887 159 1156 189 —612—

131 260 275 298 CameD:
302 260 334 288 Ii
361 258 396 288 in
424 258 606 298 fastigio
634 257 785 287 montis
813 258 985 289 arenosi
1012 267 1111 288 oves
1139 258 1329 289 assecuti
1356 262 1477 299 sunt,
1505 268 1610 298 quae
1636 259 1684 290 ad
1718 259 1916 292 dominum

129 321 359 362 propulsae
387 320 727 361 colligebantur.

126 433 154 462 1,
198 431 225 462 0
247 432 360 460 mulier
381 431 588 468 vz'luperans!
606 434 735 469 propter
758 431 895 468 hospites
916 432 1024 464 noctis,
1049 432 1082 458 in
1105 440 1167 469 qua
1187 439 1301 467 purum
1324 430 1550 465 hospitalitatis
1573 432 1621 458 est
1643 432 1673 458 el
1694 430 1784 458 cuius·
1805 432 1915 458 ventus

555 485 812 522 septentrionalis
840 486 985 513 madidus
1006 488 1061 519 est,
1095 494 1143 512 me
1165 480 1366 523 (mortuum)
1390 482 1488 520 delle!

218 555 262 585 Ut
290 555 414 595 probet,
430 564 520 594 quam
540 555 656 585 iniusta
683 554 792 584 uxoris
812 559 867 584 aut
886 554 966 584 alius
998 553 1138 583 mulieris
1166 557 1294 592 propter
1323 553 1446 582 nimiam
1474 553 1694 582 liberalitatem
1721 551 1914 590 vituperatio

118 618 173 654 sit,
202 627 239 648 se
266 623 423 647 mortuum
451 617 538 657 ponit
566 626 654 647 esse.
717 618 797 647 Tum
827 621 970 656 tempore
998 616 1110 645 hiemis
1141 620 1174 644 et
1201 616 1324 654 inopiae
1352 615 1529 645 defuturum
1559 625 1646 656 esse,
1689 616 1739 655 qui
1766 615 1913 654 hospites

117 681 253 722 benigne
291 680 447 720 excipiat,
484 683 517 709 ut
553 688 636 708 mors
673 689 732 708 sua
759 679 953 718 deploranda
980 680 1031 708 sit.
1092 679 1135 708 Ut
1163 684 1288 717 tempus
1317 679 1440 717 inopiae
1469 678 1636 720 designet,
1666 683 1790 709 noctem
1818 678 1912 708 talem

116 743 202 782 dicit,
230 743 292 782 qua
321 753 428 782 parum
460 742 687 782 hospitalitatis
704 742 805 780 sit,ut
835 746 940 771 autem
969 738 1082 771 hiemis
1111 745 1237 780 tempus
1266 740 1440 779 describat,
1471 746 1600 770 ventum
1627 740 1911 780 septentrionalem

115 806 339 844 humidumque
366 805 505 844 adpellat
530 805 621 834 Ham.
648 804 687 833 ’Μ
716 813 746 833 v.
775 803 807 836 6.
832 804 885 833 ‘lt-”r
913 813 945 833 v.
974 803 1006 833 2.
1035 804 1110 834 Vox
1137 799 1212 838 &Atel
1239 808 1289 835 est
1318 811 1374 840 pro
1404 798 1499 831 aletes.

113 917 144 945 2.
189 915 214 944 0
242 914 375 944 Ahmire
386 914 400 944 Ι
447 915 547 944 Lenle
577 912 676 951 aytis!
707 922 745 940 ne
771 922 820 941 me
849 914 1007 948 vituperes
1035 921 1136 950 neque
1165 913 1365 941 absconditus
1390 913 1450 945 sis,
1483 921 1578 950 quum
1608 912 1746 940 virorum
1778 912 1908 940 virtutes

891 970 1118 996 enumerantur
1128 966 1142 995 J

224 1038 254 1068 A
282 1038 410 1068 muliere
436 1037 475 1067 ad
504 1038 606 1068 virum
633 1040 737 1077 ipsum
765 1041 999 1078 vituperantem
1026 1046 1063 1067 se
1090 1036 1249 1067 convertit
1275 1039 1456 1074 monetque,
1484 1045 1523 1066 ne
1550 1035 1605 1066 tali
1634 1035 1725 1066 modo
1752 1039 1841 1077 agat,
1875 1040 1909 1065 ut

112 1100 204 1131 laude
233 1100 380 1140 indignus
407 1100 459 1129 sit.
487 1100 588 1130 Simili
615 1099 704 1130 modo
733 1105 827 1139 poeta
841 1099 1189 1130 Taabbata-Scharran
1216 1100 1245 1129 in
1273 1103 1425 1139 sequente
1442 1109 1541 1130 versu
1568 1100 1697 1130 locutus
1725 1104 1776 1129 est
1796 1100 1904 1138 (metr.

110 1161 239 1200 Basith)
254 1171 261 1191 :
277 1161 360 1191 Sed
388 1171 585 1200 quaenam
613 1165 680 1191 est
708 1161 864 1191 femina
893 1170 1060 1200 semper
1087 1162 1362 1202 vituperans,
1377 1163 1542 1193 multum
1568 1162 1780 1201 reprehen
1793 1161 1908 1202 dens,

109 1224 237 1264 (quis)
278 1226 344 1254 vir
382 1224 612 1262 confusus,
653 1225 718 1264 qui
756 1226 1010 1264 vituperans
1048 1228 1185 1255 cutem
1214 1233 1340 1254 meam
1369 1224 1675 1263 quodammodo
1703 1220 1838 1253 ussit?
1875 1227 1907 1253 et

110 1291 173 1316 tum
202 1285 304 1316 dixit:
334 1285 361 1316 Ο
389 1295 468 1315 vos
496 1285 572 1315 dno
600 1286 721 1325 vitup
738 1290 930 1324 erantes,
958 1285 1168 1325 quaedam
1195 1286 1478 1326 vituperatio
1506 1286 1607 1317 dura
1633 1285 1731 1318 est!
1759 1285 1820 1325 Qui
1847 1287 1906 1316 ab-

108 1349 271 1380 sconditus
301 1353 365 1385 est,
395 1358 486 1388 quum
513 1349 651 1379 virtutes
679 1354 915 1380 enumerantur,
942 1349 1011 1378 eius
1038 1351 1179 1378 virtutes
1206 1358 1268 1378 non
1298 1348 1477 1379 laudantur.
1522 1350 1642 1380 Vocem
1661 1347 1772 1395 &5555
1797 1349 1903 1390 signi-

105 1411 285 1443 ficationem
312 1412 520 1451 comparativi
552 1421 612 1441 non
639 1412 768 1450 habere,
795 1422 811 1442 e
838 1413 907 1441 loco
936 1412 1053 1442 Corani
1080 1412 1154 1442 Sur.
1178 1412 1236 1454 55,
1265 1412 1322 1442 70.
1352 1412 1403 1443 »in
1430 1412 1468 1441 iis
1496 1412 1599 1442 bonae
1627 1411 1777 1452 pulchrae
1807 1416 1903 1442 sunt«

104 1479 137 1504 et
164 1485 182 1504 e
208 1483 308 1504 versu
336 1478 452 1513 poetae
480 1474 590 1512 (metr,
618 1475 825 1513 Monsarih):
856 1475 904 1504 Et
931 1476 1024 1504 eius
1053 1484 1081 1504 in
1094 1478 1187 1505 ater
1215 1477 1375 1515 optima
1403 1474 1636 1513 mulierum,
1662 1484 1680 1513 q
1693 1483 1903 1514 uamquam

103 1541 212 1575 post
242 1540 408 1576 partum
436 1538 589 1567 matrix
617 1537 847 1577 procidens
875 1542 916 1568 et
945 1542 1126 1577 ruptura
1153 1539 1191 1568 ei
1217 1539 1368 1569 nocuit
1404 1537 1598 1568 scholiastes
1626 1538 1750 1578 probat.

100 1648 132 1677 3.
177 1647 321 1677 Camelos
349 1657 434 1676 meos
457 1648 586 1676 eandem
614 1648 779 1676 utilitatem
810 1647 961 1676 leubenles
983 1648 1078 1680 rideo,
1106 1657 1198 1686 qnam
1222 1655 1333 1684 aqmen
1356 1646 1546 1676 camelorum
1569 1655 1731 1683 maqnum,
1755 1646 1830 1675 licet
1847 1656 1903 1676 eo-

102 1698 166 1741 (1).
193 1698 321 1741 ’ἵ-ιθ.)
697 1711 768 1730 rum
793 1702 905 1729 cameli
929 1702 1073 1730 anm'cult'
1090 1703 1188 1738 pauci
1208 1704 1294 1730 sunt.

215 1770 353 1800 Divitem
381 1780 418 1800 se
446 1770 570 1809 quidem
599 1779 660 1799 non
688 1779 763 1799 esse
791 1770 883 1809 dicit,
911 1775 945 1800 ut
984 1780 1127 1811 maguam
1155 1770 1346 1800 camelorum
1375 1779 1509 1811 gregem
1537 1769 1672 1809 habeat,
1708 1768 1779 1810 sed,
1806 1777 1899 1808 quum

99 1831 238 1861 liberalis
266 1834 320 1871 sit,
348 1832 460 1870 eisque
488 1830 572 1861 hand
599 1836 741 1871 parceat,
768 1840 829 1860 non
855 1832 967 1861 minori
983 1832 1108 1862 utilitati
1135 1841 1212 1862 suos
1241 1832 1383 1862 camelos
1411 1831 1523 1873 egenis
1551 1840 1639 1873 esse,
1656 1840 1745 1871 quam
1765 1831 1898 1861 aliorum

98 1903 244 1934 magnam
271 1902 416 1935 gregem.
470 1892 562 1924 Grex
588 1897 701 1930 autem,
730 1895 820 1924 cuius
846 1896 920 1934 pulli
946 1894 1041 1934 pauci
1067 1899 1154 1932 sunt,
1182 1903 1283 1934 parva
1310 1900 1372 1925 est.

98 2002 127 2030 4.
172 2001 226 2030 Ad
246 2005 372 2030 mortem
392 2002 552 2038 pullorum
583 2003 793 2039 adsuefaclue,
827 2012 908 2040 quae
934 2004 967 2031 in
999 2005 1216 2033 mansionibus
1239 2006 1376 2041 aqmim's
1406 2014 1477 2034 esse
1498 2013 1561 2033 non
1584 2007 1728 2039 cessant,
1754 2005 1798 2033 ad
1816 2005 1900 2043 quod

648 2065 757 2083 earum
782 2056 920 2085 camelae
942 2060 972 2085 el
993 2058 1106 2086 cameli
1122 2059 1353 2094 propelluntun

192 2137 227 2165 In
245 2136 348 2174 priore
374 2146 484 2173 versu,
500 2146 620 2176 paucos
648 2137 787 2166 camelos
815 2146 853 2166 se
879 2137 1061 2176 possidere,
1091 2139 1227 2179 dixerat,
1242 2140 1272 2169 in
1298 2139 1357 2170 hoc
1385 2149 1512 2170 eausam
1539 2140 1637 2170 addit.
1667 2139 1771 2178 Quum
1787 2149 1894 2169 earum

93 2198 165 2237 pulli
193 2203 248 2229 aut
277 2204 491 2229 mactarentur
524 2203 577 2229 aut
615 2200 697 2228 dono
726 2199 878 2229 darentur
914 2206 968 2230 aut
1005 2202 1165 2241 perirent,
1207 2202 1266 2241 ipsi
1294 2207 1400 2232 autem
1428 2203 1541 2232 cameli
1569 2208 1630 2232 tam
1659 2212 1765 2232 mares
1801 2211 1893 2241 quam

93 2260 228 2291 feminae
255 2264 309 2290 aut
336 2265 371 2290 ut
399 2270 461 2300 pax
489 2266 733 2300 componeretur
766 2267 821 2291 aut
859 2262 956 2292 occisi
984 2265 1117 2301 pretium
1148 2264 1277 2293 daretur
1304 2269 1359 2294 aut
1387 2265 1477 2294 aliam
1505 2264 1544 2293 ob
1572 2274 1700 2294 causam
1730 2263 1799 2294 aliis
1825 2268 1893 2293 tra-

93 2322 258 2361 derentur,
286 2333 346 2352 non
374 2329 502 2363 poterat
529 2333 590 2353 non
618 2325 810 2354 camelorum
837 2335 989 2354 numerus
1018 2326 1145 2355 multum
1173 2325 1321 2355 deminui.
1352 2327 1422 2356 Vox
1449 2330 1522 2362 Κῴῳ
1550 2326 1580 2356 in
1608 2330 1765 2365 sequente
1793 2333 1891 2353 versu

91 2387 200 2422 (metr.
228 2385 322 2415 Sarih
350 2390 403 2416 ant
430 2386 591 2426 Redjes):
623 2386 827 2425 Quoties
855 2387 1056 2428 agmini,
1085 2386 1198 2425 quod
1227 2396 1286 2416 me
1313 2388 1540 2428 rogabat,
1576 2381 1705 2417 dedi!
1744 2384 1890 2417 occurrit.

91 2445 210 2475 Beatus
229 2445 268 2475 de
283 2446 412 2486 Sacyus
441 2448 468 2476 in
497 2449 671 2487 exemplari
700 2459 759 2478 suo
791 2458 828 2479 se
856 2459 969 2479 vocem
992 2446 1077 2494 p)
1100 2458 1171 2478 cum
1199 2458 1277 2479 casu
1307 2450 1500 2480 nominativo
1527 2450 1692 2480 invenisse
1719 2447 1890 2486 adscripsit

90 2511 120 2535 et
148 2507 232 2537 hune
261 2517 370 2538 casum
401 2514 521 2538 rectum
551 2519 627 2539 esse
656 2513 803 2549 putavit:
845 2512 903 2541 sed
941 2512 969 2540 in
998 2512 1155 2541 Mersukii
1187 2521 1316 2550 quoque
1343 2512 1453 2542 codice
1480 2512 1685 2542 accusativus
1722 2511 1887 2548 reperitur,

90 2569 122 2597 ln
148 2569 257 2599 scholii
293 2571 374 2600 linea
401 2577 494 2601 sexta
524 2572 592 2601 loco
620 2573 711 2602 vocis
739 2571 867 2610 &stalis
895 2575 923 2603 in
950 2575 1108 2604 Mersukii
1136 2575 1247 2604 codice
1276 2573 1389 2620 sskalls
1421 2574 1479 2604 »ad
1508 2571 1723 2603 mactandum«
1755 2571 1884 2611 legitur,

88 2629 169 2665 quod
197 2631 438 2669 praeferendum
470 2638 565 2671 pum,
605 2634 721 2673 quippe
750 2635 777 2663 in
806 2644 865 2673 quo
892 2636 996 2674 potior
1024 2645 1121 2666 causa
1149 2637 1199 2667 sit.
1256 2638 1379 2666 Vocem
1410 2636 1483 2680 ῥῷ)
1514 2633 1754 2663 mansionis
1783 2633 1889 2673 signi-
