2155 2892
911 163 1176 194 -205—

158 261 188 290 2.
218 259 274 288 Vir
297 263 373 293 erat,
399 262 454 299 qm*
473 262 637 289 avaritiam
659 260 692 288 in
713 260 816 287 mn'mo
839 268 895 287 sno
921 267 983 286 teon
1010 259 1221 294 absconderet,
1248 268 1342 296 queam
1364 261 1431 288 eius
1454 262 1557 289 αηὶηιιι
1573 261 1691 296 ‹Inplea-
1703 264 1820 290 σει-πω
1831 270 1936 290 εει-κω

947 313 1139 341 deliberaret.

233 395 345 425 Virum
362 400 509 434 tanquam
525 392 684 423 liberalem
712 397 742 422 et
758 392 934 422 beneficum
950 393 1063 424 laudat.
1093 393 1173 423 Sunt
1189 393 1325 432 quidem,
1355 395 1418 434 qni,
1447 394 1518 424 dum
1536 396 1692 426 litu-ratem
1712 391 1781 432 (υ.
1806 389 1934 434 481.)

155 457 291 488 animum
319 456 500 495 ostendant,
528 455 684 484 avaritiae
712 456 740 484 iu
770 455 898 484 occulto
926 455 1020 485 dediti
1049 458 1122 485 sint.
1176 456 1246 485 lloc
1274 460 1363 495 poeta
1384 458 1499 487 inviro
1519 467 1658 496 negas-e
1678 459 1812 487 videtur.
1842 458 1932 498 Eum,

155 528 248 558 quum
277 519 408 557 animus,
435 516 509 556 quid
525 517 566 547 sit
594 517 764 557 agendum,
793 517 907 547 dubius
939 518 1106 557 haereret,
1134 518 1215 547 uullo
1245 519 1336 548 modo
1363 521 1518 549 avaritiae
1549 520 1576 548 in
1605 522 1705 548 animo
1734 521 1933 550 adhaesisse.

154 582 295 612 Verbum
322 577 406 622 ιιι-,ὼ
433 582 635 621 complicandi
665 582 800 621 modum,
829 592 891 621 quo
921 591 1042 622 pannus
1071 581 1294 621 complicatur,
1323 582 1494 621 signifieat.
1555 582 1661 611 Panno
1697 588 1801 611 nutem
1839 592 1934 621 super

154 653 189 673 re
223 643 410 682 complicato
443 652 495 672 res
530 643 743 674 absconditur.
807 644 954 673 Animum
991 644 1048 672 viri
1076 653 1145 673 cum
1174 653 1274 682 panno
1303 643 1530 683 quodammodo
1559 644 1763 682 comparavit.
1815 645 1933 674 Similis

153 701 299 744 ¹oquendi
326 705 438 734 modus
467 706 572 734 llarir.
601 715 630 744 p.
659 707 706 734 00⁶1
734 706 834 738 schol,
864 706 882 734 l.
915 706 943 736 1.
971 706 1137 736 iuvenitur.
1189 706 1222 735 In
1251 707 1427 745 posteriorc
1456 716 1571 735 versus
1607 712 1696 745 parte
1725 706 1848 736 modum
1876 707 1933 736 de-

152 769 273 806 scribit,
300 777 359 807 quo
389 769 417 797 in
446 778 478 798 re
506 768 690 808 peragenda
718 768 811 797 homo
833 767 995 806 deliberat,
1023 768 1094 797 dum
1116 768 1237 798 animus
1263 777 1332 798 eum
1354 768 1443 797 modo
1469 768 1662 808 dehortatur,
1684 769 1775 798 modo
1796 770 1933 808 impellit.

151 832 243 862 {lanc
271 830 426 870 duplicem
454 831 615 872 cogitandi
642 832 793 861 rationem
820 831 949 861 duarum
978 831 1147 859 animarum
1176 829 1432 860 deliberationem
1462 831 1644 869 appellavit.
1699 831 1835 860 Arabum
1864 831 1934 869 phi-

152 893 275 934 losophi
304 895 425 923 animae
453 894 622 924 facultates
651 894 911 932 conditionesque
937 893 1073 923 diversis
1101 893 1276 922 nominibus
1302 893 1525 924 distinxerunt:
1556 894 1612 922 sed
1641 894 1679 923 de
1698 893 1757 923 hoc
1776 894 1804 922 iu
1822 899 1936 932 poetae

151 957 272 986 veteris
298 956 405 986 verbis
433 956 515 986 nullo
544 955 635 985 modo
663 955 864 995 cogitandum
892 960 951 985 est.
1012 955 1121 985 Verbo
1147 954 1222 997 „fit
1251 961 1375 985 mutuae
1402 957 1642 986 consultationis
1672 956 1935 995 significationem

152 1018 345 1048 scholiastes
372 1018 488 1056 tribuit,
515 1017 587 1046 dum
616 1020 647 1047 iu
674 1022 790 1056 poetae
818 1017 927 1046 verbis
957 1018 1064 1055 (metr.
1085 1018 1300 1056 Motakarih):
1325 1020 1393 1061 :⁴3⁷³
1422 1016 1445 1045 ’ω
1471 1016 1526 1061 252³
1552 1016 1621 1063 ‹cl-²
1638 1024 1739 1058 ΞΜ,
1770 1020 1817 1048 Et
1844 1022 1934 1049 viro

151 1079 407 1118 supervenit
439 1078 476 1108 id
502 1078 608 1118 quod
635 1077 719 1108 sibi
747 1078 982 1117 proposuit
1017 1088 1148 1108 sensum
1177 1079 1297 1110 invenit
1325 1081 1458 1110 similem
1487 1082 1655 1120 proverbio
1683 1081 1779 1111 Meid.
1808 1080 1844 1111 C.
1876 1081 1934 1118 24,

153 1141 234 1172 256.
267 1141 349 1180 »Qui
378 1142 468 1172 alteri
495 1141 620 1172 foveam
648 1141 736 1180 fodit,
762 1141 791 1170 iu
820 1151 890 1171 eam
918 1141 1057 1171 incidit«.

936 1250 1133 1284 cxxn.

685 1315 945 1352 Alobairid
968 1316 1234 1350 Iarbuihta
1256 1315 1394 1351 dixit.

248 1403 281 1432 In
309 1401 494 1442 explicando
521 1403 645 1433 nomine
672 1403 861 1433 scholiastes
891 1403 963 1433 voci
991 1399 1071 1447 0533,
1100 1411 1118 1432 a
1145 1411 1206 1440 qua
1232 1402 1332 1432 forma
1359 1402 1541 1432 deminutivi
1576 1402 1720 1433 derivata
1756 1403 1817 1443 sit,
1854 1413 1933 1443 qua-

150 1463 321 1504 druplicem
348 1467 500 1496 rationem
528 1476 604 1496 esse
633 1466 717 1497 dicit.
778 1469 917 1498 Primum
955 1477 1066 1497 vocem
1101 1467 1140 1497 de
1175 1467 1257 1495 nube
1294 1464 1409 1505 frigida
1447 1474 1505 1495 seu
1540 1466 1721 1506 grandinem
1755 1469 1935 1496 continente

150 1527 300 1558 adhiberi.
352 1528 408 1558 Sic
438 1528 468 1558 iu
494 1528 691 1559 hemistichio
712 1536 828 1570 poetae
847 1531 954 1569 (metr.
970 1530 1132 1569 'l'hawil):
1160 1528 1294 1567 Quasi
1320 1528 1349 1557 ii
1377 1536 1531 1566 caprae
1557 1528 1662 1568 sint,
1691 1528 1779 1558 dnm
1806 1529 1933 1562 nubes

149 1589 390 1631 grandinem
417 1590 611 1623 demittit
638 1590 672 1636 (i.
701 1604 728 1624 e.
757 1599 929 1625 terrore
964 1591 1165 1636 impleti),
1203 1598 1269 1623 tum
1302 1592 1332 1620 in
1368 1595 1457 1621 tauro
1495 1591 1625 1621 maculis
1659 1592 1735 1621 albis
1769 1591 1934 1632 nigrisque

149 1653 298 1684 distincto
328 1654 463 1684 dialecto
488 1655 628 1685 Arabiae
653 1655 753 1686 felicis
780 1657 937 1696 propriam
966 1666 1076 1686 vocem
1104 1654 1253 1685 adhiberi.
1306 1654 1482 1683 Extremam
1509 1663 1634 1693 quoque
1663 1659 1780 1692 partem
1800 1653 1873 1693 diei,
1900 1658 1935 1682 ut

149 1716 188 1746 de
214 1716 337 1746 duabus
364 1716 467 1747 dualis
498 1717 695 1757 adhibeatur,
722 1728 802 1749 voce
822 1719 993 1760 designari.
1048 1718 1103 1748 Sic
1122 1718 1151 1747 in
1171 1727 1269 1747 versu
1289 1713 1392 1759 (metr.
1407 1713 1547 1758 U'afir):
1579 1716 1706 1754 Quum
1735 1716 1932 1746 extremis

149 1777 312 1807 duobus
353 1779 618 1818 temporibus
656 1780 740 1810 diei
775 1790 910 1821 genae
949 1780 1172 1810 dorcadum
1211 1772 1398 1821 gramine
1438 1780 1551 1809 sitim
1590 1780 1853 1819 explentium
1895 1778 1931 1806 in

149 1848 290 1880 arena,
317 1842 478 1880 maguis
508 1841 647 1871 oculis
675 1843 960 1882 praeditarum
987 1844 1142 1873 arbore
1163 1842 1299 1872 Artha
1321 1846 1507 1880 tanquam
1527 1841 1730 1871 cervicali
1748 1845 1927 1872 utuntur.

147 1901 220 1931 Hoc
246 1906 351 1932 autem
379 1902 409 1932 in
435 1912 536 1933 versu
561 1907 655 1945 exa-«33
681 1910 729 1935 est
756 1914 813 1944 pro
838 1909 963 1946 amyli.
1017 1906 1092 1935 Vox
1118 1903 1232 1951 OEjlj?
1260 1904 1348 1934 metri
1375 1913 1474 1933 causa
1503 1914 1572 1933 cmn
1595 1903 1796 1933 Nunnatione
1826 1911 1928 1932 enun-

149 1964 262 1995 cianda
288 1969 357 2004 est3
391 1974 458 1994 vox
484 1978 554 2010 (ἷκε
579 1972 686 1996 autem
713 1975 822 1996 casum
857 1967 1081 1997 nominativum
1112 1966 1353 1996 homoioteleuti
1390 1974 1507 2005 causa,
1546 1970 1578 1994 ut
1605 1965 1644 1994 sit
1671 1974 1726 2003 pro
1753 1975 1821 2009 0⁴⁷²
1847 1966 1932 2010 093,

149 2027 326 2056 obtinuisse
352 2027 489 2057 videtur.
543 2028 697 2066 Quartum
726 2029 818 2058 vocis
846 2029 1051 2068 explicandae
1079 2029 1203 2058 modum
1230 2029 1382 2058 adnotare
1400 2028 1590 2057 scholiastes
1607 2027 1720 2057 omisit.
1772 2026 1932 2056 Alobairid

149 2094 256 2119 autem
291 2087 373 2117 fitius
406 2088 667 2119 Almoahdsdsari
700 2090 728 2120 b.
766 2090 844 2119 Kais
880 2090 909 2118 b.
938 2090 1057 2120 Alittab
1086 2090 1113 2119 b.
1141 2090 1294 2130 Ilaramijj
1322 2091 1351 2119 b.
1380 2090 1473 2130 Rijah
1501 2091 1528 2120 b.
1558 2089 1670 2119 larbuh
1699 2090 1726 2118 b.
1754 2088 1932 2119 Heutselah

149 2152 178 2181 b.
207 2151 313 2181 Maleo
340 2150 368 2180 b.
397 2149 608 2181 said-Manat
634 2152 663 2181 b.
689 2152 810 2182 'l'amim
840 2158 934 2191 poeta
962 2162 1086 2193 egenus
1115 2158 1193 2182 erat.
1246 2153 1384 2182 Mortem
1413 2152 1517 2182 fratris
1554 2152 1603 2181 sui
1638 2151 1752 2181 Boraid
1780 2151 1931 2190 deplorat.

147 2273 173 2303 1.
199 2272 302 2309 Quum
326 2274 456 2302 nuntius
480 2273 651 2303 Boraidum
673 2278 828 2304 mortuum
851 2285 920 2304 esse
942 2277 1136 2309 nuntiasset,
1171 2275 1206 2303 ob
1229 2284 1383 2303 summam
1413 2276 1571 2303 tristitiam
1598 2276 1701 2302 rarius
1729 2274 1851 2310 surmus
1879 2274 1931 2298 ἰη-

633 2329 729 2358 duere
752 2331 816 2357 risa
839 2332 887 2357 est
907 2332 992 2357 terra
1015 2332 1044 2358 et
1066 2329 1192 2357 dorsum
1211 2330 1351 2367 fractum
1370 2330 1443 2367 fw'l.

246 2395 393 2426 Dolorem
420 2395 652 2436 vehementem,
679 2406 770 2436 quem
797 2397 907 2427 mortis
935 2400 1044 2427 nuntio
1071 2397 1177 2427 adlato
1202 2398 1360 2438 senserit,
1391 2397 1551 2427 describit.
1610 2396 1732 2425 Tantus
1769 2398 1858 2431 erat,
1899 2398 1931 2423 ut

149 2458 242 2489 animi
269 2459 437 2498 deliquium
465 2468 602 2498 passuro
629 2459 689 2498 ipsi
714 2463 799 2489 terra
825 2460 933 2490 varios
962 2460 1086 2490 colores
1113 2460 1261 2499 accipere
1288 2464 1321 2488 et
1347 2459 1474 2488 dorsum
1503 2458 1632 2487 fractum
1661 2455 1830 2485 videretur.
1884 2454 1932 2484 De

149 2519 254 2561 modo,
280 2529 341 2560 quo
368 2520 452 2560 apud
479 2521 602 2550 Arabes
629 2521 742 2550 mortui
769 2522 894 2552 nuntius
921 2521 1142 2562 divulgabatur
1170 2522 1268 2551 cous.
1293 2522 1324 2550 P.
1340 2518 1664 2559 1725⁸.P.2.8.48.
1692 2518 1831 2547 Verbum
1857 2512 1932 2556 ὁρῶ·

150 2588 169 2609 a
195 2580 320 2610 nornine
345 2577 406 2622 325.
433 2580 605 2611 daemon
632 2580 810 2612 derivatum
837 2583 983 2623 videtur3
1021 2583 1227 2613 daemonibus
1264 2582 1345 2611 enim
1379 2582 1536 2621 proprium
1572 2586 1641 2610 erat
1675 2580 1785 2610 varias
1813 2578 1930 2608 formas

149 2639 278 2671 iuduere
290 2641 390 2681 (conf.
405 2642 492 2673 Caab
504 2643 533 2673 b.
543 2643 666 2674 Sohair.
680 2653 711 2673 v.
722 2643 785 2684 8.).
812 2644 887 2675 Vox
901 2643 964 2689 jod-5
978 2653 1087 2676 casum
1102 2644 1320 2674 accusativum
1335 2643 1480 2685 obtinuit,
1497 2642 1649 2682 siquidem
1667 2650 1791 2672 causam
1805 2640 1930 2671 indicat.
