2155 2892
896 130 1165 161 -416-

140 234 195 264 27.
237 233 422 262 splemoriom
451 231 606 266 vestram,
633 239 676 258 ez·
702 239 761 268 quo
789 232 925 267 tempore
953 229 1037 258 vobis
1067 238 1130 257 non
1150 228 1291 265 occurri,
1323 235 1423 265 neque
1444 229 1506 255 vita
1529 226 1656 261 delevit,
1687 235 1766 264 quae
1787 226 1864 254 milei
1883 226 1918 254 ob

527 286 662 312 vestram
683 283 855 311 absentiam
878 283 989 311 solatio
1010 285 1087 317 erat,
1109 291 1210 320 neque
1231 285 1351 318 tempus
1373 283 1534 318 antiquum

235 354 432 394 Sequuntur,
456 362 536 392 quae
564 356 656 391 poeta
683 352 883 382 iureiurando
910 351 1095 382 confirmare
1121 351 1200 381 vult.
1231 350 1357 389 Duplex
1386 359 1485 380 causa
1513 359 1585 379 esse
1613 351 1708 389 solet,
1736 360 1792 380 cur
1823 350 1915 382 homo

139 426 242 447 rerum
271 415 511 456 praeteritarum
540 414 764 455 obliviscatur3
792 418 846 443 aut
872 413 1005 443 iucunda
1032 414 1114 451 vita,
1140 423 1200 452 qua
1226 413 1407 453 praesentia
1435 422 1493 442 nos
1521 413 1660 443 delectat
1685 418 1739 443 aut
1766 415 1918 452 temporis

138 478 278 518 spatium
307 478 447 519 longum.
500 476 670 516 Utriusque
697 476 741 505 rei
768 481 863 515 poeta
891 475 1076 505 mentionem
1105 474 1191 505 feeit.
1228 474 1427 505 Scholiastes
1455 474 1539 515 dicit,
1560 476 1819 514 propositionem,
1836 484 1918 514 quae

138 540 342 571 iureiurando
370 540 543 570 affirmetur
570 537 687 582 (conf.
718 538 824 569 Gram.
854 539 910 568 Ar.
937 539 973 567 Τ.
1004 538 1043 578 11,
1071 537 1185 578 612),
1212 536 1346 576 negandi
1377 537 1550 575 particulas
1568 535 1636 566 sin
1667 546 1700 566 re
1729 537 1834 566 futura
1849 534 1921 566 etl.-

138 604 167 633 in
193 613 227 633 re
253 603 425 642 praeterita
451 602 568 632 habere
598 605 628 631 et
654 606 780 640 poetam
807 600 930 629 nonnisi
955 605 1055 629 metro
1083 604 1227 629 coactum
1255 598 1439 638 particulam
1471 595 1502 643 μ
1534 598 1726 629 adhibuisse.
1756 598 1919 628 Posterior

139 664 249 695 scholii
277 674 351 703 pars
379 663 418 693 ad
445 673 572 694 versum
600 662 741 702 proxime
769 667 955 700 sequentem
983 665 1120 700 spectat.

140 772 197 801 28.
241 772 352 809 Neque
372 772 479 808 puella
499 775 607 809 postea
629 774 661 800 ιή
684 774 786 800 animo
807 782 872 800 meo
894 775 995 800 tecum
1017 773 1196 799 consociata
1215 773 1287 809 fue'l,
1300 780 1370 805 non,
1385 780 1442 807 per
1465 781 1544 807 eum,
1566 773 1618 800 cui
1639 772 1784 810 beneficia
1805 771 1917 800 debeo!

237 841 282 871 Se
309 840 486 870 Rowaikae
523 841 614 870 unice
641 840 780 871 deditum
809 841 912 871 fuisse
938 851 1041 880 neque
1069 841 1108 871 de
1134 841 1233 870 altera
1259 840 1362 879 puella
1389 840 1554 881 cogitasse
1582 839 1666 869 dicit.
1717 839 1918 870 Scholiastes

138 903 232 943 dicit,
270 903 311 932 nil
348 903 493 940 obstare,
529 903 601 942 quin
638 912 755 932 versus
789 904 873 942 prior
905 913 978 942 pars
1014 905 1186 942 propositio
1215 913 1416 943 consequens
1445 903 1645 933 iurisiurandi
1673 904 1838 942 sequentis
1864 903 1918 942 sit,

138 965 251 1005 quippe
278 967 338 995 iste
367 965 510 1004 loquendi
537 965 612 995 ordo
640 965 788 995 inversus
815 965 967 995 interdum
995 968 1176 997 inveniatur
1202 972 1234 997 et
1266 967 1363 997 verba
1389 966 1527 1011 2552&
1547 963 1593 1010 ρΣ,
1622 976 1674 996 res
1703 976 1816 1006 novaS‚
1839 975 1916 1005 quas

139 1033 262 1068 narret,
298 1028 491 1059 contineant.
544 1028 577 1056 In
605 1029 760 1057 Mersukii
795 1028 907 1058 codice
931 1025 1070 1075 2:523&
1097 1029 1231 1070 legitur,
1260 1030 1313 1068 qui
1340 1028 1468 1070 legendi
1495 1029 1618 1067 modus,
1648 1029 1746 1059 verbo
1774 1029 1917 1059 subiecto

136 1099 193 1120 suo
220 1092 411 1130 praemisso,
439 1090 513 1120 ferri
543 1095 660 1129 potest.
715 1090 775 1120 Per
801 1091 904 1120 Deum
932 1091 1020 1121 iurat.

136 1188 193 1217 29.
238 1187 370 1224 Quando
393 1189 435 1216 od
455 1188 555 1217 Iocum
579 1187 770 1223 Alschalcra,
795 1190 868 1217 dum
890 1190 933 1217 ad
953 1190 1033 1217 riam
1060 1197 1229 1218 areum-um
1252 1190 1379 1226 deflecto
1403 1199 1473 1218 cum
1496 1198 1572 1227 equo
1595 1189 1705 1224 alacri,
1730 1190 1822 1217 cuius
1843 1197 1917 1217 earo

837 1253 948 1271 crassa
969 1247 1024 1277 est,
1050 1243 1219 1272 transibo?

236 1311 282 1340 Se
308 1311 338 1340 in
366 1311 497 1350 patriam
524 1312 686 1353 regionem
716 1321 790 1342 mox
817 1312 990 1342 rediturum
1019 1322 1094 1342 esse
1122 1312 1279 1352 dubitans,
1296 1312 1421 1352 quando
1450 1322 1501 1342 res
1530 1312 1632 1343 sutura
1658 1312 1712 1350 sit,
1739 1312 1918 1354 interrogat

136 1377 166 1404 et
191 1373 429 1414 interrogant10‚
456 1383 536 1412 quae
563 1379 663 1413 optat,
691 1374 854 1413 patefacit.
908 1375 993 1404 Loco
1023 1376 1111 1405 vocis
1137 1380 1207 1421 &2210
1234 1375 1264 1404 in
1291 1375 1473 1414 quibusdam
1501 1376 1736 1415 exemplaribus
1763 1381 1849 1422 62>
1868 1378 1916 1406 le..

135 1437 228 1478 gitur.
271 1437 473 1467 Scholiastes
500 1438 581 1467 hane
606 1437 791 1476 particulam
819 1446 886 1467 cum
914 1436 1113 1467 iureiurando
1140 1437 1252 1475 prioris
1280 1446 1397 1466 versus
1425 1437 1595 1466 cohaerere
1622 1437 1708 1475 dixit,
1735 1442 1770 1467 ut
1796 1447 1914 1467 sensus

134 1499 177 1528 sit
203 1509 259 1538 per
288 1509 368 1535 eum,
398 1499 444 1528 cui
474 1498 555 1538 apud
581 1508 632 1528 me
659 1500 783 1539 gratiae
810 1503 894 1536 sunt,
917 1503 958 1528 ut
985 1503 1040 1528 aut
1066 1499 1201 1528 donec
1230 1503 1389 1529 transeam
1417 1503 1476 1529 etc.
1531 1500 1709 1541 Particulae
1736 1506 1808 1541 51>
1835 1500 1914 1530 duas

134 1561 387 1601 significationes
422 1570 517 1599 esse,
554 1570 643 1590 unam
685 1564 743 1600 ut,
778 1561 910 1591 alteram
945 1561 1087 1590 donec.
1147 1561 1322 1601 Utramque
1354 1561 1542 1591 scholiastes
1570 1562 1721 1601 exemplis
1758 1562 1914 1601 probavit.

135 1621 372 1653 Grammaticus
402 1623 580 1663 Alazmffih,
607 1632 687 1652 voce
713 1621 830 1669 2⁵5ffl5
856 1633 970 1663 equum
999 1630 1113 1663 poetae
1142 1623 1303 1664 designari
1337 1627 1447 1652 auctor
1473 1628 1534 1653 est.
1588 1623 1725 1652 Plurium
1753 1623 1917 1653 excelleu-

135 1687 209 1714 tium
236 1694 397 1726 equorum,
426 1695 557 1725 quorum
585 1686 669 1715 color
695 1695 777 1715 voce
804 1689 929 1726 proprie
956 1686 1151 1725 designatur,
1168 1694 1279 1713 nomeu
1310 1683 1411 1713 fuisse
1432 1685 1460 1713 in
1485 1685 1617 1714 Kamusi
1647 1695 1744 1724 opere
1771 1685 1913 1725 legimus.

133 1747 320 1776 Mersukius
350 1747 439 1785 dixit,
457 1757 556 1777 voces
573 1745 687 1790 ¹³:³²4*ss
706 1748 758 1786 gx:
784 1750 879 1777 statui
908 1758 1064 1787 personae
1092 1747 1300 1778 describendo
1328 1747 1496 1788 inservire,
1526 1753 1559 1777 ut
1586 1749 1649 1779 sint
1678 1758 1731 1787 pro
1760 1750 1811 1787 &a
1839 1745 1913 1792 tm)

132 1806 255 1853 xtdjxkll.
308 1809 400 1847 Quae
426 1820 478 1839 res
508 1810 706 1849 potissimum
734 1819 832 1839 causa
860 1809 960 1839 fuisse
987 1809 1131 1852 videtur,
1172 1820 1226 1841 cur
1253 1820 1333 1840 voce
1363 1820 1477 1848 equum
1504 1811 1676 1852 significari
1711 1811 1914 1850 putaverint3

134 1875 271 1901 attamen
292 1882 369 1901 vero
396 1873 423 1901 si
452 1872 520 1902 eius
554 1872 631 1901 ratio
660 1872 812 1911 habetur,
852 1871 934 1911 quod
969 1874 998 1901 in
1028 1874 1205 1910 posteriore
1233 1875 1376 1904 eiusdem
1405 1884 1523 1904 versus
1552 1879 1640 1913 parte
1668 1874 1813 1903 eiusdem
1841 1875 1913 1914 equi

133 1934 194 1962 alia
221 1943 302 1963 voce
329 1934 464 1963 adbibita
492 1935 607 1963 mentio
636 1933 670 1962 fit
697 1937 726 1963 et
752 1933 835 1972 quod
863 1934 991 1963 verbum
1010 1946 1046 1977 f’
1063 1944 1122 1974 ope
1149 1937 1395 1976 praepositionis
1425 1939 1476 1977 gne:
1497 1946 1564 1966 cum
1596 1946 1732 1975 persona
1752 1941 1805 1966 aut
1832 1937 1912 1976 loco,

134 1994 172 2024 ad
199 2004 291 2034 quem
318 1997 479 2034 transitur,
508 1996 719 2036 coniungitur,
747 1996 776 2025 in
803 2006 899 2026 versu
927 2006 1007 2026 voce
1037 1998 1098 2027 ista
1125 1998 1227 2027 locum
1249 1998 1434 2039 significari,
1452 1999 1483 2027 in
1512 2003 1647 2028 mentem
1673 1998 1770 2027 venit.
1802 1998 1914 2028 Plures

133 2056 221 2085 locos
249 2056 308 2085 hoc
335 2066 447 2085 nomen
473 2057 601 2094 habere,
628 2058 657 2086 in
684 2057 824 2086 Kamuso
854 2057 996 2097 legimus.
1048 2059 1151 2089 Huius
1181 2060 1225 2089 rei
1252 2061 1280 2089 in
1307 2060 1438 2090 scholiis
1465 2061 1631 2099 sequentis
1657 2070 1773 2090 versus
1796 2061 1912 2090 mentio

134 2117 179 2147 fit.
207 2118 268 2147 Alii
296 2118 412 2158 dicunt,
440 2128 552 2148 vocem
579 2128 689 2148 nomen
716 2120 855 2160 regionis
883 2121 990 2161 gentis
1018 2120 1096 2151 Ohcl
1124 2132 1199 2151 esse
1228 2122 1338 2161 palmis
1366 2123 1497 2161 obsitae,
1530 2123 1581 2152 alii
1604 2123 1713 2152 collem
1740 2121 1911 2163 significari

134 2179 334 2209 contendunt.
389 2179 462 2210 Vox
490 2177 606 2209 [ΔΝΜ
631 2182 730 2211 statui
754 2183 892 2212 subiecti
920 2183 1128 2212 describendo
1155 2183 1297 2213 inservit.
1327 2184 1374 2213 De
1401 2185 1492 2214 vocis
1513 2197 1558 2232 με)
1574 2184 1806 2225 significatione
1828 2183 1910 2213 lexi-

134 2241 288 2282 cographi
315 2241 396 2271 haud
423 2243 640 2281 eonsentiuut3
669 2244 737 2272 aliis
765 2253 887 2274 carnem
914 2246 944 2274 in
971 2245 1110 2284 pluribus
1138 2244 1286 2274 membris
1314 2254 1374 2275 non
1404 2255 1465 2275 uno
1493 2247 1562 2276 loeo
1590 2251 1828 2287 congregatam,
1843 2245 1913 2275 aliis

133 2301 260 2331 multam
289 2311 494 2343 crassamque
524 2313 652 2333 carnem
681 2303 837 2345 designat.
874 2306 984 2336 Voces
1012 2319 1058 2354 „³9-
1086 2296 1138 2352 ’.ὲ
1165 2310 1335 2337 occurrunt
1362 2307 1454 2338 Ham.
1482 2317 1511 2347 p.
1538 2309 1585 2338 ‘lot‘
1614 2308 1645 2343 1,
1678 2307 1730 2338 to.

133 2413 193 2442 30.
237 2414 281 2443 Et
303 2415 345 2442 ad
364 2414 465 2443 locum
488 2413 686 2451 Alacasclam,
711 2426 728 2444 e
750 2426 811 2454 quo
832 2426 868 2444 ea
890 2417 952 2444 ium
975 2418 1056 2444 exiit
1075 2419 1105 2443 et
1126 2417 1178 2444 cm'
1198 2425 1241 2444 ea:
1261 2417 1320 2444 viis
1344 2419 1511 2453 montanis,
1527 2425 1606 2455 quas
1627 2416 1693 2444 odio
1718 2423 1779 2443 non
1803 2416 1908 2451 habeo,

778 2471 866 2498 locus
894 2470 1002 2498 Tsurm
1031 2472 1191 2506 oppositus
1221 2470 1292 2498 est?

229 2536 341 2564 Animo
368 2545 405 2565 se
421 2536 450 2565 in
467 2537 517 2566 illa
539 2538 670 2578 regione
697 2544 898 2578 praesentem
926 2540 1073 2578 cogitans
1100 2537 1239 2577 pluribus
1257 2547 1322 2568 eam
1339 2538 1498 2569 describit.
1528 2540 1616 2568 Duos
1632 2537 1732 2579 locos,
1753 2538 1910 2569 Waschm

136 2601 167 2625 et
192 2597 316 2635 Tuum,
345 2600 542 2628 memoravit.
588 2600 747 2630 W’ascllm
774 2611 883 2630 nomeu
912 2601 1051 2641 regionis
1080 2601 1159 2630 iufra
1184 2601 1359 2631 Jemamam
1387 2601 1496 2640 palmis
1522 2601 1675 2630 consitam
1699 2610 1773 2630 esse
1792 2601 1911 2638 dicunt,
