2155 2892
889 160 1153 190 —227—

135 254 216 293 Quid
243 265 310 286 eam
337 263 445 288 contra
479 268 528 288 me
557 258 697 288 excitare
738 259 867 288 voluisti
879 257 895 288 't'
939 261 1016 290 Post
1053 260 1224 289 Otmmrum
1253 261 1416 290 Alsobairo
1458 262 1485 291 b.
1515 260 1713 292 Atahwwam
1746 261 1773 301 ’,Ι
1814 269 1910 303 nupta

134 317 204 358 fuit,
224 328 327 358 quem,
342 329 435 358 quum
463 323 588 350 occisus
617 325 716 359 esset,
735 322 943 359 sequentibus
972 323 1120 352 versibus
1149 323 1325 362 deploravit
1353 327 1460 359 (metr.
1480 325 1626 363 Comen:
1660 326 1687 355 A
1700 327 1718 355 b
1731 336 1748 356 u
1762 327 1911 366 -Djor-

134 391 219 411 mus
265 382 419 420 (silius
461 382 560 422 pulli
600 382 702 421 lupi)
742 382 812 412 die
848 393 927 414 occ
944 394 1076 414 ursus
1116 394 1228 425 erga
1272 396 1323 425 eq
1342 386 1482 415 uitem
1526 397 1669 418 exerc
1689 389 1804 427 itus,
1840 390 1908 428 qui

135 444 269 486 fugae
305 455 353 476 se
391 455 471 475 non
506 445 655 483 dabat,
684 446 844 484 pet-fid
862 456 878 475 e
917 448 987 486 egi
1005 455 1024 478 t.
1080 447 1106 476 0
1128 447 1324 478 Ahmrue!
1367 449 1515 477 sicum
1545 458 1790 487 vocasses,
1819 460 1911 490 pro-

134 507 285 538 fecto!
315 518 409 538 eum
438 508 551 538 haud
581 509 914 539 inconstantem
943 510 1065 540 corde
1093 521 1110 540 a
1127 516 1166 539 nt
1187 521 1274 540 man
1291 521 1307 540 u
1338 511 1628 549 trepidantem
1653 513 1909 546 invenisses.

134 570 344 600 Materte
364 572 591 610 privetur,
620 571 725 611 qnod
756 572 1121 602 Mobmmedanum
1166 573 1415 611 occidisti3
1453 574 1492 602 in
1536 579 1579 603 te
1607 575 1679 604 eiu
1698 585 1714 604 s
1751 586 1909 614 poena,

134 641 152 670 q
164 641 182 661 u
198 632 206 660 i
231 641 248 661 e
261 641 280 661 x
308 642 326 671 p
339 642 352 661 r
368 642 449 671 opo
463 634 554 662 sito
584 644 600 663 a
615 644 636 673 g
648 635 654 664 i
668 640 677 663 t
692 658 699 671 ,
728 644 748 663 v
764 644 781 663 e
796 644 814 663 n
832 637 838 664 i
855 644 871 664 a
886 640 895 663 t
914 633 919 664 !
960 634 1060 672 Quam
1088 644 1180 674 quum
1210 640 1279 674 post
1305 636 1404 665 mariti
1440 643 1568 665 mortem
1599 637 1711 666 Atilius
1746 638 1774 666 in
1803 639 1911 668 matri-

133 694 267 723 monium
296 700 430 733 peteret,
457 696 553 726 dixit:
582 697 662 727 Eum
691 699 814 728 unicum
842 699 870 727 in
896 696 1068 727 lslamismo
1096 707 1182 736 esse,
1211 697 1261 727 cui
1288 697 1417 727 nuberet
1445 703 1476 727 et
1503 698 1571 728 eius
1599 707 1700 728 causa
1719 708 1738 728 a
1763 709 1800 728 se
1828 700 1911 729 occi-

132 755 234 786 denda
255 757 415 787 abstinere
444 758 533 789 dixit.

901 868 1147 901 CXXXI!-

561 933 744 969 Mutton-
766 944 791 968 e
815 937 958 976 gente
981 933 1107 968 Thai
1132 933 1341 967 oriunda
1364 934 1500 968 dixit.

133 999 158 1027 1.
183 998 355 1029 calamitas
377 1003 590 1039 moesh'liaque
612 1003 654 1030 ml
673 1003 796 1030 oculum
820 1013 919 1031 meum
943 1006 1035 1030 not-lu
1055 1004 1198 1038 pert-eni!
1219 1005 1248 1030 et
1277 1004 1309 1030 in
1332 1005 1451 1038 mn‘ma,
1485 1006 1575 1033 cuius
1603 1015 1656 1033 re·
1680 1001 1751 1045 (Ι).
1778 1002 1911 1046 191.)

667 1057 750 1085 dilus
771 1057 899 1085 mullum
926 1060 1063 1085 remotus
1085 1059 1164 1093 erut,
1188 1066 1272 1092 spem
1293 1058 1393 1092 posui.

227 1124 351 1154 Poetria
377 1129 495 1154 statum
526 1126 751 1155 incertitudinis
780 1131 812 1156 et
839 1135 1036 1165 moerorem,
1064 1136 1124 1164 quo
1152 1136 1278 1165 semper
1317 1126 1442 1155 adfecta
1469 1125 1586 1161 fuerit,
1625 1126 1781 1165 simulque
1807 1136 1910 1165 spem,

130 1196 218 1226 quam
245 1187 411 1229 habuerit,
438 1187 597 1217 describit.
653 1188 757 1218 Verbo
786 1184 854 1227 7·le
882 1197 940 1217 usa
964 1197 1037 1218 esse
1064 1189 1208 1226 videtur,
1251 1192 1283 1218 ut
1317 1193 1435 1218 statum
1464 1190 1641 1218 continuum
1685 1198 1760 1218 esse
1785 1188 1911 1229 signifi-

131 1253 228 1288 caret,
254 1258 324 1278 nam
342 1249 470 1278 verbum
490 1249 529 1278 de
555 1250 666 1279 itinere
686 1260 740 1289 per
757 1250 835 1279 diem
863 1249 958 1287 tacto,
978 1255 1010 1280 nt
1038 1260 1100 1280 nox
1127 1261 1197 1281 cum
1224 1251 1273 1281 die
1289 1253 1518 1291 coniungatur,
1545 1250 1719 1280 adhibetur.
1749 1251 1797 1280 Ab
1823 1251 1911 1280 Ebu-

130 1310 299 1340 Alahrabio
328 1321 457 1341 versum
495 1312 722 1352 (Xabeghahi)
750 1317 932 1352 sequentem
959 1314 1007 1343 sic
1034 1313 1226 1344 intellectum
1254 1323 1353 1354 esse,
1387 1312 1580 1342 scholiastes
1608 1312 1772 1342 adnotavit
1805 1314 1912 1351 (metr.

130 1373 296 1412 ThawitJ:
335 1372 415 1411 Qui
442 1373 587 1403 sidera
614 1375 857 1414 sequitur,
885 1375 952 1405 die
979 1380 1197 1416 nocteque
1227 1377 1320 1405 iter
1347 1375 1518 1405 faciens
1546 1384 1631 1404 non
1657 1379 1749 1404 est.
1789 1375 1912 1405 Vocem

129 1436 213 1472 ..s-ns
241 1440 347 1464 autem
374 1435 480 1464 morbo
508 1438 559 1464 aut
585 1435 713 1465 tristitia
741 1436 895 1475 quendam
924 1437 1087 1468 adflictum
1114 1436 1407 1477 esse‚significare,
1434 1440 1591 1474 sequente
1618 1435 1817 1466 hemistichia
1835 1445 1912 1475 pro-

131 1494 511 1539 bavit(metr.'l¹hawit):
541 1498 760 1528 Tristitia
785 1499 1045 1540 adfligens
1075 1501 1119 1530 ob
1147 1500 1390 1530 Omaimam
1418 1503 1462 1528 te
1488 1497 1694 1528 adfecit.
1723 1497 1824 1527 Oculo
1851 1507 1911 1527 au-

130 1565 193 1589 tem
231 1560 388 1590 tristitiam
417 1560 540 1596 tribuit,
569 1565 650 1599 qnod
678 1561 754 1591 fletu
781 1562 908 1592 tristitia
932 1562 1161 1591 manifestatur.
1214 1561 1376 1590 Posterior
1406 1569 1480 1599 pars
1507 1569 1624 1588 versus
1651 1561 1746 1589 animi
1781 1560 1829 1590 sui
1862 1559 1911 1588 in-

128 1622 345 1652 certitudinem
374 1621 412 1651 de
440 1627 524 1652 sorte
551 1623 693 1652 absentis
722 1632 887 1662 personae,
917 1628 949 1653 ut
969 1633 1054 1663 spem
1082 1633 1143 1652 non
1169 1623 1330 1661 abiecerit,
1359 1622 1509 1661 explicat.

129 1720 161 1747 2.
186 1718 331 1747 Animam
354 1719 633 1757 meamqm'etabam
654 1729 711 1755 per
733 1730 811 1754 eum,
838 1722 929 1748 cm'us
952 1721 1092 1748 absentia
1112 1721 1235 1749 dubiam
1252 1721 1424 1756 opinionem
1445 1719 1708 1756 praebebateique
1719 1718 1911 1746 mendacium

617 1774 765 1806 dicebam,
791 1775 887 1802 donec
911 1775 1105 1802 mendacium
1126 1775 1325 1812 manifestum
1349 1775 1425 1802 erat.

228 1842 272 1872 Se
297 1852 356 1880 spe
384 1842 519 1871 animum
548 1852 639 1871 suum
667 1852 794 1881 semper
822 1843 978 1879 erexisse,
1007 1842 1106 1872 donec
1133 1842 1170 1872 de
1199 1847 1299 1871 morte
1325 1842 1437 1870 certior
1466 1841 1550 1871 facta
1577 1850 1666 1880 spem
1694 1841 1806 1870 falsam
1834 1849 1910 1869 esse

129 1905 325 1943 cognoverit.
375 1904 499 1933 Statum
527 1913 618 1933 suum
648 1913 738 1942 quem
766 1902 914 1932 describit
941 1913 1097 1942 personae
1125 1910 1187 1941 est,
1220 1913 1300 1943 quae
1328 1903 1538 1932 calamitatem
1567 1903 1738 1932 instantem
1764 1912 1825 1931 non
1853 1901 1913 1931 ad-

129 1975 203 1995 esse
231 1966 328 2005 cupit,
358 1970 391 1995 ut
417 1968 557 1995 nuntium
586 1965 624 1994 de
655 1975 688 1994 re
716 1965 854 1995 adlatum
882 1965 963 1994 haud
990 1975 1100 1994 verum
1127 1974 1202 1994 esse
1227 1965 1321 1994 ducat
1353 1969 1386 1993 et
1413 1965 1473 1994 iam
1509 1964 1640 1994 dubitet.
1694 1963 1854 1994 Suffixum
1881 1966 1911 1993 in

129 2036 210 2057 voce
238 2023 343 2066 t÷÷=ss>5
373 2028 411 2057 ad
443 2037 551 2058 vocem
579 2030 653 2068 ιώ
682 2027 881 2057 referendum
909 2028 1068 2056 obiectum
1095 2027 1254 2067 designat.

127 2124 160 2153 3.
184 2124 254 2152 Heu
263 2123 313 2151 le!
324 2133 340 2151 o
351 2123 644 2153 Ebu-Aeasclmdde
656 2124 669 2152 .'
677 2127 803 2161 propter
816 2127 986 2153 strenuum.
999 2125 1090 2151 cm'us
1104 2124 1305 2161 confossione
1317 2125 1399 2152 ictus
1409 2123 1518 2151 heroes
1532 2125 1563 2151 in
1574 2124 1685 2161 fugam
1703 2125 1911 2152 coniecerunt.

229 2193 297 2222 virt
327 2191 548 2229 fortitudinem,
576 2194 605 2222 in
632 2194 719 2223 cuius
740 2193 840 2222 tutela
861 2202 939 2233 gens
964 2192 1068 2228 suerit,
1085 2191 1216 2221 laudans
1242 2197 1396 2221 mortuum
1421 2192 1573 2231 deplorat.
1601 2193 1675 2222 Vox
1701 2189 1809 2238 6⁵43,
1831 2201 1911 2231 quae

130 2254 218 2284 vario
255 2253 346 2283 modo
380 2253 556 2292 explicatur
590 2252 724 2297 (conf.
761 2255 853 2284 llam.
882 2265 910 2294 p.
937 2255 989 2295 Η),
1023 2254 1082 2283 bot:
1109 2255 1138 2284 iu
1166 2265 1263 2285 versu
1290 2255 1413 2285 dolendi
1439 2265 1570 2285 sensum
1607 2255 1708 2285 offert.
1760 2255 1793 2283 ln
1821 2255 1911 2283 Mer-

130 2317 211 2347 sukii
237 2316 345 2346 codice
372 2315 486 2360 &ig-lh,
513 2325 610 2346 sensu
637 2316 719 2346 baud
747 2322 877 2356 mutato,
905 2317 1025 2356 legitur.
1052 2316 1251 2346 scholiastes
1279 2316 1460 2354 adnotavit,
1489 2326 1599 2346 vocem
1626 2319 1713 2355 Q.
1740 2325 1821 2354 quae
1849 2319 1909 2344 tam

130 2388 220 2409 unam
247 2388 340 2417 quam
371 2378 478 2416 plures
511 2386 662 2416 personas
690 2378 871 2419 significare
897 2378 1016 2417 possit,
1045 2378 1082 2407 ob
1108 2378 1269 2417 sequentis
1310 2388 1428 2407 versus
1466 2379 1564 2408 verba
1603 2378 1640 2415 (i.
1669 2388 1696 2407 e.
1725 2377 1764 2405 ob
1800 2385 1908 2405 vocem

129 2438 202 2479 κρῖ)
231 2440 269 2470 ad
298 2448 389 2469 unam
418 2438 611 2468 referendam
639 2448 722 2469 esse.
757 2440 791 2469 ln
818 2440 930 2479 prioris
957 2449 1073 2469 versus
1100 2440 1219 2469 suffixo
1249 2440 1418 2469 verborum
1447 2438 1557 2483 lytlan,
1588 2435 1680 2471 ω
1707 2439 1830 2468 nonnisi
1857 2439 1910 2468 lit-

129 2507 264 2533 terarum
293 2502 382 2532 vocis
411 2505 478 2540 ϊ-...μ
507 2501 657 2530 rationem
694 2500 831 2531 habitam
873 2510 957 2531 esse.
1010 2501 1076 2531 Sed
1110 2511 1182 2532 cnm
1221 2501 1281 2531 hoc
1319 2501 1494 2540 explicandi
1529 2502 1619 2532 modo
1653 2502 1908 2532 consentiendum

148 2585 175 2611 l)
194 2586 258 2608 Cum
279 2585 395 2607 Ahmruo
413 2586 437 2607 b.
456 2585 541 2607 Atahz
559 2590 629 2607 ann«)
640 2584 676 2606 20
687 2586 837 2614 Aegyptum
848 2585 873 2607 in
885 2589 1042 2614 potestatem
1050 2585 1328 2608 Monammedanorum
1341 2584 1447 2613 redegit.
1467 2585 1611 2608 otusmauo
1622 2584 1713 2607 occiso
1733 2585 1841 2613 primum
1854 2585 1908 2607 Ah<

198 2631 234 2655 lio
247 2639 275 2654 se
282 2631 395 2661 addixi13
406 2635 465 2662 post
473 2635 561 2654 autem
573 2630 645 2654 fidem
657 2630 754 2653 seretttt
761 2634 786 2653 et
799 2630 883 2654 victus
894 2630 1023 2654 Medinam
1035 2631 1111 2660 fugit.
1126 2631 1154 2652 tn
1165 2629 1208 2652 via
1219 2628 1372 2658 occisusffest
1385 2628 1473 2653 Abutc.
1487 2631 1582 2660 Anus,
1590 2636 1614 2660 p.
1624 2629 1834 2660 244‚280‚294,
1845 2630 1907 2653 298.
