2155 2892
709 427 929 470 CAPUT
961 424 1328 468 SEP'HMUM.

534 532 783 589 Caput
832 528 1498 585 descriptionum.

997 650 1035 681 ι.
1704 650 1767 692 (ρ.
1793 649 1917 693 vsa.)

696 726 927 762 Afllna‘iilnts
952 728 1188 761 llanefita
1211 727 1349 761 «lixit.

221 819 500 860 Abu-Rijascbus
528 827 599 847 eum
628 815 724 845 fllium
758 814 902 844 Horaitsi
928 813 957 842 b.
987 813 1095 852 Djabir
1124 817 1182 842 etc.
1212 813 1376 851 appellans
1405 821 1508 852 genus
1537 821 1638 850 usque
1665 813 1703 842 ad
1732 814 1920 846 Hanifahum

124 886 153 915 b.
184 884 330 923 Lodjaim
360 882 398 912 ad
427 884 554 921 gentem
583 879 664 908 Becr
692 879 720 908 b.
749 877 860 916 XVajel
887 877 1097 914 pertinentem
1126 875 1256 905 deduxit
1285 874 1407 913 (conf.
1440 874 1659 904 Ebn-Kotaib.
1688 885 1717 914 p.
1750 876 1857 916 124).

125 982 151 1011 1.
198 981 326 1017 Quoties
350 979 486 1013 meridie,
501 978 592 1005 cuius
615 978 725 1004 ventus
737 974 882 1012 fert-idus
902 974 970 1001 eius
982 972 1134 1000 dorcades
1151 971 1307 1008 coquebat,
1328 971 1478 999 camelam
1502 972 1635 1000 velocem
1659 974 1734 1000 cosi
1753 976 1783 1002 et
1804 976 1919 1003 assant.

241 1051 305 1078 Iter
336 1047 477 1078 meridiei
512 1050 656 1084 tempore
684 1043 899 1073 fervidissimo
928 1041 1091 1071 describit.
1145 1040 1188 1069 Ut
1216 1049 1374 1069 Summum
1403 1045 1528 1069 aestum
1559 1040 1722 1082 designet,
1751 1041 1921 1083 dorcades,

125 1122 206 1151 quae
236 1111 374 1141 calorem
403 1108 512 1139 melius
540 1108 624 1137 ferre
651 1109 795 1145 possunt,
812 1110 909 1134 vento
937 1103 1059 1134 fervido
1087 1102 1178 1140 coqui
1207 1101 1295 1133 dixit.
1324 1103 1378 1131 Nil
1398 1103 1509 1132 mirum
1531 1103 1640 1144 igitur,
1657 1103 1739 1142 quod
1767 1105 1919 1135 camelam

125 1176 218 1214 coqui
246 1179 279 1203 et
306 1172 405 1202 assari
435 1170 560 1201 dixerit.
613 1170 679 1199 Sed
708 1178 803 1208 quum
832 1177 924 1197 unum
952 1166 1082 1195 verbum
1110 1164 1286 1205 sufficeret>
1315 1168 1408 1203 poeta
1436 1164 1516 1195 baud
1542 1165 1622 1194 bene
1648 1165 1710 1195 duo
1738 1166 1923 1197 adhibuisse

126 1235 262 1265 videtur.
328 1234 409 1264 Voci
445 1230 548 1279 8s>l9³
585 1230 735 1261 merediei
773 1230 1039 1270 significationem
1076 1228 1180 1257 datam
1217 1237 1291 1257 esse
1328 1227 1457 1265 volunt,
1486 1227 1571 1267 quod
1599 1228 1661 1257 isto
1690 1233 1834 1268 tempore
1861 1229 1922 1259 iter

126 1299 332 1337 relinquatur.
386 1298 419 1325 In
447 1295 558 1325 scholii
587 1296 668 1324 linea
695 1294 794 1333 prima
821 1293 932 1322 melius
960 1292 989 1321 in
1017 1290 1175 1320 Mersukii
1203 1290 1314 1319 codice
1341 1290 1388 1319 sic
1415 1290 1552 1330 legitur:
1575 1296 1670 1333 5542
1696 1284 1790 1329 &AB
1819 1288 1922 1332 &ji

129 1357 153 1389 a]
178 1357 275 1404 52»st-
331 1359 421 1389 Voce
443 1355 548 1402 Xa'lfoe,
576 1366 656 1395 quae
685 1356 836 1385 camelam
861 1364 981 1396 onagro
1009 1355 1144 1384 similem
1172 1352 1343 1393 designat,
1371 1361 1449 1382 usus
1477 1357 1547 1390 est,
1588 1352 1669 1391 quod
1697 1352 1769 1382 talis
1803 1353 1925 1384 camela

129 1422 171 1453 illi
198 1422 300 1452 itineri
327 1421 494 1461 aptissima
521 1424 602 1452 erat.

129 1522 160 1549 2.
206 1520 358 1549 Diductos
376 1518 472 1555 pedes
495 1517 668 1549 habentem,
693 1516 808 1553 amplis
830 1515 981 1544 laleribus
1002 1515 1186 1551 praeditam,
1211 1514 1494 1547 Hatlhramilicam,
1509 1514 1599 1550 firmo
1615 1512 1707 1540 dorso
1723 1513 1922 1547 instructum,

588 1580 682 1608 quum
710 1580 727 1598 e
749 1570 848 1598 medio
871 1569 1060 1598 camelorum
1084 1567 1352 1596 Malaariticormn
1374 1567 1463 1603 eleyi.

234 1642 395 1672 Camelam
423 1640 634 1670 excellentem
663 1639 776 1679 fuisse,
804 1639 1019 1677 descriptione
1049 1638 1171 1677 probat.
1233 1637 1307 1666 Vox
1334 1639 1436 1677 κεῖ-,ἕω
1470 1635 1620 1666 camelam
1649 1635 1809 1676 designat,
1836 1635 1925 1666 cuius

136 1705 266 1736 cubitus
294 1704 332 1733 ab
360 1703 455 1732 axilla
484 1702 634 1742 divergit,
662 1701 734 1731 dum
764 1701 863 1740 pedes
891 1701 929 1730 ab
956 1700 1090 1729 invicem
1118 1698 1247 1727 distant.
1309 1698 1396 1727 Talis
1431 1698 1551 1727 camela
1579 1706 1671 1735 quum
1699 1697 1864 1736 friquando
1891 1707 1927 1728 se

132 1777 193 1797 non
227 1766 354 1805 laedat,
393 1764 494 1794 itineri
522 1764 659 1792 maxime
698 1763 811 1792 idonea
838 1766 898 1791 est.
963 1761 1164 1791 Describitur
1192 1768 1317 1800 quoque
1351 1760 1469 1789 Ham.
1496 1758 1548 1787 00¹²
1575 1768 1607 1787 v.
1641 1759 1670 1788 l.
1699 1763 1732 1788 et
1759 1758 1869 1788 Caahb
1897 1760 1925 1789 b.

135 1829 250 1859 Sohair
279 1838 310 1857 v.
333 1828 391 1857 22.
420 1827 564 1863 Camela‚
593 1826 682 1855 cuius
711 1826 813 1855 latera
839 1825 944 1863 ampla
971 1829 1056 1859 sunt,
1086 1824 1214 1853 robusta
1245 1827 1307 1851 est.
1360 1821 1435 1851 Vox
1461 1824 1595 1864 K*”;⁶²>
1624 1829 1642 1850 a
1666 1829 1748 1850 voce
1776 1829 1927 1864 aiffa>

134 1892 307 1921 derivatur.
360 1889 576 1919 Eadm-amant
604 1888 732 1917 inferior
759 1895 831 1926 pars
846 1886 985 1915 Arabiae
1013 1885 1110 1914 felicis
1138 1890 1199 1922 est,
1215 1884 1297 1923 quod
1319 1884 1447 1923 proprie
1473 1893 1588 1913 nomen
1617 1883 1675 1912 loci
1704 1883 1734 1913 iu
1762 1885 1927 1923 regionem

136 1953 322 1983 translatum
352 1956 412 1981 est.
466 1950 653 1979 Mersukius
683 1948 746 1978 vici
774 1949 803 1977 iu
831 1947 928 1987 Syria
955 1948 1006 1977 siti
1037 1957 1169 1988 nomen,
1207 1947 1402 1986 Djeuliarius
1430 1956 1543 1976 nomen
1569 1945 1674 1987 gentis
1702 1953 1828 1984 quoque
1854 1953 1930 1974 esse

136 2018 220 2049 dicit.
273 2017 306 2044 ln
335 2021 445 2044 nostro
480 2014 550 2042 loco
587 2013 625 2042 ob
653 2021 766 2042 vocem
795 2015 980 2050 sequentem
1006 2007 1114 2055 &jugi
1143 2010 1285 2050 regionis
1325 2018 1438 2037 nomen
1466 2016 1541 2037 esse
1570 2013 1657 2047 puto.
1720 2007 1868 2047 Longum
1896 2011 1929 2036 et

135 2080 254 2109 firmum
282 2078 406 2107 dorsum
435 2075 584 2116 generosi
614 2074 725 2104 cameli
750 2079 798 2104 est
825 2075 935 2103 Ham.
970 2073 1019 2102 vfr
1046 2083 1077 2105 v.
1112 2073 1139 2102 1.
1169 2072 1277 2102 Caahb
1314 2073 1340 2101 b.
1369 2071 1485 2101 Sohair
1512 2080 1543 2099 v.
1573 2069 1631 2099 20.
1682 2068 1750 2099 Sed
1779 2068 1810 2097 in
1836 2068 1929 2098 vocis

134 2139 261 2170 &xlma
290 2137 487 2168 definiendae
514 2136 747 2177 significatione
775 2135 966 2174 interpretes
994 2144 1053 2163 non
1074 2135 1286 2164 consentiunt.
1317 2132 1472 2162 Maharah
1499 2133 1530 2162 b.
1550 2131 1654 2161 Hidan
1682 2135 1795 2160 auctor
1823 2129 1929 2170 gentis

137 2210 200 2243 est,
230 2212 248 2232 a
275 2210 338 2240 qua
361 2199 474 2229 cameli
502 2199 652 2239 generosi
681 2206 853 2238 cognomen
877 2202 1081 2235 acceperunt.
1111 2196 1253 2235 Djeuh.
1283 2195 1324 2225 Ut
1344 2196 1492 2234 optimam
1521 2194 1669 2224 camelam
1697 2201 1773 2222 esse
1803 2191 1928 2226 indicet,

138 2265 286 2295 camelam
322 2272 363 2292 ex
396 2270 505 2291 eorum
542 2260 643 2290 medio
684 2261 815 2288 electam
857 2268 930 2288 esse
969 2259 1064 2289 addit.
1131 2259 1259 2288 Sei-iore
1298 2267 1422 2296 quoque
1464 2260 1607 2295 tempore
1650 2254 1739 2295 regio
1776 2251 1930 2283 Maharah

139 2327 268 2358 camelis
296 2325 428 2355 celebris
456 2326 545 2353 erant
571 2322 679 2352 Abulf.
709 2320 833 2361 Geogr.
865 2330 893 2358 p.
922 2324 961 2348 l··.

141 2424 174 2453 3.
200 2423 252 2452 Aa
273 2422 403 2451 celerem
425 2429 555 2449 cursum
578 2428 645 2448 eum
667 2419 804 2451 invilla-i,
820 2425 900 2454 quae
921 2416 1014 2452 ayilis
1037 2419 1114 2450 erat,
1131 2415 1222 2453 lonyo
1245 2415 1337 2443 dorso
1357 2414 1510 2450 praedita,
1528 2412 1641 2448 amplis
1662 2409 1821 2441 lateribus,
1839 2409 1931 2436 cuiue

355 2486 469 2513 glenus,
495 2484 589 2513 quum
614 2474 684 2502 laus
711 2472 900 2501 camelorum
924 2472 1125 2499 candidorum
1148 2472 1366 2501 enmueratnr,
1401 2467 1473 2496 aliis
1493 2466 1682 2504 praefertur.

243 2548 302 2577 lter
333 2546 435 2576 celere
464 2543 649 2573 describens
679 2542 717 2571 ad
747 2540 898 2571 cantelam
926 2538 1166 2569 describendam
1187 2537 1276 2567 redit.
1309 2537 1446 2566 Verbum
1466 2537 1494 2565 in
1522 2533 1617 2564 celeri
1638 2540 1732 2562 cursu
1753 2529 1929 2560 adhibetur.
