2155 2892
929 162 1200 194 —493-

159 277 224 298 vox
250 267 492 299 instrumentum
521 267 683 308 designat,
710 275 771 306 quo
791 267 895 306 lingua
911 266 982 305 pulli
1002 266 1144 296 camelini
1172 264 1389 303 transfoditur,
1413 275 1452 295 ne
1479 266 1614 305 amplius
1634 273 1743 305 sugat.
1774 268 1842 298 lloc
1864 268 1956 298 modo

159 331 187 360 si
216 331 321 370 pullus
349 339 367 360 a
394 336 495 360 matre
522 331 688 366 retinetur,
717 333 815 358 mater
844 328 968 367 pinguis
999 328 1042 358 fit.
1079 328 1185 358 Nemo
1213 337 1273 357 non
1303 329 1400 369 videt,
1429 329 1510 358 lianc
1538 330 1801 366 significationem
1831 331 1955 360 nonnisi

159 403 230 424 cum
259 393 385 435 legendi
415 393 506 423 modo
535 391 622 432 kpzffil
650 392 798 431 coniungi
827 401 934 431 posse,
999 392 1060 421 Alii
1099 391 1234 430 denique
1264 397 1393 431 putant,
1432 402 1512 422 voce
1539 391 1636 421 Πὸῖἱ
1666 393 1781 422 herbas
1811 399 1957 423 resectas

158 457 345 497 significari,
374 466 456 496 quae
484 455 673 496 significatio
703 455 812 484 melius
841 455 913 484 voci
945 453 1031 493 qum
1060 455 1220 483 convenit.
1275 455 1364 484 Alter
1401 464 1524 494 quoque
1564 455 1690 494 legendi
1719 457 1830 486 modus
1859 454 1956 491 5123!

163 520 301 558 exsistit,
329 528 387 558 quo
415 522 612 560 tegumenta,
628 517 740 555 quibus
770 516 877 546 cameli
907 524 1018 548 eontra
1046 517 1176 557 [rigoris
1204 517 1266 546 vim
1295 517 1519 555 defenduntur,
1544 522 1636 557 poeta
1664 518 1869 558 designaret3
1899 517 1956 548 sed

159 589 232 610 esse
261 580 420 610 Arabibus
455 579 690 619 campestribus
725 579 800 608 talia
827 584 1014 620 tegumenta
1044 579 1176 620 usitata,
1204 589 1284 619 quae
1312 582 1342 610 in
1369 580 1500 610 camelis
1528 580 1746 620 adhibeantur,
1777 581 1954 609 veliemen-

160 647 207 673 ter
235 642 352 672 dubito.

158 742 211 771 13.
259 741 335 770 Tum
358 740 471 770 cameli
491 740 614 768 (lomina
642 739 731 768 (Νι-ἰ.-
761 739 846 776 Cape
872 750 939 769 enm
963 745 1090 770 ses-mm
1114 749 1233 769 {annum
1255 744 1399 776 ementem
1421 743 1452 768 e!
1472 740 1528 768 tibi
1547 741 1693 769 debemus
1716 739 1866 768 camelum
1889 749 1950 768 an-

741 804 850 823 nosum
875 798 948 824 lacae
969 792 1203 835 (J›ir1yueclme]
1237 795 1377 824 similem.

257 865 291 894 ln
319 863 382 894 line
420 862 567 894 carminis
602 862 820 893 liberalitatem
855 873 945 894 suam
980 863 1139 903 describit,
1168 874 1205 893 se
1233 873 1293 893 non
1320 864 1423 894 solum
1451 863 1602 894 camelum
1632 868 1801 893 mactatum
1830 862 1954 892 domino

159 927 355 964 restituisse,
382 935 493 955 verum
523 926 618 954 etiam
646 925 777 954 alterum
805 924 888 954 dono
913 924 1084 956 addidisse
1139 926 1343 957 Scholiastes
1371 926 1441 956 voci
1471 925 1542 962 4>
1570 925 1750 966 piguediuis
1785 924 1954 965 signifiea-

159 991 288 1027 tionem,
314 999 394 1029 quae
421 1000 440 1020 e
468 989 703 1031 significatione
733 989 860 1028 pluviae
887 994 919 1019 et
948 989 1124 1028 plantarum
1153 988 1314 1028 prodierit,
1343 988 1460 1017 tribuit.

260 1051 475 1091 Scholiastae,
511 1060 605 1090 quum
633 1052 662 1080 in
691 1053 830 1081 carmine
857 1056 989 1090 satyrae
1017 1050 1102 1080 nulla
1128 1049 1243 1080 indicia
1269 1050 1350 1085 sint,
1382 1049 1676 1079 Abu-Tammamus
1705 1047 1734 1077 id
1761 1047 1885 1076 nonnisi
1913 1046 1952 1074 ol)

158 1123 301 1153 sequens
328 1122 463 1150 carmen,
495 1122 555 1153 quo
584 1113 694 1143 melius
724 1123 843 1143 sensus
870 1113 1109 1153 intelligeretur,
1138 1114 1168 1141 in
1189 1112 1349 1141 Hamasae
1377 1111 1485 1140 librum
1512 1111 1690 1140 inseruisse
1719 1109 1854 1138 videtur.
1893 1108 1954 1138 Cui

159 1173 356 1204 scholiastae
378 1175 555 1204 sententiae
583 1184 643 1204 non
672 1183 804 1214 possum
832 1184 892 1203 non
912 1173 1077 1214 adsentiri,
1097 1176 1212 1213 quippe
1239 1173 1268 1203 in
1295 1182 1393 1203 versu
1423 1172 1529 1210 tertio,
1549 1180 1610 1211 quo
1638 1171 1735 1202 fletus
1763 1170 1952 1200 mentionem

159 1235 246 1276 fecit,
274 1237 432 1277 satyricus
461 1236 608 1275 loquendi
636 1236 748 1266 modus
775 1235 831 1266 vix
856 1236 990 1268 inveniri
1020 1237 1134 1277 possit.

964 1376 1138 1410 xlmv.

188 1458 416 1492 Cha-isar
439 1459 479 1492 b.
502 1458 695 1493 Arkam
721 1468 802 1494 res
826 1459 876 1494 in
899 1459 1118 1494 carmine
1141 1460 1308 1502 priore
1331 1462 1628 1495 memoratas
1651 1458 1919 1501 respiciens

982 1515 1119 1549 «lixit.

278 1585 398 1616 Poetae
430 1595 448 1616 e
483 1591 583 1628 gente
610 1586 695 1616 Badr
724 1587 753 1616 b.
781 1586 904 1617 Rabiah
931 1587 961 1618 b.
992 1586 1203 1617 Ahbd-Allah
1239 1587 1269 1616 b.
1298 1586 1441 1616 Alharits
1469 1586 1497 1615 b.
1526 1585 1659 1616 Nomair
1688 1584 1810 1614 oriundi
1838 1591 1951 1613 nomen

157 1647 281 1677 Allialal
308 1652 368 1678 est.

155 1743 182 1774 1.
226 1742 254 1773 0
273 1753 354 1780 qens
377 1744 530 1775 Katlum!
551 1746 636 1782 Quid
655 1750 714 1786 est,
738 1748 821 1786 quod
841 1757 858 1777 e
878 1746 997 1776 camela
1021 1747 1154 1783 hospitis
1177 1748 1274 1775 vestri
1295 1746 1393 1775 cibum
1415 1747 1565 1779 sumatis,
1589 1745 1662 1774 dum
1684 1746 1751 1773 eius
1773 1742 1852 1772 sella
1872 1750 1950 1779 pro·-

972 1803 1049 1830 iecla
1071 1801 1141 1829 est?

274 1868 402 1909 Agendi
433 1869 577 1910 modum,
605 1879 695 1910 quem
725 1875 821 1910 poeta
848 1873 878 1900 in
906 1871 1010 1910 priore
1037 1870 1176 1900 carmine
1204 1868 1434 1907 descripserat,
1464 1867 1513 1897 hic
1539 1867 1710 1905 vituperat.
1763 1863 1891 1894 Kathan
1918 1863 1947 1892 b.

155 1930 278 1961 Rabiah
305 1940 398 1971 quum
425 1942 508 1974 gens
537 1938 653 1972 poetae
681 1933 803 1972 Alriiih,
831 1933 972 1963 auctoris
1001 1932 1113 1972 prioris
1149 1931 1294 1961 carminis
1322 1935 1429 1967 esset,
1465 1929 1545 1959 hanc
1571 1928 1727 1958 allocutus
1754 1932 1816 1957 est.
1873 1927 1949 1957 Vox

152 2007 228 2048 02²3
259 2006 385 2045 propria
412 2007 499 2047 ligna
526 2008 626 2038 sellae
653 2013 716 2038 tum
744 2009 842 2046 ipsam
871 2007 980 2037 sellam
1009 2006 1170 2046 designat.
1200 2004 1414 2045 Singularem,
1437 2012 1529 2042 quem
1557 2003 1606 2033 alii
1633 2004 1698 2032 od&
1725 2011 1800 2032 esse
1827 2001 1948 2041 dicunt,

154 2069 350 2110 grammatici
386 2069 570 2100 Bazreuses
610 2074 731 2111 negant
767 2075 810 2110 et,
838 2079 930 2109 quum
959 2069 1040 2100 sella
1067 2067 1207 2109 pluribus
1243 2067 1338 2106 lignis
1366 2069 1511 2105 constet,
1539 2063 1712 2106 singularis
1739 2065 1795 2094 vix
1829 2063 1858 2092 in
1886 2071 1944 2092 usu

155 2141 231 2162 esse
259 2137 377 2172 potest.

154 2242 186 2271 2.
232 2240 356 2278 Hospes
378 2250 469 2271 mane
487 2243 619 2280 pedibus
640 2244 810 2279 incedebat,
835 2244 908 2273 dum
931 2253 1042 2272 carnes
1063 2243 1216 2272 dissectae
1238 2240 1388 2275 camelae,
1420 2249 1482 2278 qua
1503 2238 1692 2276 vehebatur,
1736 2246 1833 2274 snper
1852 2236 1944 2273 funi-

761 2299 819 2328 bus
846 2297 1019 2337 Alfalrmae
1039 2306 1214 2334 suspensae
1236 2299 1336 2325 erant.

255 2365 397 2396 Causam
424 2364 523 2403 addit,
552 2374 608 2395 eur
635 2366 696 2397 iste
726 2366 841 2407 agendi
870 2366 980 2396 modus
1008 2367 1243 2405 vituperatione
1262 2364 1376 2404 dignus
1404 2364 1453 2394 sit.
1483 2362 1568 2392 Loco
1594 2360 1765 2390 verborum
1786 2357 1862 2402 ab,
1882 2356 1942 2387 aska·

156 2425 292 2467 legitur:
319 2425 396 2472 ab)
428 2426 500 2467 2³:35,
527 2426 557 2455 in
583 2427 696 2466 quibus
729 2428 837 2458 verbis
874 2428 1059 2458 Mersukius
1086 2437 1216 2457 sensum
1245 2426 1346 2466 videt,
1374 2425 1526 2455 camelam
1554 2423 1623 2452 eius
1651 2421 1764 2461 pedem
1797 2425 1944 2460 portare3

153 2487 212 2517 sed
240 2487 313 2517 mihi
339 2489 469 2528 camela,
499 2497 580 2527 quae
607 2489 636 2519 ei
663 2489 753 2528 pedis
781 2490 852 2520 loeo
879 2494 931 2520 est
958 2489 977 2519 i.
1006 2499 1034 2519 e.
1063 2498 1123 2528 qua
1150 2489 1288 2528 vehitur,
1315 2486 1489 2528 significari
1520 2494 1619 2524 posse
1645 2484 1782 2514 videtur.
1821 2483 1945 2514 Fakma

155 2549 264 2578 uxoris
291 2555 407 2589 poetae
435 2550 544 2580 Airaih
570 2559 749 2591 cognomen
777 2556 848 2591 est,
884 2551 968 2591 quod
1004 2551 1126 2581 ludibrii
1170 2559 1267 2581 causa
1295 2551 1400 2580 datum
1427 2549 1573 2588 videtur;
1604 2546 1764 2588 signifieat
1791 2547 1870 2576 enim
1897 2546 1948 2576 fe-

153 2611 285 2652 minam,
313 2621 393 2651 quae
423 2612 537 2644 dentes
564 2615 748 2653 superiores
778 2613 991 2653 prominentes
1020 2615 1115 2645 habet
1142 2619 1174 2643 et
1202 2612 1274 2643 iude
1301 2612 1511 2643 infortunium.
1572 2612 1655 2642 Huic
1691 2614 1785 2651 poeta
1819 2609 1947 2640 tentorii
