2155 2892
933 125 1105 157 -270
1164 141 1203 148 -

169 227 408 265 flectendi,
446 226 727 258 convertendi
751 226 1020 268 significationem
1047 227 1153 265 habet,
1178 227 1227 256 siu
1255 227 1360 257 vocali
1387 227 1538 257 Dhamma
1571 226 1720 267 effertur,
1766 211 1960 261 laudgndi

169 290 362 332 significatio
391 289 557 320 tribuenda
582 294 645 330 est,
662 295 696 319 ut
722 299 836 319 nomeu
860 278 953 319 ιλιὲῖ
981 289 1115 319 subiecti
1141 290 1244 319 locum
1273 294 1389 320 teneat.
1416 291 1523 321 Verbo
1553 299 1679 331 quoque
1710 292 1832 331 passivi
1858 292 1958 324 torma

169 355 261 384 datur
295 354 314 382 i.
349 363 377 382 e.
411 352 451 382 ad
484 362 555 382 eum
590 353 660 381 laus
688 352 884 381 convertitur
911 357 964 381 aut
990 351 1083 382 laude
1111 353 1226 383 iterata
1252 353 1398 383 laudatur
1423 358 1477 384 aut
1504 353 1637 393 denique
1699 358 1744 391 ala-,4
1770 354 1895 395 legitur,
1922 360 1957 385 ut

1663 378 1698 400 ις

172 426 289 447 sensus
316 416 380 445 sit:
417 416 485 446 laus
522 425 621 455 super
659 425 696 445 eo
725 416 888 454 (tauquam
915 414 1139 456 fundamento)
1168 415 1364 447 aedificatur.
1429 417 1626 448 scholiastes
1664 418 1793 457 primum
1823 420 1958 448 omnium

169 478 297 520 legendi
331 478 456 509 modum
491 478 733 518 praeferendum
768 483 891 508 censet.
944 478 1053 508 Voces
1079 477 1136 523 xij-x·
1161 474 1208 524 Ol»
1242 479 1374 509 duorum
1402 479 1594 511 obiectorum
1620 480 1715 510 verbi·
1737 491 1828 517 ψυμα
1861 481 1959 512 locum

169 547 336 583 occupant.

170 641 202 670 3.
246 641 377 670 Paucae
399 642 501 668 autem
524 649 599 677 opes
621 640 721 667 virum
742 639 901 675 perdunL:
924 637 1092 666 vulnerant
1112 639 1197 666 sicut
1213 637 1381 675 flnqellmn
1405 639 1519 667 durum
1541 639 1697 668 vulnerat.

273 704 385 735 Multis
414 705 526 743 opibus
554 708 773 743 paupertatem
799 703 935 742 opponit.
988 703 1164 741 Paupertas
1192 703 1307 733 homiui
1335 703 1482 734 damnum
1509 704 1601 734 infert
1627 710 1660 736 et
1686 705 1821 746 adfligit.
1873 705 1956 736 Pau-

167 772 325 808 pertatem
353 775 421 796 cum
448 766 577 807 flagello
605 775 689 794 novo
717 765 849 802 confert,
878 765 960 805 quod
986 774 1079 804 quum
1103 767 1169 796 lora
1195 766 1274 796 dura
1299 767 1426 807 habeat,
1454 771 1559 797 cutem
1586 768 1690 798 incidit
1717 769 1866 809 graviora
1881 770 1958 798 vul-

167 841 245 862 nera
271 830 405 860 faciens.
434 829 519 858 Ante
546 837 661 857 vocem
689 823 771 874 {51:23
800 837 913 856 nomen
940 826 1022 868 ἀρ)...
1049 828 1200 859 omissum
1228 834 1279 859 est
1306 834 1339 859 et
1365 839 1430 859 vox
1458 827 1525 876 &⁵⁶
1554 839 1625 860 eam
1651 839 1717 860 rem
1744 831 1870 870 proprie
1899 830 1959 860 de-

168 894 289 934 signat,
317 899 397 930 quae
426 890 563 919 nondum
591 890 621 918 in
652 898 742 919 usum
770 888 909 919 adhibita
937 895 998 920 est.

166 990 198 1018 4.
242 987 372 1018 Gloriae
394 987 473 1016 allos
493 988 616 1024 yrudus
637 983 802 1026 (pauper)
825 987 919 1023 videl,
949 987 1022 1016 dum
1044 998 1096 1017 eos
1120 991 1249 1028 assequi
1280 999 1343 1019 non
1371 992 1474 1025 potest
1495 992 1526 1018 et
1555 991 1589 1018 in
1617 989 1717 1017 media
1747 991 1841 1025 yeme
1876 988 1963 1018 Ιιαιιιὶ

945 1043 1077 1081 loquens
1097 1042 1190 1071 sedet.

168 1105 239 1149 (1)-
263 1105 388 1146 521.)
416 1111 526 1141 Talem
546 1111 661 1151 virum,
688 1121 777 1151 quum
804 1112 938 1142 maxima
964 1112 1066 1153 gloria
1093 1112 1280 1142 liberalitate
1308 1116 1341 1142 et
1367 1112 1586 1152 hospitalitate
1612 1116 1825 1151 comparetur,
1841 1111 1962 1153 gloriae

166 1173 353 1214 participem
389 1172 459 1203 fieri
494 1182 555 1202 non
591 1182 687 1212 posse
715 1178 745 1204 et
775 1175 857 1205 hanc
883 1184 960 1205 esse
981 1184 1131 1213 causam,
1167 1184 1224 1204 cur
1259 1175 1290 1204 in
1316 1175 1421 1205 media
1455 1179 1567 1215 gente,
1608 1183 1701 1214 quum
1738 1183 1776 1203 se
1808 1173 1962 1204 abiectum

165 1236 286 1267 sentiat
309 1241 342 1266 et
368 1235 453 1266 curis
480 1235 655 1275 depressus
682 1237 736 1278 sit⁷
764 1237 849 1276 loqui
875 1247 937 1267 uon
962 1236 1089 1267 audeat.

953 1382 1178 1422 XXXVI,

678 1449 998 1483 Blohammeel
1022 1450 1061 1483 b.
1086 1448 1302 1483 Bascmr
1324 1448 1458 1483 «lixit.

832 1521 899 1559 (De
917 1526 1014 1561 poeta
1041 1521 1144 1552 conf.
1172 1532 1202 1562 p.
1218 1519 1298 1564 l”v‘l).

280 1608 372 1638 Alter
399 1615 451 1639 est
478 1614 574 1649 poeta
602 1609 662 1639 hoc
688 1610 813 1639 nomine
841 1610 1018 1648 appellatus
1047 1608 1226 1648 Rijaschita
1251 1610 1376 1639 Bazrae
1403 1617 1524 1647 quoque
1551 1606 1675 1648 degens
1700 1611 1845 1645 tempore
1872 1604 1963 1635 Ahb-

166 1670 358 1711 basidarum,
385 1670 424 1700 de
452 1680 512 1710 quo
541 1670 689 1704 conferas
717 1674 827 1712 librum
857 1674 1146 1715 Citab-Alaghani.

168 1768 195 1796 1.
239 1766 414 1806 Profecto!
433 1770 518 1806 quod
544 1771 577 1798 in
599 1771 743 1799 nudilale
765 1773 838 1799 lrila
861 1775 945 1800 vesle
967 1772 1097 1800 indatus
1122 1773 1213 1800 vitam
1237 1774 1412 1809 lransiyam
1434 1774 1466 1800 et
1485 1771 1552 1800 loco
1574 1772 1692 1808 copiosi
1710 1769 1851 1798 alimenli
1872 1770 1964 1798 rebus

829 1827 1021 1854 necessariis
1044 1829 1209 1855 contentus
1231 1828 1300 1860 sim,

264 1890 512 1921 Praeferendum
543 1897 653 1922 censet
682 1893 736 1922 vili
763 1893 876 1923 amictu
900 1898 933 1923 et
961 1895 1045 1924 tenui
1071 1897 1159 1925 victu
1186 1896 1281 1926 vitam
1310 1895 1431 1936 degere
1458 1904 1549 1935 quam
1577 1893 1690 1923 vilibus
1720 1891 1876 1922 beneficia
1902 1891 1961 1922 de-

168 1952 253 1981 bere.
289 1952 436 1991 Hujusce
465 1964 584 1984 versus
617 1965 735 1985 sensus
770 1957 894 1986 nonnisi
932 1963 1087 1997 sequente
1114 1958 1260 1988 adiuncto
1288 1957 1449 1997 perfectus
1476 1956 1521 1986 fit.
1573 1955 1717 1986 Vidimus
1743 1959 1869 1994 tempus
1895 1963 1964 1983 cum

166 2013 289 2043 camelo
323 2018 499 2054 comparari
537 2017 645 2047 conf.
683 2019 775 2048 Ham.
807 2020 862 2048 l”v0
889 2029 920 2048 v.
953 2019 981 2049 1.
1011 2025 1043 2050 et
1069 2031 1101 2051 v.
1131 2020 1151 2050 2
1180 2020 1249 2049 infr.
1278 2019 1396 2049 adnott.
1448 2019 1539 2048 Haec
1566 2020 1615 2047 est
1643 2027 1754 2057 causa)
1781 2026 1837 2047 cur
1867 2020 1962 2055 poeta

165 2077 297 2107 verbum
323 2088 405 2123 σῷ)-
435 2078 589 2118 (propulit
624 2080 815 2119 iumentum)
844 2081 1034 2112 adhibuerit.
1095 2081 1254 2111 Particula
1283 2077 1303 2115 ὁ
1331 2080 1361 2109 in
1388 2089 1470 2109 voce
1497 2074 1546 2123 Οἵ
1574 2088 1593 2108 a
1620 2078 1836 2119 grammaticis
1863 2077 1963 2117 parti—

165 2141 237 2171 cula
264 2141 397 2170 subiecti
426 2142 585 2180 appellata
612 2148 674 2181 est,
703 2143 786 2182 quod
814 2144 913 2173 verba
973 2143 1031 2191 >ji
1058 2143 1096 2189 Ol
1119 2145 1219 2175 locum
1246 2144 1361 2174 obiecti
1388 2147 1497 2172 teuent
1532 2142 1633 2176 conf,
1662 2141 1771 2173 Gram.
1799 2141 1855 2171 Ar.
1882 2140 1918 2169 Τ.
1949 2141 1961 2168 Ι

938 2167 971 2189 μς

166 2212 195 2242 p.
225 2202 307 2232 506.
359 2202 561 2233 Scholiastes
588 2214 702 2235 vocem
730 2204 813 2236 φίλε
839 2205 956 2245 duplici
984 2206 1075 2236 modo
1104 2205 1241 2236 derivari
1274 2215 1372 2245 posse
1413 2204 1490 2235 dixit
1524 2209 1578 2234 aut
1615 2205 1653 2234 ab
1689 2202 1900 2241 adhaerendo,
1929 2210 1963 2234 ut

166 2263 268 2293 forma
313 2268 346 2293 et
386 2263 617 2305 significatione
645 2264 818 2306 singularis
851 2274 921 2296 cum
947 2276 1027 2296 voce
1053 2265 1118 2295 aad.»
1146 2268 1315 2297 conveniat
1342 2271 1395 2296 aut
1423 2276 1441 2296 a
1467 2265 1642 2306 pascendo,
1674 2269 1709 2294 ut
1735 2263 1834 2293 format
1860 2262 1963 2304 signi-

166 2325 381 2366 ficationeque
407 2326 481 2356 voci
508 2322 593 2356 &421³
619 2327 731 2356 similis
762 2330 813 2359 sit.
867 2329 1071 2369 Depascendi
1098 2333 1204 2358 autem
1232 2328 1423 2368 significatio
1450 2328 1480 2357 in
1506 2327 1614 2357 verbis
1642 2324 1810 2356 traditione
1838 2323 1878 2354 ad
1905 2333 1964 2354 nos

163 2387 275 2418 delatis
305 2388 458 2418 »Animae
485 2392 657 2428 martyrum
685 2390 713 2418 in
739 2390 886 2429 paradiso
914 2395 1108 2431 pascuntur«
1131 2391 1276 2419 occurrit.
1305 2390 1354 2419 Ex
1380 2389 1628 2419 homoioteleuto
1654 2386 1773 2417 initium
1801 2387 1964 2417 carminis-

169 2459 244 2480 esse
271 2450 384 2480 videre
409 2450 493 2480 licet.

167 2545 198 2573 2.
248 2546 367 2575 Melius
389 2550 419 2576 et
447 2546 564 2577 honore
585 2548 713 2585 diynins
735 2549 816 2578 mihi
835 2551 899 2585 est,
930 2557 1025 2587 quam
1047 2548 1132 2587 quod
1150 2549 1298 2586 beneficia
1321 2549 1357 2578 ab
1381 2547 1558 2577 hominibus
1580 2544 1692 2574 vile'bus
1723 2543 1801 2573 collo
1823 2552 1888 2573 meo
1922 2546 1964 2573 aa

896 2604 995 2641 liyala
1015 2613 1085 2633 esse
1107 2604 1235 2632 videam.
