2155 2892
918 160 1184 192 —413—

162 267 244 298 quae
280 263 377 290 vento
410 269 471 289 non
504 259 711 299 proponitur,
751 258 894 298 designat
921 263 953 288 et
982 270 1000 290 a
1027 259 1199 299 Djeuherio
1227 264 1336 290 noster
1363 270 1479 290 versus
1508 262 1620 305 citatus
1649 265 1705 291 est.
1759 261 1800 290 Ni
1836 260 1938 299 fallor,

162 320 358 361 significatio
396 321 466 351 inde
501 326 571 352 orta
605 326 671 358 est,
699 321 781 360 quod
817 321 1061 360 obstupefactus
1097 321 1177 351 ultro
1197 321 1351 360 citroque,
1379 323 1535 354 nesciens.
1564 323 1635 362 qnid
1665 329 1795 353 acturus
1823 322 1877 359 sit,
1903 330 1940 350 se

160 392 297 412 movens
325 394 343 413 e
370 385 438 414 loco
465 393 524 414 suo
552 393 612 413 non
640 383 716 424 abit,
745 389 778 414 ut
807 385 921 424 nubes,
948 394 1016 413 nani
1043 389 1115 414 ante
1142 394 1253 414 vocem
1276 390 1423 429 affixam·
1450 395 1513 414 vox
1540 384 1659 422 tots..
1685 385 1862 426 supplenda
1881 389 1940 424 est,

160 454 227 475 curn
255 446 308 476 tali
335 446 459 476 homine
485 451 669 485 comparata
704 449 747 477 sit
781 452 835 477 aut
864 448 934 477 vice
965 456 1061 477 versa
1088 446 1330 485 obstupefactus
1359 456 1429 476 cum
1459 448 1512 477 tali
1541 458 1634 487 aqna.
1689 449 1720 477 ln
1749 448 1806 478 hac
1833 452 1939 477 autern

160 509 250 537 vocis
284 507 518 548 significatione
556 516 653 538 causa
687 512 758 548 est,
796 518 850 538 cur
884 510 990 548 pluvia
1026 515 1087 539 tuin
1121 509 1293 540 vehemens
1321 519 1411 549 quain
1439 511 1587 540 contiuua
1617 520 1692 540 esse
1720 511 1842 549 possit,
1871 519 1938 539 nam

158 569 264 608 pluvia
291 570 465 600 vehemens
493 571 638 600 continua
663 580 725 601 nou
753 580 826 602 esse
853 572 948 602 solet.

158 664 209 694 16.
253 665 444 695 Abmedante
465 666 650 696 liberali'laIe
669 669 834 705 praeditus
856 671 1101 708 quotiescunque
1123 680 1196 707 opes
1211 672 1312 708 officio
1327 670 1520 707 praestando
1541 669 1720 698 esliauslae
1740 673 1822 706 sunt,
1838 679 1938 702 mnne.

736 722 811 750 dum
834 723 913 751 elato
938 724 1024 752 rullu
1046 724 1134 759 ritlet,
1158 726 1342 762 ayyretlilecr

231 789 332 819 Tanta
360 791 429 820 eius
456 790 625 820 liberalitas
654 796 715 829 cst,
735 796 769 821 ut
792 801 918 831 semper
947 803 1007 823 una
1034 799 1129 823 nocte
1157 803 1264 824 ornnes
1294 795 1362 824 eins
1393 803 1470 834 opes
1499 793 1692 834 perdomui-3
1721 802 1804 832 quae
1830 797 1936 821 autem

157 860 209 880 res
237 851 367 881 multuin
395 851 504 889 abest,
541 855 570 882 ut
607 853 731 883 tristitia
765 863 835 883 euin
863 854 991 884 adficiat
1020 859 1049 885 et
1077 856 1145 894 ipse
1173 856 1313 886 demisso
1341 857 1432 887 vultu
1459 856 1598 896 incedat,
1626 861 1659 886 ut
1686 856 1788 886 laetus
1826 853 1937 884 rideat.

156 913 296 944 Verbum
321 913 388 943 Μ
415 914 540 953 proprie
566 913 605 943 de
632 923 713 953 aqua
731 914 896 944 adhibetur
923 925 1033 957 pauca,
1062 919 1150 947 cuius
1179 920 1271 958 copia
1298 920 1385 950 sonte
1413 920 1541 960 perenni
1568 919 1650 949 haud
1679 922 1888 958 sustentatur,
1906 923 1940 948 ut

157 976 285 1017 plures,
319 975 428 1014 quibus
458 976 529 1005 usui
559 976 620 1014 sit,
648 986 719 1006 eam
748 977 871 1007 omnino
897 978 1098 1020 exhauriant,
1127 986 1191 1010 tuin
1218 982 1247 1011 in
1275 982 1389 1018 virum,
1417 983 1508 1012 cuius
1536 992 1614 1022 opes
1643 982 1748 1012 multis
1776 980 1939 1011 beneficiis

156 1037 328 1076 perduntur
353 1043 413 1068 etc.
442 1039 628 1069 translatum
658 1044 719 1069 est.
752 1040 787 1069 Iu
814 1040 927 1070 scholii
954 1040 1036 1071 linea
1064 1045 1160 1081 prima
1188 1044 1255 1073 loco
1283 1045 1375 1074 vocis
1394 1050 1460 1090 „³3
1486 1054 1555 1074 cunt
1584 1044 1749 1073 Mersukio
1779 1045 1861 1088 ...ij-»³3
1890 1042 1938 1072 le-

155 1101 293 1142 gendum
321 1107 379 1132 est.
432 1102 508 1132 Vox
534 1093 618 1133 &gl
646 1105 676 1133 in
705 1112 805 1133 versu
833 1102 972 1133 officium
1000 1104 1228 1143 hospitalitatis
1256 1109 1288 1134 et
1314 1105 1512 1135 liberalitatis
1540 1105 1695 1146 designat.
1737 1106 1854 1136 Verbis
1875 1109 1937 1146 39,

155 1160 255 1207 ..5λὲὲῖ
282 1162 384 1210 ‘sal-m,
412 1164 523 1203 quibus
550 1165 609 1194 viri
635 1169 739 1196 status
756 1166 907 1196 matutino
936 1170 1076 1206 tempore
1103 1166 1302 1209 describitur,
1317 1178 1389 1198 eum
1406 1178 1507 1208 neque
1526 1169 1663 1198 animum
1681 1169 1820 1198 abiicere
1839 1177 1940 1207 neque

155 1227 285 1258 tristitia
313 1227 416 1268 adfici,
443 1227 568 1258 indicat.

153 1325 205 1354 17.
249 1325 313 1355 Res
331 1333 515 1363 generosas,
539 1335 618 1364 quas
637 1328 774 1355 insliluil
794 1329 825 1355 et
846 1327 926 1362 colit,
951 1328 1048 1356 donec
1069 1338 1120 1357 res
1143 1330 1277 1365 allinyil‚
1300 1338 1379 1367 quas
1398 1328 1542 1366 pericula
1561 1328 1735 1366 prohibent.

251 1395 285 1424 In
312 1394 405 1424 laude
429 1394 488 1423 viri
516 1394 598 1424 illius
625 1395 740 1436 pergit.
802 1396 876 1425 Non
915 1398 1014 1427 solum
1052 1407 1105 1427 res
1133 1398 1245 1428 faciles
1272 1403 1404 1437 pei-actu
1432 1396 1565 1438 perficit,
1591 1407 1705 1427 verum
1739 1397 1834 1427 etiam
1872 1407 1937 1435 res,

154 1457 344 1496 quibuscum
381 1456 549 1486 molestiae
581 1460 614 1485 et
654 1457 794 1495 pericula
829 1459 993 1490 coniuncta
1028 1465 1110 1490 sunt.
1164 1459 1355 1491 Generosae
1380 1464 1485 1490 autem
1512 1460 1657 1490 actiones
1685 1469 1755 1490 cum
1781 1459 1936 1491 aedificiis

154 1524 388 1559 comparantur,
415 1524 609 1558 quapropter
636 1520 744 1549 verbis
772 1518 864 1560 Q&-
891 1526 923 1551 et
952 1520 1050 1566 Ἀζώρ
1077 1531 1157 1553 usus
1186 1527 1248 1552 est.
1286 1522 1386 1552 Simili
1413 1522 1503 1552 modo
1532 1523 1599 1552 laus
1627 1528 1822 1562 comparatur
1853 1522 1936 1553 conf.

154 1582 245 1612 Ham.
274 1581 323 1612 ot‘tt
348 1592 380 1616 v.
407 1582 439 1612 6.
466 1585 497 1612 et
525 1581 635 1611 Lebidi
665 1582 774 1612 Moall.
802 1593 833 1612 v.
861 1584 916 1614 85.
947 1586 1022 1616 Vox
1048 1588 1151 1623 2053
1177 1587 1311 1616 maxime
1338 1586 1367 1616 in
1394 1586 1452 1615 viis
1482 1584 1662 1615 difficilibus
1689 1585 1856 1624 arduisque
1876 1585 1936 1616 ad-

153 1644 289 1684 hibetur,
320 1655 401 1685 quae
427 1647 620 1686 significatio
649 1648 717 1678 loco
746 1653 856 1678 nostro
883 1648 1049 1687 aptissima
1077 1653 1138 1678 est.

153 1740 205 1770 18.
250 1741 314 1770 Per
336 1752 405 1771 eum
427 1746 527 1773 omnis
549 1745 668 1774 camela
693 1756 764 1774 vere
785 1748 925 1782 pariens,
949 1746 992 1774 ml
1010 1746 1220 1783 procreandos
1230 1746 1336 1783 pullos
1359 1749 1553 1780 conservata,
1576 1755 1698 1782 semper
1717 1746 1859 1782 pinquis,
1883 1747 1936 1773 cui

619 1799 731 1828 hiemis
752 1803 891 1837 tempore
910 1800 1022 1837 yibbus
1044 1810 1178 1837 moylens
1201 1801 1255 1832 est.
1273 1800 1388 1837 infelix
1410 1802 1465 1828 est.

263 1865 453 1896 Liberalitas
491 1876 614 1906 quoque
640 1870 671 1897 in
701 1878 739 1898 eo
765 1878 803 1898 se
830 1869 990 1910 ostendit,
1030 1869 1114 1909 quod
1139 1870 1269 1899 camelis
1297 1869 1426 1908 talibus.
1455 1878 1536 1908 quae
1564 1869 1602 1898 ab
1630 1869 1700 1898 aliis
1734 1868 1818 1898 haud
1844 1877 1934 1898 mac-

151 1931 266 1966 tantur,
293 1927 376 1958 haud
402 1934 521 1967 parcet.
551 1929 714 1972 Cametae,
730 1941 809 1971 quae
829 1933 916 1961 veris
945 1937 1089 1971 tempore
1117 1933 1253 1971 pariunt,
1282 1931 1320 1960 ab
1348 1931 1507 1960 Arabibus
1535 1930 1641 1971 magni
1668 1930 1832 1967 habentur,
1853 1928 1936 1969 quod

150 1989 224 2029 pulli
250 1999 307 2029 per
333 1995 434 2021 totum
460 2001 518 2021 ver
545 1997 577 2021 et
604 1997 760 2022 aestatem
787 1992 868 2024 bene
895 1996 1013 2035 nutriti,
1043 1996 1155 2025 hiemis
1182 2001 1326 2034 tempore
1353 1993 1450 2023 adulti
1476 1998 1561 2022 sunt.
1614 1993 1732 2022 Verbis
1759 1991 1935 2031 explicandi

151 2060 246 2082 causa
272 2051 417 2083 adductis
443 2051 570 2096 (cons.
598 2054 697 2084 Meid.
726 2055 750 2095 Ι,
778 2053 851 2096 31.)
891 2057 1027 2087 »beatus
1055 2058 1117 2098 ille,
1145 2057 1197 2097 qui
1224 2066 1302 2086 vere
1328 2061 1422 2085 natos
1450 2056 1579 2094 habet«,
1607 2054 1799 2084 scholiastes
1826 2063 1934 2084 carne-

151 2114 252 2144 lorum
277 2114 379 2153 pullos
403 2115 573 2155 significari
598 2121 699 2156 putat,
727 2118 756 2147 in
786 2119 956 2157 proverbio
983 2119 1021 2149 ad
1050 2119 1131 2148 filios
1162 2113 1326 2158 spectant!
1381 2118 1456 2148 Vox
1482 2120 1582 2158 λων
1603 2117 1727 2156 proprie
1754 2116 1934 2155 depositam

149 2175 181 2207 in
206 2186 297 2206 usum
322 2176 490 2217 significat,
517 2183 686 2218 propterea
713 2179 793 2219 quod
821 2190 925 2220 neque
951 2186 1108 2210 mactatur
1127 2190 1227 2219 neque
1254 2179 1293 2210 ad
1320 2189 1402 2219 opus
1430 2179 1608 2209 faciendum
1627 2178 1804 2210 adhibetur.
1832 2177 1933 2207 Vocis

148 2235 239 2278 ὡῑῖ,
264 2248 344 2279 quae
368 2239 465 2270 altum
498 2240 689 2281 longumque
716 2242 845 2283 gibbum
872 2243 1045 2284 significat,
1075 2241 1267 2283 significatio
1295 2240 1402 2272 addita
1430 2241 1686 2279 vocelw’mvix
1713 2239 1934 2278 amplificatur,

149 2306 183 2333 ut
207 2311 274 2332 vox
300 2301 539 2332 homoioteleuti
565 2306 596 2333 et
619 2304 712 2334 metri
741 2314 842 2335 causa
869 2306 976 2344 potius
1005 2305 1110 2335 addita
1138 2304 1292 2335 videatur.
1321 2304 1396 2335 vox
1421 2311 1520 2350 &nm-³
1550 2308 1581 2334 et
1608 2305 1637 2332 in
1654 2302 1935 2348 Mersukiojssq

149 2365 269 2405 scripta
302 2369 370 2403 est,
407 2366 626 2405 superscripta
659 2376 742 2397 voce
778 2365 846 2409 ku,
886 2377 947 2407 qua
981 2377 1063 2398 voce
1100 2372 1133 2398 et
1159 2376 1252 2396 unum
1279 2372 1313 2397 et
1339 2367 1474 2397 alterum
1499 2365 1682 2396 enunciandi
1711 2363 1834 2393 modum
1863 2363 1934 2392 ferri

149 2435 259 2466 posse,
286 2427 407 2457 scribae
433 2426 627 2467 significant.

149 2497 203 2528 19.
246 2497 377 2528 Cotinos
398 2508 415 2528 e
435 2498 521 2536 layna
543 2499 632 2528 ebeni
651 2501 822 2539 eorofectoae,
841 2503 957 2531 cor-omi
978 2503 1087 2530 carnis
1107 2503 1225 2530 cinctos
1247 2503 1320 2529 aule
1341 2509 1410 2528 eum
1432 2499 1527 2538 vides,
1551 2508 1628 2536 quos
1651 2498 1750 2527 honor
1769 2500 1935 2536 qenerosi-

908 2559 1019 2593 Iasque
1041 2557 1172 2584 ornat-it.

245 2620 387 2661 Modum,
407 2630 468 2662 quo
495 2621 638 2662 hospites
657 2621 788 2663 excipit,
807 2621 969 2657 describit.
1000 2623 1159 2654 Carnibus
1191 2623 1221 2652 in
1247 2622 1360 2653 catinis
1386 2621 1563 2663 dispositis,
1587 2620 1735 2660 hospites
1759 2619 1934 2651 honorifice
