2155 2892
900 137 1164 169 -453—

128 245 234 282 voret,
261 249 376 272 versus
406 242 456 271 sic
483 244 622 270 mutatos
648 237 768 277 (schol.
783 238 802 268 l.
821 236 872 280 8.)
901 239 1030 278 protulit
1057 240 1166 277 (metr.
1183 236 1330 275 Comen:
1359 238 1432 268 Per
1462 232 1604 268 Deum!
1632 238 1666 267 si
1699 238 1925 277 Ebu-ojus·

127 313 177 333 na
216 303 389 333 vicinus
418 307 570 332 voster
595 301 777 338 fulsset‚
818 310 900 330 vos
940 301 1154 341 tristitia,
1196 301 1374 331 vilitate
1413 308 1455 332 et
1483 304 1657 332 catenis
1684 310 1760 331 non
1789 302 1923 331 texis-

126 368 201 406 sit,
230 367 430 403 catonis,
457 366 627 404 quaein
654 363 762 393 collo
790 369 944 393 vestro
972 363 1218 404 splendent3
1247 364 1322 394 sed
1351 369 1446 395 tunc
1474 365 1547 394 hos
1577 363 1925 403 ruues'(vinculn)

126 432 335 469 rupisset3
363 437 450 458 uam
477 427 570 457 eius
598 426 869 456 consuetudo
897 436 1000 466 erga
1026 426 1203 456 vicinos
1230 427 1395 468 agendi
1423 434 1506 465 est,
1528 433 1569 457 ut
1600 438 1749 468 aurum,
1777 434 1925 458 vestes

127 491 343 521 odoribus
373 490 570 520 imbutas
599 494 640 518 et
667 488 879 518 scutellas
907 487 1081 518 offerat.
1122 489 1349 528 Ebn-Djasnah
1377 498 1554 529 cognomen
1575 490 1708 519 Ahmrui
1729 490 1757 518 b.
1780 490 1922 519 Alliarits

126 558 188 593 est,
217 554 268 593 qui
295 553 402 583 verbis
431 552 537 591 potius
565 550 722 580 laudatur.
750 550 928 580 Alimruuiu
956 550 983 580 b.
1011 549 1095 580 uind
1121 552 1160 581 ob
1188 551 1305 582 sactum
1335 561 1428 581 suum
1456 553 1641 590 vituperans
1673 551 1755 589 dicit,
1775 552 1872 591 illum,
1896 552 1923 580 si

126 617 232 657 gentis
259 615 338 645 'rhai
364 624 442 645 cura
469 614 497 644 ei
524 616 697 644 commissa
724 614 850 655 fuisset,
879 615 1038 644 contrario
1066 613 1158 644 modo
1185 623 1222 643 se
1249 622 1422 655 gessuruin
1449 613 1560 643 fuisse.
1594 614 1754 644 Alnnruus
1782 615 1808 643 b.
1840 615 1921 644 llind

126 686 232 711 autem
274 681 314 709 iis
349 677 489 717 auditis,
527 686 564 706 se
592 686 663 706 euin
691 678 868 710 occisurum
895 685 972 706 esse
999 676 1136 716 iuravit3
1165 680 1357 715 quapropter
1385 675 1528 705 Alitikus
1556 684 1671 705 versus
1699 675 1788 712 dixit,
1817 678 1867 713 qui
1896 676 1924 705 in

126 742 266 772 namasa
293 750 323 781 p.
349 738 399 769 ‘11⁹0
428 739 643 769 inveniuntur.

966 856 1082 890 xn.
1717 853 1926 894 (11638.)

129 923 366 958 Blosawh·
388 923 429 956 b.
453 922 591 957 Illud
616 923 655 956 b.
684 921 812 957 nais
842 923 881 956 b.
906 923 1084 958 Sol-air
1106 923 1300 964 gentem
1323 920 1457 954 Asatl
1480 919 1765 962 vituperans
1788 918 1925 954 dixit.

835 996 903 1034 (De
931 1000 1025 1035 poeta
1053 995 1135 1025 conf.
1165 996 1226 1035 ΙἿΙ.)

131 1070 157 1099 1.
203 1068 336 1099 Gentem
361 1067 519 1096 fioraisch
540 1069 662 1107 fratres
682 1070 803 1096 ree-Iros
826 1077 904 1103 esse,
932 1069 1154 1105 contendislis5
1178 1068 1218 1096 iis
1240 1067 1430 1095 consociatio
1456 1068 1518 1101 2513
1544 1065 1602 1093 sed
1628 1065 1713 1094 vobis
1736 1067 1926 1094 consociatio

955 1131 1017 1150 non
1039 1124 1094 1150 est.

230 1192 396 1229 Asadstae,
424 1192 528 1233 gentis
558 1190 715 1220 Koraisch
745 1190 863 1220 fratres
889 1199 926 1219 se
953 1200 1041 1231 esse,
1072 1191 1198 1221 ‹rloriati
1226 1194 1328 1221 erant.
1356 1190 1423 1220 Eos
1451 1193 1556 1219 autem
1584 1187 1796 1218 Koraischitis
1822 1187 1928 1229 digni-

1070 1216 1090 1232 D

131 1260 195 1287 tate
225 1254 374 1295 aequales
402 1263 463 1283 non
493 1264 578 1292 esse,
594 1260 689 1293 poeta
716 1253 803 1283 dixit.
831 1252 1055 1282 Koraiscliitae
1083 1253 1254 1283 consociati
1272 1258 1472 1282 mercaturae
1490 1260 1590 1280 causa
1620 1256 1764 1290 tempore
1791 1251 1927 1280 aestatis

131 1320 307 1358 hiemisque
344 1320 374 1348 in
401 1319 529 1359 Syriam
568 1323 600 1348 et
627 1318 778 1348 Arabiam
819 1316 945 1346 felicem
983 1316 1041 1346 iter
1078 1316 1246 1348 faciebant.
1308 1316 1380 1345 Hoc
1408 1320 1538 1356 gentem
1566 1312 1657 1343 Asad
1684 1312 1792 1342 facere
1820 1316 1927 1353 negat.

132 1383 274 1422 Populus
297 1382 386 1412 Asad
413 1392 450 1411 se
479 1381 606 1410 fratrem
637 1382 744 1421 gentis
771 1379 932 1409 Koraisch
959 1377 1065 1409 dicere
1093 1383 1213 1418 potest,
1240 1377 1323 1417 quod
1351 1376 1405 1407 filii
1432 1375 1618 1407 Modrecahi
1645 1380 1762 1417 gentes
1778 1374 1926 1409 Hodsaii,

129 1445 234 1485 Asad,
263 1444 415 1476 Cenanah
443 1450 475 1473 et
502 1443 662 1473 Koraisch
690 1447 760 1473 suut
790 1440 870 1471 conf.
902 1441 1118 1471 Ebu-Kotaib.
1139 1451 1169 1480 p.
1188 1440 1245 1470 67.
1275 1440 1324 1470 De
1352 1440 1411 1470 hoc
1431 1448 1530 1469 versu
1550 1438 1719 1469 conseras:
1746 1436 1928 1467 Almookh·

133 1514 222 1539 tusur
249 1518 278 1548 p.
307 1507 389 1540 327.

134 1608 166 1635 2.
211 1606 241 1634 11·
265 1616 282 1633 a
303 1607 389 1643 fame
411 1608 556 1642 metuque
582 1606 687 1632 securi
708 1607 802 1640 sun!;
824 1606 882 1633 sed
898 1614 979 1642 qens
1002 1603 1096 1633 Asad
1115 1603 1248 1631 esuriei!
1269 1603 1448 1639 meluilque.

236 1674 327 1706 Gens
356 1674 513 1704 Koraisch
545 1673 725 1704 mercatura
753 1674 811 1703 sibi
838 1683 917 1713 opes
945 1673 1180 1713 potentiamque
1208 1670 1390 1711 acquisivit.
1419 1670 1488 1699 Hoc
1512 1671 1543 1699 in
1571 1677 1670 1698 versu
1700 1672 1794 1708 poeta
1815 1667 1931 1698 Corani

135 1739 235 1768 locum
265 1738 337 1767 Sur.
370 1736 449 1777 106,
482 1737 510 1766 1.
540 1738 726 1776 respexisse
753 1735 875 1767 dicitur.

957 1865 1099 1899 xlll-

178 1934 398 1969 Kalmab
423 1934 461 1967 h.
486 1933 766 1975 Binum-ah,
804 1931 943 1966 eunius
969 1933 1127 1964 mater
1150 1931 1292 1964 omm
1309 1928 1510 1961 -zaheb
1544 1924 1888 1967 cognominata

893 1999 1016 2039 erat,
1040 1996 1176 2030 dixit.

251 2072 352 2103 Poeta
379 2082 461 2102 unus
490 2083 508 2102 e
535 2078 632 2113 gente
660 2069 984 2103 Banu-Ahbd-Ailah
1011 2070 1040 2099 b.
1071 2067 1238 2099 Ghathfan
1265 2072 1409 2105 tempore
1437 2064 1587 2095 Alwalidi
1615 2064 1643 2094 b.
1672 2060 1931 2093 Ahbd-Almalec

138 2136 245 2176 (regn.
272 2134 310 2164 ab
336 2143 418 2164 anno
445 2135 492 2165 86
520 2144 624 2175 usque
651 2134 690 2164 ad
717 2143 830 2164 anuum
859 2132 924 2171 96)
953 2131 1042 2161 vixit.

138 2233 165 2261 1.
209 2231 247 2262 Se·
269 2233 479 2268 suspitionem
509 2231 655 2266 audiunt,
690 2236 759 2260 eam
790 2229 933 2258 celeriter
966 2238 985 2257 a
1014 2238 1062 2257 me
1089 2229 1267 2267 profectum
1291 2227 1444 2265 auferam!
1463 2225 1614 2262 quodiam
1635 2224 1858 2261 perc1'pe'enles;
1881 2221 1932 2247 sin

704 2288 809 2313 autem
831 2284 944 2312 bonum
967 2284 1118 2320 audiunt,
1141 2284 1174 2311 id
1195 2282 1364 2312 occultant.

237 2359 435 2388 Inimicorum
462 2355 658 2394 iniquitatem
684 2354 714 2383 in
740 2354 843 2393 ipsum
863 2353 1005 2392 exponit,
1020 2362 1100 2392 quae
1126 2361 1164 2382 se
1188 2354 1220 2382 in
1247 2361 1285 2381 eo
1313 2349 1474 2389 ostendat,
1494 2347 1575 2388 quod
1594 2355 1656 2376 rem
1676 2344 1801 2382 malam,
1822 2349 1933 2380 quam-

138 2422 189 2451 vis
217 2420 311 2451 dubio
339 2428 400 2449 non
440 2419 570 2456 careat,
611 2416 649 2446 ab
675 2425 714 2446 eo
743 2415 918 2455 profectam
946 2415 1052 2445 statim
1080 2414 1162 2444 inter
1187 2415 1332 2444 homines
1360 2421 1481 2442 summo
1510 2420 1581 2440 cum
1610 2407 1728 2450 gaudio
1757 2404 1934 2444 divulgent,

139 2492 353 2522 quamcunque
380 2482 490 2511 bonam
518 2484 624 2510 autem
650 2488 716 2509 rem
742 2479 867 2509 summo
895 2488 968 2509 eum
995 2479 1071 2508 cura
1100 2477 1270 2507 occultent.
1298 2476 1400 2504 Poeta
1427 2483 1517 2512 quum
1548 2472 1688 2501 futurum
1707 2481 1819 2509 janu-2
1840 2475 1935 2506 prae-

140 2546 273 2584 miserit,
288 2545 426 2576 futurum
453 2547 644 2583 sequeretur
670 2551 808 2572 necesse
823 2545 912 2583 erat3
929 2541 1013 2580 quod
1040 2545 1147 2571 autem
1164 2539 1370 2578 praeteritum
1394 2531 1468 2581 »ὼ
1496 2534 1613 2574 posuit,
1634 2532 1664 2562 id
1691 2531 1826 2561 licentiis
1855 2537 1935 2569 poe-

139 2609 208 2638 ticis
235 2607 500 2639 adnumerandum
539 2611 600 2636 est.
653 2606 728 2636 Vox
756 2603 829 2650 [³²1⁵
854 2604 971 2645 duplici
998 2604 1088 2635 modo
1116 2601 1267 2642 explicari
1295 2603 1419 2639 potest,
1447 2603 1483 2627 ut
1508 2605 1606 2627 causa
1631 2594 1786 2626 indicetur
1815 2598 1870 2624 aut
1901 2597 1933 2623 ut
