2155 2892
907 159 1175 190 —672—

999 253 1084 287 lv.

903 308 1045 342 Alius
1068 308 1205 342 «lixit.

148 380 175 408 1.
220 380 292 408 Eae
316 375 497 418 (camelae)
524 378 764 415 procumbentes
786 388 804 407 a
825 382 919 416 qente
938 378 1097 416 prolatum
1117 387 1292 408 sermonem
1315 380 1425 408 liment
1447 379 1586 407 dicente:
1607 377 1714 407 Sellas
1735 379 1941 407 iwnenlorum

960 432 1098 469 mlliqale
1111 432 1125 460 l

145 489 176 517 2.
219 487 293 516 Non
317 487 448 516 muIlum
471 487 566 521 abest,
593 488 669 524 quin
692 487 782 514 nobis
803 486 1023 522 sumentibus,
1052 486 1126 514 dum
1148 487 1288 514 tunicam
1310 486 1479 515 induamus
1501 490 1532 515 et
1552 487 1683 515 cidarim
1706 488 1826 515 circum
1850 488 1948 522 caput

145 537 209 581 [p.
234 537 357 580 ἴθι)
789 540 933 577 liyemus,
958 541 1052 568 corda
1073 550 1180 569 eorum
1203 541 1313 571 volent.

245 610 400 649 Tempus,
431 619 490 649 quo
519 610 558 639 ad
586 610 645 639 iter
673 609 884 648 incipiendum
915 618 951 638 se
979 615 1181 648 praeparant,
1208 610 1368 640 describit.
1402 611 1554 642 Camelae
1582 612 1746 642 molestias
1775 609 1942 650 perferen-

143 671 203 701 das
233 676 387 701 metuunt.
428 673 479 702 Ex
508 672 736 702 commentario
763 671 920 700 Mersukii
951 671 1060 701 videre
1089 672 1174 711 licet,
1203 672 1315 710 fuisse,
1339 673 1389 712 qui
1418 673 1487 703 loco
1515 674 1682 703 verborum
1709 671 1783 719 „fill
1811 687 1853 710 0⁴
1882 671 1940 702 lia-

143 735 258 765 berent
286 733 359 781 viil!
388 734 424 772 3.
471 735 632 764 Particula
659 732 698 778 Oi
727 734 954 764 introducendo
983 734 1117 764 sermoni
1143 734 1279 764 inservit
1311 735 1425 765 conf.
1455 734 1566 766 Gram.
1595 736 1650 765 Ar.
1679 737 1715 765 'lt
1746 736 1770 764 ll
1796 745 1827 774 p.
1857 734 1938 764 468.

143 811 178 840 In
209 810 316 840 codice
344 809 502 839 Mersukii
534 792 618 850 [af-⁴37)
653 793 685 849 {i
720 791 858 853 LshA-okj
886 799 979 850 &ebs-‘³
999 793 1078 853 :ffb-:2
1104 809 1256 848 scriptum
1283 815 1345 850 est,
1362 810 1412 849 qui
1432 810 1522 840 unice
1541 814 1648 840 rectus
1676 809 1802 848 legendi
1830 808 1940 839 modus

143 872 281 902 videtur.

1017 917 1073 951 V.

890 971 1034 1006 Alius
1057 971 1195 1005 dixit.

141 1038 170 1066 l.
214 1038 299 1067 Loco
322 1038 411 1067 Korlt
432 1041 562 1078 eiusque
584 1041 691 1068 arenis
714 1040 847 1078 adlae‘qati
867 1045 959 1069 erant
976 1051 1035 1079 per
1056 1044 1173 1078 septem
1197 1044 1305 1069 noctes
1324 1039 1439 1076 pabulo
1463 1040 1551 1068 ΙιαιιιΙ
1572 1041 1692 1071 nutriti,

256 1107 317 1137 Per
345 1113 468 1147 septem
497 1108 564 1138 dies
592 1109 644 1138 illo
673 1110 742 1140 loco
771 1119 807 1139 se
834 1110 1020 1140 substitisse
1048 1115 1166 1140 narrat.
1230 1110 1445 1149 Djeuhaurius
1476 1113 1588 1139 auctor
1616 1111 1677 1145 est,
1705 1108 1793 1138 Korh
1821 1108 1850 1138 in
1878 1108 1937 1138 hoc

143 1179 242 1199 versu
270 1179 383 1199 nomen
414 1171 554 1211 regionis
582 1171 828 1202 lVadi-I'Kora
856 1170 953 1215 (quae
979 1173 1008 1202 in
1036 1173 1201 1212 provincia
1227 1172 1393 1202 Jemamah
1419 1173 1449 1200 in
1475 1170 1588 1201 finibus
1622 1170 1937 1209 Badijah-Djesirah

141 1230 322 1269 (desertum
350 1232 550 1272 Aldjesirae)
588 1230 653 1276 est)
688 1243 773 1263 esse.
842 1234 993 1264 Camelos
1021 1245 1078 1274 per
1105 1240 1229 1274 septem
1257 1234 1326 1264 dies
1354 1234 1467 1273 pabulo
1496 1234 1632 1263 nutritos
1660 1242 1720 1262 non
1749 1233 1866 1271 fuisse,
1898 1233 1937 1263 ad

141 1294 270 1323 verbum
298 1294 536 1335 intelligendum
563 1305 624 1325 non
652 1301 713 1326 est.
773 1296 976 1328 Scholiastes
1004 1299 1111 1337 plures
1138 1307 1231 1338 quam
1260 1297 1373 1338 viginti
1401 1297 1490 1327 locos
1518 1296 1631 1335 fuisse,
1659 1297 1709 1336 qui
1738 1305 1852 1326 nomeu
1879 1294 1936 1340 32³⁴>

143 1356 308 1395 haberent,
335 1357 501 1388 adnotavit
527 1358 635 1389 conf.
664 1360 788 1390 Jakuti.
834 1359 992 1389 Suffixum
1021 1360 1050 1389 iu
1078 1369 1159 1390 voce
1188 1355 1325 1400 ngb'jla»
1352 1360 1392 1390 ad
1419 1364 1530 1389 noctes
1560 1358 1763 1389 referendum
1795 1363 1882 1398 puto.

141 1429 172 1457 2.
217 1429 340 1467 Donec,
363 1439 459 1468 quum
484 1440 593 1460 earum
615 1432 762 1469 slrayula
787 1429 1062 1472 [suppelleclilia]
1099 1434 1322 1471 perfecissem,
1357 1435 1388 1461 et
1408 1442 1460 1460 res
1483 1434 1701 1470 necessaritls,
1726 1441 1806 1469 quas
1829 1433 1935 1459 anima

968 1489 1099 1525 perficit,

241 1551 521 1590 Praeparationem
550 1552 589 1582 ad
618 1552 679 1582 iter
704 1552 881 1584 faciendum
909 1558 1129 1586 necessariam
1146 1556 1306 1586 describit.
1331 1555 1491 1586 Suffixum
1518 1554 1610 1584 vocis
1638 1551 1728 1594 1450&
1757 1553 1796 1584 ad
1824 1557 1934 1584 noctes

141 1611 342 1642 referendum
370 1618 458 1651 puto,
473 1617 507 1643 ut
535 1624 591 1654 pro
621 1612 681 1654 Q?
709 1615 821 1646 dictum
849 1616 900 1646 sit.
929 1618 1003 1647 Vox
1030 1615 1108 1646 uhu
1135 1628 1203 1648 cum
1231 1618 1334 1648 vocali
1362 1617 1462 1648 Fatha
1489 1617 1662 1657 singularis
1690 1616 1791 1646 forma
1819 1616 1933 1655 supel-

140 1674 256 1712 lectile,
285 1685 355 1705 cum
383 1677 487 1706 vocali
513 1677 619 1707 Kesra
646 1678 777 1717 pluralis
804 1680 893 1709 vocis
922 1691 980 1717 ω
1006 1681 1170 1721 stragulas
1196 1680 1356 1721 designat.
1407 1680 1483 1709 Vox
1509 1684 1615 1709 autem
1644 1676 1668 1706 t„
1695 1687 1768 1708 cum
1795 1678 1933 1708 vocibus

140 1734 229 1776 kazi->La
256 1751 298 1775 0·
327 1740 498 1768 coniuncta
525 1745 587 1780 est,
615 1744 649 1770 ut
679 1749 735 1779 pro
765 1738 792 1768 U.
819 1742 872 1771 sit.

138 1808 170 1837 3.
216 1808 322 1838 Onera
351 1820 419 1838 mea
449 1811 577 1839 camelis
604 1821 666 1840 non
698 1813 924 1847 barrientibus,
955 1817 1076 1843 crassis
1098 1815 1222 1843 ossibus
1247 1813 1527 1850 protuberantibus
1548 1821 1630 1849 pone
1652 1821 1748 1841 aures
1765 1813 1930 1849 praeditis,

876 1867 1033 1896 velocibus
1056 1871 1198 1905 1'mpos1u'.

251 1931 416 1972 Cametas,
454 1941 534 1971 quos
563 1933 592 1962 in
619 1934 729 1964 itinere
757 1935 948 1977 adhibuerit,
976 1936 1138 1967 describit.
1191 1938 1358 1967 Patientes
1386 1938 1416 1967 in
1443 1937 1600 1967 molestiis
1628 1936 1781 1977 ferendis,
1812 1937 1931 1966 robusti

138 1993 330 2033 velocesque
357 2000 442 2025 sunt.
510 1997 585 2026 Vox
612 1995 688 2036 hfils:
717 1999 745 2028 in
774 2008 871 2029 versu
899 2008 1043 2030 crassam
1072 2001 1230 2030 cervicem
1259 2001 1413 2031 habentes
1450 2009 1512 2030 non
1546 2000 1684 2037 indicat;
1720 2000 1779 2030 sed
1806 2001 1930 2030 nonnisi

139 2057 386 2096 magnitudinem
415 2059 500 2088 ossis
528 2070 610 2099 pone
636 2071 745 2103 aureS,
774 2063 803 2093 in
829 2073 888 2102 qua
914 2064 1036 2093 roboris
1063 2062 1209 2093 indicium
1237 2063 1342 2093 video.

138 2128 168 2156 4.
236 2127 311 2157 Tum
345 2130 488 2159 celeriter
518 2132 621 2161 abiere
652 2134 688 2161 ab
718 2135 847 2164 celerem
887 2138 1047 2164 incessum
1082 2135 1287 2163 admiratione
1317 2137 1514 2174 adjiciente-⁹,
1551 2136 1644 2173 quasi
1679 2134 1761 2163 colla
1793 2134 1929 2163 altarum

913 2186 1149 2227 (cometarum)

254 2250 394 2281 Camelis
431 2252 566 2282 celerem
602 2254 762 2284 incessum
797 2260 828 2285 et
856 2256 1052 2287 altitudinem
1081 2258 1196 2289 tribuit.
1262 2259 1337 2289 Vox
1374 2262 1493 2298 ..a-,sud
1526 2257 1691 2288 vocalibus
1719 2262 1782 2287 tam
1810 2257 1928 2296 primae

137 2322 228 2351 quam
257 2318 386 2352 quartae
415 2314 535 2345 formae
563 2315 591 2344 in
620 2315 730 2346 codice
757 2317 893 2347 'rebrisii
921 2319 1072 2359 insignita
1100 2324 1161 2350 est.

135 2384 166 2413 5.
209 2386 298 2413 Inler
318 2386 421 2415 locum
446 2387 597 2416 Karmara
629 2391 660 2416 et
687 2387 895 2426 Mar-aurajat
926 2400 1022 2419 arcus
1045 2401 1061 2418 e
1084 2391 1168 2427 liyno
1195 2394 1317 2422 arboris
1345 2392 1440 2421 Nablz
1471 2394 1618 2430 confecti,
1653 2400 1784 2430 quorum
1807 2399 1926 2419 cornua

851 2447 957 2474 minus
980 2447 1102 2481 insteoen
1124 2449 1207 2476 sunt.

210 2507 302 2537 Colla
329 2510 518 2540 camelorum
538 2511 706 2542 incurvata
733 2522 802 2543 cum
830 2498 964 2544 ercubus
993 2514 1114 2544 confert
1133 2519 1164 2544 et
1189 2515 1272 2544 viam
1290 2515 1411 2545 itineris
1439 2514 1564 2545 indicat.
1591 2512 1735 2543 Karaura
1760 2511 1851 2542 locus
1871 2517 1923 2542 est

136 2568 163 2597 in
192 2570 245 2599 via
272 2570 356 2600 Cura
384 2572 527 2603 Meccam
557 2573 692 2605 ducente
721 2576 802 2606 inter
829 2577 898 2606 loca
926 2577 1069 2607 Aluokra
1096 2582 1129 2607 et
1157 2577 1300 2617 Alliadjir
1327 2578 1485 2617 adpellata
1511 2578 1602 2608 situs.
1631 2576 1750 2606 Vocem
1787 2577 1921 2606 Marau-
