2155 2892
915 154 1184 185 —529—

250 252 302 290 Ut,
337 262 374 282 se
403 254 575 292 pretiosam
613 255 764 284 camelam
802 260 975 295 intactus-se,
1009 255 1137 296 indicet,
1167 255 1195 285 ei
1233 256 1350 294 pullum
1378 255 1439 286 dut.
1469 256 1625 288 Solebunt.
1652 263 1758 288 autem
1787 259 1937 289 camelum

150 319 320 347 mactaturi
343 318 444 347 cruris
473 318 562 357 pedis
591 318 776 356 posterioris
805 328 952 357 magnum
981 328 1124 357 nervum,
1153 329 1191 347 ne
1219 319 1398 359 aufugeret,
1427 319 1561 349 incidere
1588 322 1696 350 conf.
1730 321 1820 350 llam.
1853 331 1880 360 p,
1899 322 1934 350 ftt

146 380 216 410 adn.
245 382 341 418 Sunt,
368 382 418 420 qui
447 381 517 410 voci
546 379 630 408 :Q
655 380 810 420 gravidae
835 380 974 410 catnelae
1004 380 1269 421 significationem
1290 381 1437 410 tribuunt.
1466 382 1534 410 ttoc
1552 392 1628 411 vero
1656 385 1685 412 in
1712 387 1798 412 statu
1822 384 1936 413 ammai

146 443 293 483 pinguior
307 452 383 472 esse
398 442 490 472 solet.
508 443 588 472 Voci
609 441 699 482 αδ.)
712 442 762 471 alii
778 442 796 471 d
809 452 826 471 u
838 451 876 471 ru
889 452 915 478 e,
935 452 952 472 a
964 442 970 471 l
984 446 1019 472 ta
1030 452 1064 479 e,
1085 442 1136 472 alii
1155 451 1172 470 s
1183 452 1201 481 p
1213 442 1325 471 titios
1337 451 1353 471 a
1365 452 1383 471 e
1409 447 1471 471 ter
1483 452 1495 471 r
1507 452 1550 471 ue
1565 443 1832 483 significationem
1851 444 1935 475 dunt.

147 504 186 533 Et
214 505 374 545 regionem
398 503 503 543 Nedjd
532 503 602 533 inde
630 514 742 533 nomen
771 505 940 543 accepisse
968 504 1086 542 dicunt,
1110 508 1143 533 ut
1162 503 1295 532 verbum
1316 501 1407 544 φῶ
1432 504 1461 533 in
1489 506 1770 545 regionemNedjd
1791 507 1937 536 veniendi

147 569 413 609 significationem
442 568 567 597 hubent.
630 568 684 597 Sic
712 569 741 597 in
772 577 888 607 versu,
917 576 1009 606 quein
1037 566 1221 595 Merwanus
1249 566 1276 594 b.
1306 565 1459 594 Allmeem
1488 571 1603 604 poetue
1634 566 1826 597 Atl'erusduk
1857 568 1935 599 dixit

148 632 257 668 (metr.
278 629 427 665 CameU:
459 630 708 659 Farasdako
736 629 826 665 dir,
855 634 897 658 et
926 628 1126 658 stultitia
1154 627 1286 657 instar
1316 627 1490 657 nominis
1517 629 1580 658 sui
1608 627 1727 669 est¹),
1757 632 1802 670 si,
1830 634 1935 670 quod

146 697 186 721 te
225 692 359 730 iussi,
400 691 542 722 farere
583 693 774 733 omittis,
815 695 851 722 in
887 692 1103 731 regionem
1139 688 1281 728 Nedjd
1318 683 1347 718 i!
1387 689 1532 719 Huiusce
1561 700 1676 721 versus
1703 702 1811 723 ansam
1840 696 1934 725 tutem

147 753 247 784 tuisse
274 757 398 784 narrant
416 764 422 782 ε
451 754 550 784 Poeta
576 754 770 784 Atl'erusduk
789 764 883 794 quum
900 752 1057 783 Medinum
1086 753 1232 782 venisset
1259 751 1438 782 clientelam
1467 756 1577 791 petens
1594 763 1611 783 a
1630 754 1749 784 Saittdo
1770 756 1799 786 b.
1820 758 1934 787 Atahzi

145 817 174 846 b.
192 815 338 855 Abihissj.
358 816 524 852 Saunium,
552 816 633 856 apud
659 826 750 855 quem
772 817 958 846 Merwanus
985 815 1131 855 sedebat,
1150 814 1357 853 sequentibus
1388 814 1495 843 verbis
1516 814 1656 845 laudavit
1670 818 1778 854 (metr.
1793 818 1936 857 Wattm

145 878 344 918 Nobiles,
373 878 552 908 dominos
580 888 597 908 e
625 884 755 919 gente
774 879 992 918 Koratsch,
1020 878 1359 916 quotiescunque
1386 885 1515 906 casus
1543 877 1701 918 ingrati
1729 888 1804 919 sup
1820 890 1936 911 erve-

146 941 289 980 niunt,
320 944 489 970 stantes
519 940 661 981 vides,
689 941 776 971 dum
804 940 1011 971 Sailtdum
1042 941 1284 975 intuentur,
1313 939 1435 978 quasi
1464 941 1501 969 in
1540 948 1586 968 eo
1623 940 1756 971 lunam
1788 952 1936 974 novam

143 1003 331 1036 videant,
360 1004 557 1043 Meuianum,
581 1014 675 1042 quum
703 1013 845 1043 vei-sum,
862 1013 934 1043 qu0,
953 1013 1023 1033 eum
1046 1003 1144 1042 ipsum
1175 1001 1270 1037 velle,
1289 1006 1427 1041 putaret,
1447 1001 1581 1042 audiret,
1599 1002 1793 1033 »sedentes«
1811 1011 1938 1044 poetam

146 1070 351 1094 correcturus
375 1065 462 1094 dixit.
482 1065 523 1094 At
551 1071 643 1104 poeta
668 1074 803 1105 ιιι-38ης,
831 1065 878 1093 sic
906 1064 1069 1094 dicendum
1098 1063 1210 1101 fuisse,
1224 1063 1300 1094 iram
1318 1064 1473 1094 Merwani
1493 1066 1673 1095 concitavit.
1702 1068 1937 1108 Moahwijahus

145 1126 226 1155 inter
256 1126 454 1155 Merwanum
484 1133 515 1155 et
540 1125 691 1155 Siiihdum
721 1127 811 1155 unius
839 1126 910 1155 anni
929 1127 1069 1157 inducias
1090 1128 1323 1167 paciscebatur.
1377 1128 1564 1157 Merwanus
1598 1134 1702 1159 autem
1731 1127 1790 1165 (ΙΙ.
1812 1126 1939 1165 689.)

149 1188 278 1228 imperio
313 1190 433 1228 potitus
471 1188 552 1218 banc
590 1189 628 1218 ob
663 1198 792 1218 causam
819 1189 1006 1220 Fet-asdako
1034 1190 1072 1220 ad
1101 1189 1297 1229 praefectum
1328 1198 1418 1219 suum
1446 1189 1475 1218 in
1504 1190 1571 1218 loco
1600 1190 1785 1231 Aldbarijali
1818 1194 1939 1224 litteras

147 1250 245 1288 dedit,
273 1251 398 1290 quibus.
418 1257 451 1280 ut
479 1256 603 1290 poetam
636 1251 772 1290 puniret,
801 1252 1025 1290 imperaverat,
1053 1255 1181 1291 poetae,
1210 1260 1248 1280 se
1276 1249 1454 1279 mandatum
1485 1249 1556 1279 doni
1585 1256 1710 1281 centum
1738 1252 1939 1284 denariorum

148 1313 277 1344 misisse
304 1313 415 1343 dicens
487 1314 563 1343 'l'um
594 1315 782 1343 Moru-anus
818 1316 863 1343 rei
895 1314 1118 1352 poenitentiam
1149 1323 1251 1355 agens
1278 1312 1466 1343 Ferasdako
1495 1312 1625 1351 scripsit
1652 1312 1760 1350 (metr.
1788 1314 1938 1355 Camel):

149 1375 398 1406 Ferasdako
427 1376 515 1416 dic,
554 1381 593 1405 et
633 1376 832 1405 stultitia
862 1376 998 1405 instar
1025 1375 1203 1405 nominis
1230 1373 1301 1403 sui
1329 1377 1412 1413 est,
1440 1373 1496 1413 si,
1524 1374 1629 1413 quod
1658 1374 1738 1404 tibi
1772 1377 1940 1408 manda·-

147 1445 302 1478 veram,
330 1439 531 1478 omisisti,
561 1439 597 1467 in
627 1439 847 1479 regionem
877 1437 1018 1478 Nedjd
1047 1437 1362 1477 proficiscere3
1389 1435 1484 1464 sine
1509 1434 1744 1476 Medinam,
1771 1447 1861 1468 nam
1891 1449 1941 1470 ea

147 1499 480 1539 vituperatione
508 1501 637 1542 digna
665 1506 759 1538 est,
788 1506 830 1532 et
860 1503 1051 1532 Meccatn
1079 1504 1152 1531 aut
1182 1499 1229 1528 Hi
1246 1498 1533 1538 erosolymas
1562 1493 1704 1527 tende!
1733 1498 1940 1530 Ferasdakus

148 1560 176 1590 ei
204 1563 374 1600 sequentia
400 1562 563 1601 respondit
591 1565 698 1600 (metr.
730 1563 878 1602 CamelJ:
907 1562 934 1592 0
964 1563 993 1592 M
1009 1572 1025 1592 e
1040 1572 1053 1591 r
1066 1571 1126 1592 wa
1142 1571 1159 1590 n
1175 1555 1214 1590 e!
1255 1560 1493 1590 iumentum
1522 1568 1551 1588 m
1565 1568 1581 1589 e
1597 1570 1615 1590 u
1633 1570 1659 1590 in
1688 1570 1706 1591 a
1720 1561 1738 1591 d
1754 1562 1761 1590 Ι
1778 1562 1899 1603 igatu
1911 1573 1938 1592 m

148 1626 222 1651 est
257 1621 421 1652 donum
461 1632 668 1662 sperans
705 1628 751 1653 et
784 1624 887 1655 eius
917 1624 1130 1654 dominus
1159 1621 1275 1652 haud
1303 1620 1603 1660 desperavit.
1645 1622 1700 1652 'l'u
1728 1623 1822 1653 mihi
1851 1625 1942 1663 epi-

148 1685 319 1715 stolam
346 1686 511 1727 sigillo
541 1687 736 1717 clausam
763 1687 878 1717 dono
906 1686 1112 1728 dedisti,
1132 1683 1369 1726 quaemihi
1397 1687 1554 1712 metum
1582 1683 1682 1714 doni
1714 1685 1940 1716 interitus

149 1746 416 1786 injiciebat.
470 1748 496 1777 Ο
526 1744 814 1779 Ferasdake!
853 1749 1094 1788 epistolam
1134 1749 1315 1788 abjice,
1353 1757 1400 1776 ne
1427 1748 1554 1777 lactis
1582 1758 1753 1788 expers
1780 1752 1942 1780 camela

149 1809 229 1849 sit,
270 1809 410 1839 instar
450 1810 668 1849 epistolae
706 1811 1028 1842 Motalammesi.
1083 1812 1130 1842 De
1162 1810 1232 1840 hice
1254 1810 1402 1839 versibus
1431 1809 1578 1840 conferas
1607 1811 1832 1841 Ebu-Challik.
1862 1812 1940 1840 Nro.

150 1870 231 1900 788.
278 1871 439 1900 Posterior
473 1881 588 1902 versus
627 1883 699 1912 pars
738 1874 940 1912 proverbium
976 1873 1117 1912 respicit.
1181 1872 1268 1902 Meid
1307 1871 1344 1902 C.
1374 1874 1406 1910 5,
1439 1872 1518 1903 112.
1550 1873 1604 1905 14.
1636 1872 1692 1903 31.
1733 1873 1940 1904 Ferasdakus

148 1937 254 1962 autem
283 1943 384 1972 neque
416 1936 454 1963 ad
482 1935 680 1964 Merwanum
709 1935 852 1964 ebalifam
880 1945 983 1974 neque
1011 1935 1050 1965 ad
1079 1934 1382 1965 Alibd-Almalicum
1412 1940 1466 1964 aut
1495 1934 1685 1964 Alwaiitlum
1712 1935 1864 1964 accessit.

149 2003 182 2032 8.
226 2002 368 2040 Superbe
390 2007 582 2043 incedentis,
607 2016 623 2034 e
652 2007 785 2042 superbe
817 2007 979 2034 incedente
1011 2008 1138 2042 yenilae
1167 2009 1197 2033 et
1224 2005 1341 2033 camelo
1373 2007 1455 2033 muri
1475 2005 1601 2039 similis,
1627 2007 1718 2034 cuius
1739 2016 1824 2034 murs
1847 2016 1940 2043 (lucam

554 2062 764 2089 n1111!1'‹1relr‹·1·.
787 2061 911 2096 pecoris
934 2062 1035 2087 nostrl
1054 2062 1163 2095 pastor
1187 2059 1381 2087 releemeuter
1401 2059 1549 2095 ploravit.

265 2116 337 2144 Atio
367 2115 458 2144 modo
486 2116 634 2145 camelam
665 2121 813 2154 tanquam
841 2117 1011 2154 pretiosam
1041 2114 1203 2147 describit.
1269 2114 1432 2144 Camelam
1459 2115 1579 2144 cameto
1608 2114 1682 2144 mari
1710 2114 1840 2144 similem
1869 2124 1943 2144 esse

149 2186 197 2207 sc.
226 2176 326 2217 figura
355 2177 539 2215 roboreque,
567 2177 649 2206 laudi
678 2177 810 2207 habetur
838 2186 910 2207 con
923 2178 943 2207 f.
973 2177 1061 2208 Cabb
1090 2177 1116 2209 b.
1142 2177 1259 2207 Sohair
1286 2187 1317 2206 v.
1346 2177 1398 2207 18.
1469 2177 1633 2207 Pastorem
1662 2176 1854 2207 camelorum
1874 2179 1943 2206 eius

151 2243 253 2268 morte
281 2244 342 2268 tam
369 2238 530 2268 adflictum
559 2238 670 2276 ruisse,
700 2244 733 2269 ut
760 2239 968 2269 vehementer
995 2239 1143 2278 ploraret.

150 2309 185 2339 9.
229 2310 425 2338 Alarlatalem
449 2313 480 2338 in
503 2320 657 2339 sommium
680 2314 746 2339 eius
769 2312 896 2340 dorsuna
920 2311 1108 2339 adscendere
1131 2312 1211 2339 ius-si
1232 2314 1263 2339 et
1282 2314 1427 2339 nmctans
1450 2311 1548 2339 sellae
1568 2309 1680 2338 similis
1700 2310 1807 2347 factus
1829 2299 1899 2337 est}

250 2365 412 2396 Mactandi
440 2365 564 2395 modum
593 2366 754 2397 describit.
809 2366 903 2405 Quod
930 2372 1120 2397 mactantem
1147 2367 1276 2397 dorsum
1301 2368 1371 2397 eius
1401 2367 1623 2398 conscendere
1652 2368 1750 2404 iubet,
1777 2366 1872 2396 huius
1901 2370 1945 2397 rei

151 2436 280 2458 causam
318 2429 347 2458 in
381 2438 419 2458 eo
457 2428 648 2458 scholiastes
680 2429 819 2469 invenit,
853 2428 937 2469 quod
965 2439 1058 2459 manu
1085 2438 1242 2460 summam
1269 2436 1389 2470 partem
1417 2429 1501 2459 haud
1529 2430 1607 2459 bene
1641 2429 1800 2470 attingere
1829 2429 1940 2468 possit.

150 2489 404 2531 Magnitudinem
432 2492 527 2532 igitur
557 2491 668 2520 cameli
696 2491 855 2521 describit.

174 2570 202 2598 Ι)
221 2572 237 2594 t.
256 2579 278 2595 e.
297 2573 439 2596 stultitiam
467 2580 514 2603 per
531 2580 561 2597 se
580 2577 681 2605 turpem
701 2583 760 2599 esse
779 2576 848 2600 sicut
867 2577 922 2600 eius
941 2584 1034 2601 nonien
1054 2582 1128 2608 turpe
1147 2578 1191 2602 sit.

175 2616 208 2647 2)
227 2617 340 2642 saumas
359 2626 429 2642 anno
447 2621 483 2642 4³
503 2622 642 2644 stetu-aun
663 2625 763 2645 remoto
783 2623 906 2645 Medinat:
926 2624 1119 2652 praefecturam
1140 2623 1260 2645 obtinuit.
1303 2623 1373 2645 {nnn
1392 2622 1427 2644 5⁴
1448 2626 1565 2645 rentotus
1585 2625 1633 2646 est.
1654 2628 1667 2644 e
1681 2621 1745 2644 ouf.
1778 2621 1854 2644 Citati
1875 2621 1947 2644 'sah-

217 2663 415 2688 usim-rasum}
435 2672 458 2695 p.
479 2666 542 2689 546.
580 2667 674 2690 Filium
695 2668 779 2696 putris
798 2667 839 2690 sui
858 2675 916 2691 eum
935 2669 1091 2698 affimavit,
1111 2669 1180 2698 quud
1201 2673 1277 2697 pater
1297 2667 1404 2696 ignotus
1424 2671 1502 2690 esset.
