2155 2892
880 129 1048 160 —326
1117 144 1161 150 —

230 235 289 264 Hic
324 241 441 262 versus
480 241 578 262 sensu
608 241 679 262 cum
708 230 847 270 proxime
874 234 1029 268 sequente
1056 228 1216 258 cohaeret.
1279 229 1313 257 In
1340 232 1427 258 statu
1456 227 1592 258 feminae
1616 227 1655 258 ab
1682 228 1751 268 ipso
1780 233 1905 259 amatae

119 295 327 328 describendo
354 294 471 333 incipit.
524 294 643 324 Vocem
670 292 708 337 Ol
735 302 791 332 pro
819 290 857 321 ast
886 302 974 332 esse,
1002 292 1197 321 scholiastes
1227 302 1245 321 e
1272 297 1426 331 sequente
1453 301 1534 321 voce
1561 288 1601 320 aet
1629 292 1749 330 probat.
1801 293 1903 332 Ipsam

120 364 224 390 autem
252 367 330 394 rem,
359 366 450 395 quam
478 355 636 394 particula
662 353 685 383 ΣΞ
713 359 859 395 negetur,
876 355 1206 384 nomeuNunnatione
1232 355 1386 394 privatum
1415 364 1498 388 esse,
1525 354 1627 385 conf.
1657 354 1765 385 Gram.
1786 356 1841 386 Ar.
1868 357 1904 385 T.

118 425 146 453 ΙΙ
167 433 196 461 p.
213 420 269 451 63.
299 421 439 450 Arabum
459 418 666 460 grammatici,
683 421 710 448 si
737 417 891 447 suffixum
910 417 949 446 ad
975 422 1072 447 totam
1100 417 1228 456 phrasin
1258 418 1396 457 respicit,
1415 418 1444 448 id
1464 415 1627 464 ,³355qu
1649 421 1702 447 aut
1714 414 1907 462 lesffflb

121 485 318 525 appellarunt
345 483 418 513 ibid.
447 493 476 522 p.
506 481 587 512 372.
653 480 853 510 Scholiastes
889 488 988 508 voces
1024 478 1105 525 &²5⁸
1143 483 1232 520 &Osa
1260 482 1359 511 locum
1390 481 1534 519 subiecti,
1561 489 1660 510 voces
1690 477 1767 516 lasti:
1793 490 1907 522 &xxm

118 549 220 579 locum
248 547 421 587 praedicati
460 551 570 576 tenere
598 546 783 585 adnotavit,
824 546 895 575 dum
932 555 998 575 vox
1038 545 1141 589 &salsa
1170 554 1278 575 casum
1305 544 1530 573 nominativum
1557 548 1704 582 tanquam
1732 544 1907 574 subiectum

121 607 225 650 (dxli)
252 610 344 639 vocis
371 619 486 651 cauma
514 609 682 637 obtinuerit
717 605 839 650 (conf.
873 607 984 638 Gram.
1012 609 1067 640 Ar,
1095 608 1131 636 Τ.
1160 609 1186 636 11
1214 617 1242 646 p.
1272 606 1316 636 98
1345 603 1419 647 sq).
1448 606 1527 636 Voci
1555 605 1664 650 &⁰⁸:⁶⁹⁴
1690 606 1817 645 proprie
1843 605 1908 636 veli

119 682 216 712 super
243 673 347 701 locum
376 671 500 700 extensi
536 669 729 710 significatio
763 674 832 708 est,
867 674 933 698 tum
961 670 990 698 in
1016 670 1119 708 ipsum
1147 671 1318 698 tentorium
1346 668 1548 697 transfertur.
1591 668 1673 698 Velo
1701 673 1807 697 autem
1835 672 1908 697 ten-

123 735 195 765 torii
222 735 347 764 incolae
374 734 412 763 ab
439 732 569 762 aliorum
598 731 755 770 adspectu
783 730 1006 761 defenduntur.

123 834 155 863 6.
197 832 296 862 Oculo
319 841 366 859 me
385 832 504 867 petivit,
528 838 588 867 quo
610 829 640 855 si
659 831 802 856 armatus
822 831 938 865 petitas
961 832 1054 869 esset,
1078 832 1146 859 eins
1169 830 1312 866 iuynhem
1334 832 1365 858 et
1384 829 1499 857 lacinia
1521 829 1642 857 indu-sii
1659 831 1816 866 sanyuine
1836 830 1907 857 irri-

912 887 988 920 9s1lu
1010 887 1117 912 essent

121 954 152 984 7.
195 953 243 981 Et
262 951 422 980 oculorum
445 951 570 986 intrata,
585 952 674 978 cuius
688 949 836 987 splendor
849 950 976 987 pluviae
994 950 1107 988 fulqur
1129 952 1297 988 videretur,
1314 951 1404 979 cuius
1416 949 1544 987 pluviae
1565 949 1676 987 larque
1698 951 1731 978 in
1754 952 1909 987 reqionem

867 1006 975 1042 Nedjzl
994 1007 1161 1034 duclmlur.

226 1074 330 1112 Quum
356 1084 374 1104 a
399 1074 531 1104 custode
559 1078 725 1113 tantopere
752 1083 789 1103 se
817 1074 1007 1104 custoditam
1037 1075 1209 1114 sensisset,
1229 1078 1386 1104 amantem
1421 1072 1523 1102 oculis
1551 1071 1711 1112 adspexit,
1742 1072 1771 1101 in
1800 1072 1911 1110 quibus

124 1143 189 1167 tum
216 1137 293 1166 iram
333 1140 396 1166 tum
429 1147 518 1176 spem
558 1141 590 1166 et
627 1145 762 1166 amorem
791 1136 987 1167 ostenderet.
1050 1136 1236 1175 Adspectus
1273 1135 1409 1165 feminae
1445 1135 1483 1164 ab
1512 1137 1582 1174 ipso
1611 1141 1736 1166 amatae
1763 1146 1855 1176 quum
1883 1136 1914 1165 in

125 1210 180 1230 cor
208 1202 341 1229 amantis
370 1204 535 1239 penetret,
562 1208 631 1229 eum
659 1208 728 1228 cum
772 1199 893 1238 sagitta
928 1198 1115 1228 vulnerante
1149 1204 1244 1237 poeta
1281 1199 1421 1229 contulit.
1477 1199 1536 1228 Hic
1579 1198 1776 1238 comparandi
1802 1198 1915 1228 modus

125 1267 188 1292 tum
218 1271 259 1290 ex
293 1260 382 1290 verbi
409 1272 473 1306 σε)
501 1269 573 1299 usu,
600 1264 665 1290 tum
695 1271 735 1290 ex
762 1261 982 1290 vulneratione
1011 1262 1228 1302 cognoscitur,
1281 1262 1355 1291 Vox
1385 1258 1464 1299 lad,
1508 1271 1589 1300 quae
1617 1270 1800 1300 quamquam
1826 1261 1917 1290 verbi

126 1325 284 1354 obiectum
313 1329 376 1363 est,
404 1329 510 1353 tamen
538 1329 612 1352 ante
641 1325 770 1354 verbum
800 1324 900 1353 locum
930 1324 1084 1364 obtinuit,
1125 1324 1217 1354 armis
1245 1324 1370 1353 omnino
1398 1329 1518 1354 tectum
1554 1323 1714 1364 designat.
1778 1324 1865 1353 Talis
1893 1323 1918 1353 si

125 1386 217 1416 modo
245 1386 406 1425 descripto
434 1386 639 1426 vulneratur,
682 1387 804 1426 sagitta
839 1386 1022 1416 acutissima
1049 1388 1091 1416 sit
1120 1393 1152 1417 et
1180 1392 1297 1417 tantam
1325 1387 1492 1428 sanguinis
1522 1389 1643 1425 copiam
1671 1386 1698 1415 si
1724 1387 1911 1415 vulneratus

126 1450 252 1490 amittit,
282 1450 399 1480 vulnus
427 1449 541 1479 lethale
568 1450 610 1479 sit
637 1453 774 1488 oportet.
828 1449 967 1478 Petitum
995 1451 1133 1479 occisum
1161 1450 1195 1478 iri
1225 1449 1410 1490 significare
1437 1449 1518 1479 vult.
1546 1449 1621 1478 Vox
1649 1444 1743 1486 [κὴ-ἐ,
1766 1447 1804 1477 de
1826 1447 1915 1477 cuius

126 1512 259 1551 speciali
285 1512 447 1552 sanguinis
475 1510 707 1551 significatione
736 1511 956 1551 lexicographi
983 1522 1044 1542 non
1063 1513 1277 1552 consentiunt,
1297 1521 1391 1551 quum
1412 1512 1510 1541 verbo
1534 1513 1710 1541 accuratius
1738 1510 1914 1540 definiendo

128 1574 258 1621 (ij-stam)
284 1575 449 1612 inserviat,
478 1584 584 1604 casum
616 1575 830 1604 accusativum
857 1574 988 1613 accepit,
1034 1575 1103 1603 Hoc
1129 1580 1233 1603 autem
1264 1574 1335 1603 visu
1364 1574 1497 1603 feminae
1525 1573 1608 1611 iram,
1636 1582 1727 1612 quam
1757 1577 1811 1602 ant
1839 1582 1916 1602 con-

129 1641 177 1666 tra
204 1636 365 1666 custodem
393 1638 577 1676 conceperit
604 1642 658 1667 aut
674 1641 783 1667 contra
811 1642 980 1677 amantem,
1000 1638 1049 1676 qui
1077 1633 1276 1667 occasionem
1305 1636 1515 1665 conveniendi
1536 1636 1619 1665 haud
1648 1636 1814 1675 invenerit,
1838 1635 1919 1665 indi-

129 1709 201 1730 care
227 1700 354 1729 videtur
391 1706 496 1740 poeta.
561 1702 594 1730 ln
622 1701 800 1740 posteriore
826 1710 925 1730 versu
960 1699 1105 1728 intuitum
1143 1698 1294 1727 leviorem
1336 1697 1494 1727 describit.
1550 1697 1651 1735 Quem
1681 1707 1773 1736 quum
1802 1697 1919 1738 fulguri

130 1762 269 1801 pluviae,
297 1763 385 1792 cuius
414 1768 535 1792 tractus
562 1763 648 1804 longi
688 1763 907 1803 in'lregionem
934 1761 1042 1800 Nedjd
1070 1760 1219 1799 tendant,
1248 1760 1495 1798 comparaverit,
1523 1759 1592 1789 fieri
1620 1763 1738 1800 potest,
1765 1764 1797 1789 ut
1826 1764 1920 1799 poeta

131 1832 232 1863 spem,
263 1824 343 1864 fore,
372 1830 406 1854 ut
433 1826 501 1854 alibi
529 1830 709 1854 conventus
739 1825 793 1865 sit,
820 1825 958 1855 indicare
985 1824 1133 1853 voluerit.
1161 1823 1359 1853 Scholiastes
1387 1824 1415 1852 in
1441 1832 1541 1852 versu
1570 1823 1759 1861 promissum
1788 1822 1919 1862 invenit,

131 1891 165 1916 ut
191 1896 252 1915 uno
280 1887 393 1915 intuitu
421 1886 555 1926 occidat,
583 1887 682 1916 altero
712 1887 741 1915 in
769 1887 867 1916 vitam
895 1891 1054 1919 revocet:
1083 1886 1140 1915 sed
1168 1886 1283 1915 femina
1311 1886 1363 1915 tali
1392 1885 1483 1915 modo
1500 1885 1655 1915 custodita
1681 1885 1721 1913 nil
1738 1884 1918 1923 promittere

132 1952 249 1987 potest.
303 1948 351 1977 De
380 1948 471 1976 vocis
499 1950 594 1975 ›ew-w
622 1947 854 1988 significatione
883 1948 1101 1989 lexicographi
1130 1959 1188 1977 non
1217 1950 1341 1978 omnino
1369 1948 1575 1978 consentiunt.
1629 1948 1662 1976 In
1691 1951 1798 1976 nostro
1816 1956 1918 1976 versu

132 2010 229 2039 striae
253 2010 643 2050 nubislongae,amagna
660 2010 742 2039 nube
770 2015 951 2049 separatae,
979 2011 1153 2051 significari
1180 2011 1339 2051 videntur,
1368 2011 1489 2051 origine
1517 2010 1597 2039 enim
1627 2019 1684 2039 sua
1700 2019 1766 2038 vox
1794 2011 1919 2048 proprie

135 2081 258 2101 omnem
286 2081 350 2101 rem
378 2072 408 2100 in
435 2072 563 2112 longum
591 2073 701 2102 fissam
731 2077 783 2102 aut
810 2072 933 2102 ductam
960 2072 1145 2113 significans
1173 2074 1202 2102 in
1228 2073 1335 2102 varias
1363 2071 1535 2102 huiusmodi
1563 2081 1614 2101 res
1644 2072 1797 2102 translata
1821 2076 1882 2101 est.

956 2204 1103 2237 XXV.

137 2270 205 2314 (ιι.
227 2269 360 2314 558.)
585 2271 697 2304 Abu
713 2287 733 2297 -
748 2271 1076 2304 l'Tlhamahan
1105 2270 1316 2305 Kainita
1339 2270 1475 2312 «lixit,

220 2355 341 2384 Poetae
368 2363 481 2384 nomen
510 2354 580 2384 aliis
608 2353 807 2384 llenthselah
837 2354 864 2383 b.
894 2353 1077 2394 Alscharki,
1104 2354 1173 2383 aliis
1202 2354 1325 2384 Rabiah
1352 2355 1380 2384 b.
1410 2355 1498 2385 Auhf
1522 2355 1550 2385 b.
1567 2354 1692 2386 Ghanm
1720 2354 1748 2383 b.
1778 2353 1920 2384 Cinanah

138 2417 167 2446 b.
195 2416 291 2456 Djasr
318 2421 397 2446 erat.
450 2417 536 2446 Ante
568 2417 672 2446 lslami
698 2417 815 2446 initium
842 2416 958 2444 vivens
986 2424 1084 2453 eques
1113 2421 1181 2445 erat
1209 2417 1410 2446 incursiones
1438 2416 1572 2445 hostiles
1608 2416 1734 2445 faciens.
1794 2414 1921 2453 Pauper

139 2489 265 2518 quoque
291 2485 360 2509 erat
389 2485 608 2519 constansque
636 2479 708 2509 Cit.
737 2479 958 2519 Alaghaui.
1010 2479 1096 2508 Inter
1123 2480 1247 2510 Arabes
1276 2489 1401 2520 quoque
1428 2480 1477 2508 vir
1505 2476 1802 2508 Abu-l‘Thamahan
1830 2477 1919 2506 Asa-

141 2541 206 2570 dita
234 2546 375 2580 tempore
402 2541 529 2580 Iosephi
557 2542 585 2571 b.
614 2541 733 2571 Olimar
761 2542 900 2583 (legebat
926 2550 986 2570 nec
1013 2549 1073 2569 non
1105 2542 1398 2572 Abu-l'Thamahan
1427 2540 1633 2572 Nahschalita
1661 2545 1693 2570 et
1720 2539 1922 2569 Abu-l‘Tha-

144 2602 255 2632 mahan
281 2602 430 2642 Thajjita.
494 2603 620 2633 Nomen
648 2603 832 2634 'l'hamahau
860 2614 878 2634 a
906 2603 1005 2633 verbo
1033 2598 1097 2639 siml·
1124 2601 1203 2655 &ab
1229 2605 1397 2635 sublato
1426 2604 1505 2634 fuit
1539 2611 1639 2632 naso
1665 2602 1684 2633 i.
1713 2611 1738 2632 e.
1767 2602 1924 2641 superbus
