2155 2892
874 145 1144 176 —610—

121 247 254 278 ahenum
275 255 364 285 quam
391 245 432 275 ad
459 254 585 284 carnes,
601 253 682 283 quae
710 243 799 273 modo
830 243 979 274 tollantur
1008 242 1099 272 modo
1127 242 1385 283 submergantur,
1405 240 1516 271 referri
1546 246 1693 280 possunt.
1722 241 1808 272 Idem
1826 251 1907 281 quo-

121 319 181 348 que
210 308 248 337 de
277 308 377 338 altera
404 316 522 336 versus
549 312 639 346 parte
666 306 877 336 iudicandum.
907 306 987 335 Voci
1007 301 1096 346 bsai:
1115 305 1139 335 si
1160 314 1256 335 casus
1284 304 1491 335 accusativus
1522 309 1586 345 est,
1614 313 1685 334 cum
1716 313 1797 334 voce
1815 302 1908 335 ιω.)

119 370 289 403 cohaeret,
324 369 373 398 sin
406 369 639 408 nominativus,
668 373 702 398 ut
737 370 767 398 in
802 368 957 398 Mersukii
996 368 1115 405 codice,
1150 367 1364 407 praedicatum
1391 368 1524 398 subiecti
1551 367 1661 396 omissi
1689 371 1750 396 est.
1809 367 1910 396 Poeta

119 433 252 462 ahenum
279 441 347 461 cum
368 436 496 470 pectore
514 432 768 462 struthiocameli
796 435 968 470 comparat,
984 435 1017 460 ut
1046 430 1119 460 mihi
1145 430 1284 470 videtur,
1307 430 1346 459 ob
1365 430 1500 459 colorem
1521 429 1749 467 rotundamque
1766 428 1909 457 formam.

118 495 273 524 Fortasse
300 493 594 523 struthiocamelum
622 494 652 523 in
681 493 752 523 nido
780 494 947 523 sedentem
975 493 1117 532 respicit.
1179 491 1326 522 Studium
1352 501 1478 531 quoque
1504 492 1534 521 in
1564 492 1711 522 carnibus
1738 491 1910 530 coquendis

120 561 153 587 ut
176 555 337 593 ostendat,
356 556 394 585 ab
414 555 516 584 aheno
545 566 646 595 parva
673 556 759 596 ligna
786 559 904 585 remota
931 565 1006 585 esse
1034 555 1120 591 dicit,
1149 565 1220 585 nam
1248 554 1370 595 magnis
1398 553 1492 594 lignis
1520 563 1657 595 magnus
1687 553 1770 594 ignis
1797 562 1912 583 accen-

119 620 202 650 ditur
230 620 342 651 conf.
371 620 464 649 Ham.
492 620 530 649 ἽἹ·
559 629 591 648 v.
622 618 666 660 3.,
695 628 755 658 quo
784 628 898 649 carnes
926 618 1020 649 citius
1047 622 1235 656 coquantur.

118 717 146 746 6.
192 717 345 747 Omnibus
365 719 553 754 eoepositmn,
578 716 644 744 velo
661 716 750 744 haud
763 718 887 749 lectum,
914 724 1008 752 qulam
1025 713 1175 742 luctantis
1197 710 1379 753 (feminae)
1404 716 1575 742 emaciatae
1585 713 1754 752 funiculus
1777 713 1910 741 medium

802 778 917 805 corpus
942 770 1074 804 cz'uyens
1094 770 1242 796 moretur.

219 839 460 868 Liberalitatem
489 847 526 867 eo
555 837 705 876 ostendit,
733 837 816 876 quod
843 836 975 867 ahenum
1002 838 1146 867 omnibus
1174 837 1357 877 expositum
1385 840 1418 865 et
1446 835 1531 866 haud
1559 839 1676 866 tectum
1704 836 1803 865 fuisse
1831 836 1915 866 dicat

121 902 244 942 (conf.
273 902 366 931 Ham.
394 902 430 930 ‘ru
459 911 490 930 v.
519 900 570 939 3.)
598 904 737 939 tempore
764 909 907 929 summae
934 900 1069 939 inopiae.
1122 901 1254 930 Femina
1281 900 1406 930 lactans
1434 908 1529 938 quum
1555 899 1637 928 bene
1664 899 1821 928 nutriatur
1855 909 1914 928 ne-

120 975 216 996 cesse
246 965 298 1002 sit,
325 964 354 992 in
382 973 420 993 eo
447 973 589 992 summae
616 964 739 1002 inopiae
766 964 911 993 indicium
939 967 1000 1003 est,
1029 963 1111 1002 quod
1145 963 1218 992 talis
1253 962 1369 991 femina
1403 961 1442 990 ob
1469 961 1527 990 cibi
1553 961 1716 991 defectum
1742 964 1915 992 emacietur

121 1032 153 1057 et
180 1027 305 1066 quidem
333 1027 430 1057 talem
458 1027 487 1056 in
515 1027 657 1067 modum,
685 1031 720 1056 ut
747 1026 854 1065 filum,
890 1035 951 1065 quo
979 1026 1060 1056 oculi
1088 1025 1217 1066 maligni
1240 1033 1356 1054 noxam
1389 1027 1539 1054 avertere
1572 1022 1758 1061 studebant,
1798 1024 1915 1054 circum

122 1090 255 1120 medium
283 1098 401 1128 corpus
417 1089 544 1119 firmiter
559 1090 691 1129 ligatum
718 1092 912 1119 moveretur.
964 1089 1012 1118 De
1041 1088 1095 1117 tali
1123 1087 1174 1117 filo
1202 1088 1215 1116 Ι
1242 1097 1270 1126 p.
1287 1085 1358 1116 353
1386 1086 1532 1116 diximus.
1561 1086 1715 1116 Solebant
1742 1085 1827 1116 filum
1855 1087 1917 1116 tale

122 1161 220 1192 puero
248 1153 332 1182 circa
359 1151 494 1182 medium
525 1160 641 1191 corpus
669 1152 792 1193 ligare3
833 1150 893 1181 sed
935 1160 953 1180 e
981 1154 1090 1180 nostro
1128 1149 1199 1179 loco
1235 1151 1392 1178 coniicere
1424 1148 1514 1188 licet,
1548 1148 1648 1187 primo
1683 1152 1757 1186 post
1793 1151 1918 1186 partum

122 1218 276 1253 tempore,
304 1214 374 1244 dum
400 1213 504 1243 infans
532 1214 641 1244 matris
668 1223 833 1243 mammam
860 1217 1007 1258 sugeret,
1035 1211 1122 1242 filum
1148 1210 1223 1241 iliud
1249 1211 1368 1241 circum
1396 1212 1504 1240 matris
1534 1209 1670 1240 medium
1690 1218 1806 1248 corpus
1834 1209 1918 1249 liga-

122 1282 185 1307 tum
212 1277 324 1307 fuisse.

906 1370 1125 1405 Lxxxl.

451 1438 691 1474 Senon-aih
715 1439 760 1472 ln.
784 1438 1025 1472 Alahwaz
1048 1438 1088 1470 h.
1112 1434 1337 1477 njahfar
1364 1435 1405 1467 h.
1432 1433 1587 1468 Cilan-

125 1510 154 1538 Ι.
199 1509 327 1545 Quoties
356 1511 398 1545 ei,
431 1510 486 1547 qui
515 1518 623 1538 canem
654 1509 697 1537 ad
716 1509 897 1537 lalrandum
919 1507 1094 1540 eoece'labah
1120 1506 1288 1543 Itospae'tium
1318 1507 1507 1533 nocturnum
1529 1502 1732 1535 desideranti,
1757 1500 1830 1529 dum
1851 1510 1921 1530 eum

600 1563 797 1591 obscuritatis
819 1562 888 1590 vela
910 1562 970 1590 duo
993 1563 1122 1598 eiusque
1144 1559 1299 1588 velamina
1321 1558 1474 1594 leqebtml,

226 1633 274 1662 De
302 1632 362 1661 hoe
389 1641 487 1662 versu
515 1631 626 1662 conf.
654 1632 748 1662 Ham.
775 1633 818 1661 vin
844 1640 876 1659 v.
905 1630 936 1660 5.
965 1629 1010 1659 νδ·
1038 1639 1069 1659 v.
1098 1628 1130 1658 2.
1159 1632 1192 1657 et
1219 1626 1273 1656 vf?
1299 1636 1331 1656 v.
1356 1625 1388 1655 3.
1433 1625 1508 1655 Vox
1541 1622 1662 1669 [ἣρω
1693 1623 1919 1654 »obscuritatis

128 1697 322 1734 velamina«,
349 1705 427 1734 quae
456 1697 528 1726 voci
557 1695 654 1734 &Sim
680 1695 917 1736 significatione
942 1692 1102 1722 simillima
1125 1690 1186 1729 sit,
1223 1689 1280 1717 vix
1314 1688 1471 1717 sermonis
1499 1688 1533 1715 vi
1562 1684 1732 1726 augendae
1762 1685 1920 1714 inservire

130 1763 249 1798 potest,
277 1768 372 1797 quum
402 1767 482 1787 voce
511 1756 619 1797 imm,
647 1757 696 1787 cui
722 1757 822 1787 dualis
850 1756 950 1785 forma
976 1754 1029 1792 sit,
1044 1753 1202 1782 sermonis
1230 1750 1280 1779 vis
1308 1754 1478 1789 augeatur)
1507 1757 1644 1777 necesse
1671 1746 1724 1775 sit.
1753 1745 1852 1783 Quam
1881 1745 1920 1775 ob

129 1829 254 1850 causam
282 1829 321 1849 ea
347 1820 466 1859 potius,
494 1823 528 1848 ut
555 1824 656 1848 metro
683 1817 991 1855 homoioteleutoque
1013 1813 1160 1854 satisfiat,
1181 1812 1288 1842 addita
1316 1812 1446 1841 videtur
1472 1815 1515 1848 et,
1535 1811 1565 1839 ni
1591 1810 1692 1848 fallor,
1722 1808 1854 1839 eandem
1882 1807 1921 1837 ob

130 1892 259 1913 causam
290 1883 370 1912 alter
397 1881 525 1922 legendi
554 1880 678 1919 modus,
694 1881 745 1920 qui
773 1881 802 1910 in
829 1879 914 1909 beati
942 1878 981 1908 de
997 1877 1096 1916 Sacyi
1124 1875 1233 1905 codice
1253 1873 1423 1912 invenitur,
1440 1870 1584 1917 &Dm-<2
1613 1876 1700 1901 ortus
1728 1876 1790 1909 est,
1805 1870 1922 1910 quippe

131 1956 192 1986 qua
218 1955 299 1975 voce
326 1945 434 1975 sensui
461 1945 536 1974 novi
565 1943 639 1984 quid
665 1943 808 1973 addatur.
872 1942 948 1971 Vox
976 1938 1044 1982 ,Αἵ
1072 1939 1157 1968 latus
1185 1937 1297 1967 domus
1324 1944 1343 1964 a
1370 1934 1544 1973 posteriore
1570 1937 1661 1972 parte
1688 1932 1848 1971 designat.

132 2045 164 2072 2.
209 2044 317 2079 Iynem
340 2051 451 2077 meum,
474 2044 510 2070 ut
530 2043 563 2069 in
582 2049 687 2069 aerem
707 2049 741 2068 se
763 2038 895 2076 tolleret,
918 2037 1074 2070 eoecitam·;
1097 2038 1172 2070 lum,
1194 2042 1289 2072 quum
1310 2041 1368 2069 per
1383 2040 1452 2060 eum
1468 2030 1582 2059 ductus
1607 2032 1699 2064 esset,
1724 2037 1821 2058 canes
1840 2037 1925 2057 meos

682 2093 853 2129 increpari,
877 2099 916 2119 ne
937 2089 1073 2118 mordax·
1094 2097 1201 2118 eorum
1219 2084 1391 2125 qanm'ret!

232 2166 281 2195 De
309 2164 369 2194 hoc
398 2173 497 2192 versu
518 2163 627 2193 confer
651 2162 744 2192 Ham.
770 2162 811 2191 *1⁸15
840 2171 871 2190 v.
904 2161 932 2190 1.
962 2162 1003 2189 vta
1021 2169 1052 2189 v.
1073 2159 1104 2187 4.
1124 2157 1167 2187 vft
1194 2168 1226 2188 v.
1244 2157 1276 2189 2.
1304 2156 1385 2186 Aliis
1414 2155 1493 2185 locis
1522 2164 1616 2194 quum
1643 2153 1764 2191 hospes
1792 2150 1923 2181 canibus

135 2233 246 2269 gratus
274 2235 348 2257 esse
377 2226 496 2256 dicatur
534 2226 628 2254 Ham.
655 2225 693 2253 vi‘i
721 2234 753 2253 v.
782 2223 835 2263 5.,
870 2227 905 2252 ut
931 2231 1004 2252 eum
1032 2230 1103 2250 oum
1131 2220 1247 2262 gaudio
1275 2220 1437 2258 excipiant
1475 2218 1574 2248 ibid.
1612 2219 1660 2247 ‘ino
1698 2225 1730 2245 v.
1760 2215 1802 2254 2„
1829 2218 1923 2253 poeta

134 2290 257 2320 nonnisi
286 2288 463 2318 mordacem
490 2296 600 2317 canem
629 2286 779 2324 increpat.
842 2283 1044 2313 Scholiastes
1072 2287 1178 2313 autem
1206 2283 1301 2313 talem
1330 2281 1433 2311 fuisse
1460 2282 1547 2321 dicit,
1576 2280 1627 2320 qui
1654 2278 1738 2318 apud
1766 2281 1924 2316 pastorem

135 2355 259 2395 degens
286 2352 446 2390 hospitem
473 2350 556 2380 haud
582 2352 716 2388 nosset,
756 2351 790 2376 ut
815 2355 886 2375 eum
913 2345 1067 2384 increpari
1094 2353 1175 2383 opus
1203 2349 1303 2374 esset.
1357 2343 1442 2372 Ante
1470 2343 1601 2372 verbum
1625 2351 1674 2384 ,ἐξ
1701 2343 1754 2368 aut
1785 2334 1924 2376 negandi

135 2416 293 2456 particula
318 2412 342 2443 ὃ)
370 2413 482 2444 omissa
512 2417 564 2442 est
601 2410 715 2442 conf.
751 2409 841 2439 Ham.
868 2409 912 2437 ΓἽΛ
939 2417 971 2438 v.
1000 2407 1032 2436 8.
1062 2409 1126 2443 aut,
1162 2405 1244 2444 quod
1269 2405 1342 2435 mihi
1369 2405 1470 2446 magis
1499 2404 1615 2443 placet,
1642 2410 1741 2432 voces
1767 2409 1812 2441 ,Η
1838 2401 1875 2442 0⁸
1906 2407 1924 2427 e

137 2488 231 2517 voce,
260 2487 341 2516 quae
368 2477 510 2507 timorem
538 2473 667 2515 indicat,
694 2472 814 2504 omissa
842 2470 990 2511 pendent.

136 2563 168 2590 3.
214 2562 258 2590 ΕΙ
277 2561 486 2597 pernoctavit,
509 2560 569 2587 etsi
588 2567 645 2593 pet·
666 2566 762 2586 unam
780 2559 903 2593 partem
924 2556 1026 2584 noctis
1048 2556 1105 2582 iter
1126 2555 1258 2591 fecerat,
1279 2555 1370 2581 nocte
1391 2552 1479 2586 bona,
1501 2551 1592 2578 cm'us
1616 2546 1700 2575 mala
1721 2547 1924 2573 evanum-cml.

235 2629 422 2660 Mersukius
449 2636 580 2657 versum
608 2626 697 2656 hisce
724 2625 832 2655 verbis
857 2624 1015 2663 explieat:
1042 2620 1116 2660 2³⁴4?
1135 2618 1185 2650 tab
1208 2623 1274 2665 5⁶³>
1301 2630 1373 2649 ωε
1400 2616 1471 2658 με
1497 2632 1539 2656 0-
1565 2617 1649 2659 &sut
1673 2611 1727 2658 Οἳ,
1756 2611 1831 2651 &kei
1849 2610 1923 2653 ³553>
