2155 2892
879 183 1122 214 -10-

116 296 318 327 aquarum
344 286 448 316 locis
474 285 604 316 situla
630 284 896 316 demittentis
924 289 1177 325 removetur3
1204 293 1277 314 nam
1304 280 1359 318 ὁὶ..)
1386 289 1437 314 est
1454 294 1510 325 pro
1537 281 1618 324 dex-0,
1644 291 1679 317 ut
1694 285 1737 318 ἵ.)
1765 297 1820 328 pro
1848 283 1899 316 bi

114 351 169 389 sit,
197 359 256 380 nec
281 358 343 379 non
369 347 540 389 sequentia
566 347 676 387 (metr.
691 347 849 386 Redjes):
878 346 926 377 Et
952 345 1160 376 desertum
1187 346 1372 386 perdens
1401 358 1504 390 eum,
1531 352 1596 388 qui
1622 356 1900 389 commoratur,

114 421 184 442 nam
210 409 299 441 exsto
325 415 378 441 est
404 420 460 451 pro
486 408 596 449 &lg-⁴2.
623 408 745 439 Eodem
772 417 896 447 quoque
924 406 1017 437 modo
1044 410 1075 436 iu
1101 408 1210 438 verbis
1234 409 1351 439 Coi-aui
1370 406 1459 452 (Sur.
1485 411 1540 451 15„
1563 406 1636 452 22.)
1667 412 1730 441 »Et
1758 412 1899 443 misimus

114 470 175 511 (p.
201 467 336 509 320.)
375 478 493 504 ventos
533 472 765 502 fecundantes«
806 469 895 508 (nam
923 463 992 519 53⁸5
1028 478 1084 508 pro
1120 469 1201 520 esda
1236 472 1315 510 est).
1368 472 1450 502 Eum
1488 472 1665 503 doctrinam*
1700 474 1899 513 grammatici

112 537 308 568 Alachfasch
336 537 487 577 appellati
516 533 620 579 (mort.
649 534 718 563 215
747 537 802 563 aut
831 529 918 575 221)
954 536 1101 562 secutum
1129 542 1205 563 esse
1232 533 1346 564 dicunt.
1401 534 1638 566 Grammaticus
1663 535 1815 565 Alnamiri
1843 544 1900 564 co-

112 602 318 641 gnominatus
342 608 472 634 sensum
499 597 582 627 hunc
608 605 684 626 esse
713 595 810 626 dixit:
846 597 977 626 Mortuo
1005 595 1091 625 Ausa
1118 605 1136 624 e
1162 595 1299 627 vivente
1325 595 1484 626 Ghai-lano
1512 601 1638 636 poetam
1666 598 1815 646 solatium
1843 607 1900 627 ce-

112 663 215 702 pisse,
243 667 279 693 ut
296 659 560 693 Abu-Chiraschi
587 659 696 688 verbis
723 667 840 688 versus
866 656 979 689 similis
1006 656 1050 686 sit
1080 656 1129 696 (p.
1146 658 1200 686 1⁸50
1227 667 1259 686 v.
1282 658 1354 696 1.);
1383 658 1441 687 sed
1468 659 1710 699 grammaticum
1736 659 1900 689 Aldimarti

112 726 370 766 cognominatum
398 723 532 761 dixisse,
561 729 654 760 quum
682 720 777 760 longo
807 724 951 759 tempore
978 723 1053 759 post
1081 723 1214 749 mortem
1241 720 1345 750 Aul‘ae
1374 720 1553 751 Ghailanus
1578 722 1789 761 exspirasset,
1819 732 1898 760 poe-

110 791 172 818 tam
198 796 283 816 novo
310 786 418 816 dolore
448 784 610 814 adflictum
638 793 725 821 esse,
752 788 786 813 ut
813 783 903 822 quasi
931 783 1045 822 prioris
1072 782 1267 812 obliviscens
1293 782 1441 812 solatium
1462 784 1542 814 illius
1556 783 1738 823 acciperet;
1767 793 1804 813 se
1821 793 1899 813 vero

111 851 287 890 (Namirita
315 847 468 889 loquitur)
492 857 594 887 neque
621 850 651 877 in
678 847 767 877 hisce
797 846 945 876 versibus
972 854 1075 884 neque
1103 845 1131 874 in
1161 845 1291 875 omissis
1323 854 1448 875 causam
1474 845 1636 884 invenire,
1665 855 1719 876 cur
1747 846 1796 876 hic
1822 855 1898 876 sen-

110 922 169 945 sus
195 913 379 953 accipiatur,
410 911 461 951 qui
488 911 595 941 verbis
621 919 741 940 versus
768 908 1031 940 Abu-Chiraschi
1062 908 1110 948 (p.
1138 909 1190 937 imm
1218 918 1249 937 v.
1281 908 1329 948 1.)
1357 908 1470 938 similis
1497 909 1549 961 sit.
1603 909 1896 939 Abu-Moliamme-

111 975 167 1006 des
194 975 346 1005 Alahrabi
373 979 542 1014 utrumque
569 974 807 1014 grammaticum
836 972 1031 1002 refutaturus
1053 980 1113 1001 suo
1138 980 1226 1000 more
1253 970 1421 1010 proverbio
1449 970 1549 1010 (conf.
1578 970 1806 1011 Meid.c.12,
1823 971 1898 1009 62.)

109 1037 261 1076 incipiens
288 1036 380 1066 dicit:
423 1036 537 1066 »Prius
565 1035 712 1075 extrahe,
741 1044 758 1063 o
786 1034 915 1075 femina,
943 1034 1006 1064 hoc
1033 1043 1051 1062 e
1080 1033 1192 1073 podice
1218 1028 1312 1062 tu0!«
1343 1030 1379 1075 (i.
1411 1042 1438 1062 e.
1467 1033 1650 1072 priusquam
1677 1033 1756 1063 alios
1785 1043 1896 1072 repre-

110 1099 245 1137 hendis,
270 1103 326 1129 tua
350 1099 428 1129 vitia
456 1096 629 1139 corrig-en.
682 1097 856 1137 Utrumque
883 1098 1121 1138 grammaticum
1150 1096 1178 1124 in
1204 1104 1302 1125 sensu
1331 1094 1551 1125 constituendo
1575 1104 1713 1125 errasse.
1767 1095 1896 1126 Poetam

109 1162 248 1201 dixisse,
274 1171 312 1192 se
340 1162 486 1193 solatium
514 1171 555 1191 ex
582 1165 682 1191 morte
710 1160 857 1191 Ghailani
885 1165 1052 1199 capturum
1080 1168 1140 1192 non
1166 1168 1262 1199 esse,
1290 1164 1322 1189 ut
1348 1159 1485 1200 negandi
1513 1160 1667 1198 particula
1695 1160 1815 1193 omissa
1841 1159 1894 1189 sit.

107 1225 201 1256 Hunc
228 1233 355 1256 sensum
382 1234 494 1255 verum
522 1233 607 1265 esse,
635 1234 676 1254 ex
704 1224 811 1254 verbis
838 1224 1047 1264 sequentibus
1078 1223 1298 1254 »calamitates
1326 1225 1355 1252 in
1384 1223 1574 1252 oblivionem
1594 1222 1701 1252 mortis
1715 1222 1820 1251 Aul'ae
1848 1231 1897 1251 me

110 1296 172 1316 non
199 1287 420 1318 adduxerunt«
451 1287 553 1326 (conf.
581 1297 612 1318 v.
633 1287 685 1327 3.)
713 1286 876 1327 cognosci.
902 1285 988 1316 Huic
1014 1287 1204 1326 sententiae,
1232 1293 1326 1324 quum
1354 1285 1434 1314 tales
1463 1285 1593 1325 ellipses
1623 1284 1806 1324 frequentes
1834 1294 1896 1314 non

108 1350 171 1382 sint
198 1350 299 1389 (conf.
327 1349 437 1381 Gram.
465 1351 563 1383 Arab.
591 1351 628 1381 Τ.
654 1351 692 1380 11.
719 1360 750 1393 p.
779 1349 850 1380 473
876 1350 957 1391 sq),
985 1336 1147 1379 adsentire
1175 1347 1259 1378 haud
1287 1357 1425 1387 possum,

946 1458 1034 1491 lv.

582 1525 723 1560 Dixit
744 1523 1053 1560 Blotammim
1076 1524 1116 1559 b.
1139 1525 1415 1561 Nowairan.

453 1609 599 1651 (Versus
627 1611 656 1640 in
683 1609 955 1641 Ebu-Challikani
983 1609 1065 1640 libro
1092 1610 1170 1640 Nm.
1202 1611 1284 1641 792.
1311 1611 1541 1651 inveniuntur.)

204 1697 271 1727 Sub
299 1698 427 1737 imperio
442 1698 633 1728 Abu—Becri
661 1698 717 1737 (ab
744 1707 825 1728 anno
852 1697 995 1738 Hedjrae
1025 1698 1188 1738 11—13)
1218 1699 1349 1730 caedem
1376 1700 1484 1731 fratris
1514 1699 1658 1733 deflevit.
1685 1700 1891 1740 Eandemque

105 1759 165 1789 alio
194 1760 288 1801 longo
316 1761 453 1791 carmine
480 1761 671 1800 deploravit,
699 1761 790 1791 cuius
818 1765 884 1792 tres
910 1771 1030 1792 versus
1048 1762 1078 1793 in
1093 1762 1366 1794 Ebu-chanikani
1381 1773 1479 1803 opere
1492 1764 1572 1793 Nro.
1589 1763 1659 1806 792
1679 1763 1727 1803 (p.
1744 1762 1810 1803 ΨΑ)
1839 1763 1889 1795 ed.

104 1821 272 1853 Wustenf.
301 1823 463 1865 leguntur.
515 1824 663 1854 Fratrum
694 1830 799 1856 autem
827 1826 997 1856 concordia
1024 1826 1224 1865 amicitiaque
1249 1829 1337 1856 tanta
1366 1831 1447 1867 erat,
1474 1831 1509 1857 ut
1538 1836 1664 1857 moeror
1681 1827 1890 1857 Motammimi

105 1893 205 1923 paene
231 1885 261 1916 in
288 1888 491 1925 proverbium
519 1888 654 1917 veniens
681 1898 700 1918 a
726 1889 828 1928 poetis
855 1898 956 1929 saepe
982 1893 1207 1919 memoraretur
1234 1889 1336 1927 (conf.
1364 1889 1592 1923 Ebu-Challik.
1619 1899 1649 1929 p.
1678 1890 1724 1921 wi
1751 1891 1831 1930 sq.).

99 1980 127 2011 1.
150 1980 260 2011 Socias
284 1993 370 2013 meus
392 1985 479 2022 apud
497 1985 645 2023 sepulcra
669 1986 704 2013 ob
725 1987 834 2023 fletum
855 1996 904 2015 me
925 1988 1122 2024 vituperavit,
1146 1987 1231 2025 quod
1250 1986 1382 2024 larqiter
1395 1988 1533 2026 fluentes
1555 1987 1712 2025 lacrymas
1733 1987 1864 2026 effundo,

183 2051 298 2082 -Poeta
324 2054 444 2083 socium
470 2056 575 2093 ipsum
604 2054 837 2094 vituperantem
863 2054 993 2094 inducit,
1021 2055 1106 2096 quod
1133 2056 1281 2095 sepulcra
1309 2056 1510 2095 conspiciens
1529 2056 1690 2096 lacrymas
1705 2056 1886 2096 profundat.

97 2111 132 2139 ln
158 2121 239 2142 voce
265 2111 402 2155 &sisyn-Ji
431 2115 634 2154 pleonasmus
661 2116 762 2147 videri
786 2122 917 2158 potest,
943 2127 1012 2148 nam
1039 2118 1069 2148 in
1096 2119 1204 2149 verbis
1243 2118 1428 2149 »effundere
1456 2119 1614 2160 lacrymas
1640 2119 1785 2150 effusas«
1816 2119 1886 2160 plus

98 2181 214 2202 sensus
241 2183 301 2203 non
319 2180 377 2215 est,
407 2186 499 2216 quam
528 2179 559 2207 in
585 2178 695 2208 verbis
726 2178 911 2209 »effundere
938 2179 1144 2222 lacrymas«;
1171 2184 1311 2211 attamen
1337 2191 1416 2212 vero
1444 2182 1550 2212 addita
1575 2182 1639 2213 ista
1665 2191 1750 2213 voce
1776 2182 1885 2222 lacry-

98 2244 167 2264 mae
203 2235 334 2276 largiter
365 2236 506 2268 fluentes
543 2238 771 2281 significantur.
830 2241 939 2271 Verbo
976 2248 1084 2273 autem
1117 2241 1202 2272 ἀεὶ...
1240 2253 1334 2284 quum
1368 2244 1502 2274 maxime
1540 2244 1645 2274 activa
1678 2244 1886 2275 fundendi

94 2296 288 2338 significatio
314 2298 367 2335 sit,
397 2309 461 2330 vox
486 2298 590 2342 subm
617 2302 677 2333 hoc
702 2302 732 2331 in
761 2313 862 2334 versu
890 2310 944 2336 aut
971 2314 1030 2345 pro
1053 2302 1183 2347 &jam-a
1208 2305 1292 2337 dicta
1321 2310 1384 2345 est,
1409 2311 1465 2337 aut
1479 2311 1514 2336 ut
1533 2306 1633 2336 verbo
1660 2316 1736 2358 exn-m
1762 2307 1884 2337 intran-

94 2358 193 2388 sitiva
220 2359 375 2389 fluendi
402 2362 591 2402 significatio
619 2369 682 2402 est,
711 2365 759 2395 sic
785 2366 882 2395 verbo
909 2365 997 2396 ἀίω,
1021 2367 1132 2398 eadem
1160 2368 1329 2400 tribuenda
1355 2369 1497 2399 videtur.

92 2456 125 2484 2.
153 2456 200 2485 Et
220 2456 320 2485 dzzm't:
347 2458 434 2488 Nam
456 2470 545 2490 omne
568 2462 752 2500 sepulcrum
773 2462 950 2501 deplorabis
971 2465 1007 2493 ob
1029 2465 1227 2502 sepulcrum,
1256 2466 1341 2504 qnod
1360 2467 1442 2495 inter
1465 2466 1567 2495 locum
1589 2467 1693 2494 tenuis
1716 2475 1833 2495 arenae
1854 2469 1885 2495 e!

613 2519 645 2544 et
664 2516 733 2545 loca
756 2526 900 2553 arenosa,
922 2519 1099 2556 aequabilia
1122 2519 1224 2547 Iocum
1247 2519 1365 2549 habet?

190 2592 300 2623 Verba
327 2594 538 2634 vituperantis
566 2603 693 2628 enarrat
711 2609 842 2629 causam
861 2599 1102 2639 vituperationis
1129 2599 1261 2630 addens.
1289 2601 1432 2632 Verbum
1457 2601 1529 2641 &93
1555 2610 1649 2640 quum
1676 2601 1716 2631 de
1741 2610 1881 2641 persona

93 2652 164 2683 loco
193 2653 326 2693 quodam
359 2655 556 2686 subsistente
583 2663 615 2687 et
642 2657 803 2689 habitante
837 2659 1044 2701 adhibeatur,
1085 2667 1120 2693 ut
1154 2671 1223 2693 cum
1257 2662 1490 2704 significatione
1526 2663 1668 2703 sepulcri
1701 2672 1762 2692 non
1800 2663 1880 2693 bene
