2155 2892
908 155 1175 187 —193—

148 266 209 287 non
236 257 349 297 possit,
377 257 502 288 Arabes
529 258 727 287 ventriosum
753 264 815 286 non
842 255 970 286 laudant
996 255 1118 294 (cont.
1145 255 1238 286 llam.
1267 265 1298 295 p.
1322 258 1369 285 00⁴t
1398 266 1430 285 v.
1451 257 1485 286 5.
1514 267 1542 297 p.
1561 258 1604 287 ‘itt
1619 266 1650 286 v.
1667 256 1699 286 2.
1721 266 1808 296 pst·-
1820 264 1851 285 v.
1869 255 1927 294 t.).

148 319 308 349 Arabibus
335 328 462 359 quoque
489 318 572 349 laudi
598 321 660 356 est,
691 316 795 346 tamon
816 317 965 357 tolerare,
993 321 1026 347 ut
1044 317 1113 346 aliis
1133 317 1223 347 cibus
1244 318 1437 358 porrigatur.
1490 320 1582 349 llanc
1603 329 1666 350 rem
1687 318 1807 358 poetria
1823 317 1928 348 verbis

148 377 216 418 uta?
241 378 326 422 25:³³
352 380 512 424 (ventrem
533 375 731 421 complicuit)
749 381 927 417 expressit:
956 385 1100 409 ventrem
1121 379 1202 408 enini
1220 380 1480 419 constringentes
1497 380 1608 410 fuinem
1626 382 1737 411 melius
1756 381 1927 411 toleramus

146 444 253 475 conf.
276 445 377 474 llarir.
393 453 423 483 p.
437 453 488 472 000
500 451 548 481 sq.
599 441 687 471 Talis
714 441 816 480 cibus,
845 441 896 481 qui
924 441 1024 470 altero
1051 443 1211 471 esuriente
1238 442 1384 480 sumitur,
1411 448 1589 472 commeatu
1617 445 1698 481 turpi
1729 442 1925 483 designatur.

969 535 1095 569 clx.

409 601 703 636 nien-iselam·
726 601 936 636 Ahbsltn
961 602 1087 636 filios
1110 610 1222 636 suos
1247 602 1508 645 deplorans
1530 603 1667 637 «lixit.

682 662 730 692 De
758 667 853 702 poeta
881 662 1028 692 conferas
1057 663 1148 693 llam.
1177 673 1206 702 p.
1231 662 1285 702 fit,
1312 662 1371 695 f‘tv.

141 737 169 766 1.
200 737 288 766 Deus
310 735 447 765 tumulos
469 736 579 772 irriqel
600 744 647 763 me
669 735 804 770 absente,
829 744 907 773 quos
929 737 961 763 in
984 736 1130 764 subm-bio
1155 735 1338 765 Kinm'srim'
1358 736 1480 775 reliqui,
1502 737 1610 774 pluvia
1629 739 1774 774 quitatem
1792 735 1930 774 fluente!

242 805 352 845 Optat,
381 810 415 835 ut
442 804 551 835 tumuli
579 803 713 834 filiorum
742 803 849 843 pluvia
875 805 1020 844 guttatim
1049 804 1224 843 defluente,
1254 814 1315 843 qua
1342 815 1457 846 magna
1475 807 1712 846 vehemensque
1731 806 1836 845 pluvia
1863 807 1929 836 sine

141 866 234 916 dupio
262 867 474 908 significatur,
502 867 673 907 irrigentur
700 865 823 904 (conf.
851 866 942 896 llam.
974 876 1001 905 p.
1029 865 1107 905 imis).
1162 867 1282 907 Causa,
1311 877 1368 897 cur
1395 868 1456 899 hoc
1486 874 1581 908 poeta
1609 873 1715 909 optet,
1743 869 1772 898 in
1798 878 1837 898 eo
1864 873 1927 909 est,

141 932 173 959 ut
200 929 310 958 tumuli
341 937 468 967 semper
494 928 635 969 vireant3
672 928 860 957 contrarium
889 930 970 958 enim
998 929 1096 958 verba
1123 935 1237 968 poetae
1267 930 1403 960 indicant
1441 930 1550 968 (metr.
1579 931 1723 969 Bas-nlo:
1768 931 1841 961 »Ne
1867 939 1925 960 eos

142 991 203 1021 nisi
227 991 301 1031 igne
331 990 463 1020 ardente
490 988 638 1031 irrigetl«
692 990 727 1019 In
754 990 884 1029 itinere,
923 990 970 1019 sic
997 991 1148 1030 conjicio,
1179 991 1229 1021 filii
1258 992 1370 1021 mortui
1398 992 1426 1021 in
1453 992 1603 1022 suburbio
1631 992 1738 1032 oppidi
1764 992 1924 1022 Kinnisrin

141 1053 256 1092 sepulti
294 1059 394 1084 erant.
446 1053 495 1083 De
530 1061 614 1083 voce
642 1050 740 1097 fak>
768 1057 800 1082 et
827 1053 977 1082 suburbio
1006 1053 1188 1083 Kennisrini
1216 1053 1319 1084 conf.
1347 1054 1414 1083 libr.
1442 1064 1563 1085 meum:
1591 1056 1720 1085 selecta
1748 1065 1788 1086 ex
1815 1055 1924 1085 histor.

142 1115 256 1146 Halebi
283 1116 387 1146 adnot.
425 1126 455 1156 p.
489 1117 533 1146 44
561 1125 629 1156 sq.‚
656 1126 717 1157 quo
745 1119 776 1147 in
803 1117 881 1147 libro
909 1116 999 1155 plura
1025 1115 1064 1145 de
1090 1115 1154 1145 situ
1182 1119 1213 1145 et
1240 1114 1375 1145 historia
1410 1116 1515 1155 oppidi
1549 1117 1721 1146 Kinnesrin
1755 1121 1924 1147 occurrunt

141 1178 243 1208 conf.
271 1179 365 1210 Indic.
392 1188 452 1210 nec
479 1188 540 1209 non
568 1179 675 1210 Abulf.
702 1178 825 1221 Geogr.
854 1189 883 1219 p.
911 1180 964 1208 t‘t‘t.

140 1289 174 1318 2.
217 1288 374 1318 Abierant
394 1289 535 1318 nolentes
554 1291 729 1326 vespertino
750 1292 886 1326 tempore
907 1291 965 1317 iter
983 1290 1090 1327 facere
1112 1291 1142 1317 el
1162 1290 1309 1325 temporie
1331 1288 1535 1325 calamitates,
1561 1291 1816 1328 quemadmodum
1837 1290 1926 1321 Deus

785 1343 974 1379 decreverat,
999 1345 1038 1372 iis
1059 1352 1276 1380 supervenere.

139 1395 172 1425 3.
217 1395 261 1424 Et
281 1397 311 1424 si
330 1395 462 1433 vesper-d
483 1397 542 1424 iter
558 1396 667 1434 facere
685 1399 825 1433 possent,
849 1406 970 1425 mecum
1000 1397 1131 1434 vespera
1159 1399 1218 1425 iter
1244 1398 1392 1436 facerent
1420 1401 1450 1426 et
1479 1406 1570 1426 mane
1600 1406 1669 1426 cum
1699 1396 1871 1425 virentibus
1894 1397 1927 1424 in

871 1453 957 1479 terra
979 1454 1193 1480 versarentur.

240 1520 358 1550 Eorum
385 1523 518 1551 mortem
544 1519 714 1560 deplorans
741 1526 774 1551 et
798 1530 930 1562 gemens
957 1521 1043 1561 dicit,
1075 1531 1112 1551 sc
1139 1530 1217 1559 cOS,
1245 1530 1338 1561 quum
1366 1521 1508 1561 vespera
1538 1521 1814 1561 proficisceretur,
1849 1520 1925 1551 reli—

139 1582 257 1622 quisse.
308 1583 415 1613 Voces
432 1578 499 1629 551³
524 1580 595 1629 25²·ss
622 1588 698 1613 sunt
724 1592 780 1623 pro
806 1580 894 1630 (psit
915 1579 977 1628 Σεὲ»
1002 1581 1090 1630 25²²·

138 1680 171 1708 4.
215 1679 279 1708 Per
301 1681 395 1708 tilam
415 1678 538 1709 meam!
557 1680 706 1718 sepulcra
727 1679 929 1710 occultarunt
949 1684 979 1709 et
1002 1681 1045 1709 ad
1064 1691 1098 1710 se
1114 1684 1286 1710 traxerunt
1301 1689 1425 1717 mames,
1450 1691 1530 1719 quae
1544 1681 1655 1710 hastas
1668 1681 1780 1718 fuscas
1792 1682 1924 1719 firmiter

951 1736 1107 1764 tenebant.

241 1790 312 1820 Hoc
338 1792 368 1821 in
396 1800 495 1822 versu
521 1791 653 1823 filiorum
681 1793 823 1823 roborem
851 1796 883 1823 et
908 1793 1122 1824 fortitudinem
1148 1792 1266 1823 laudat.
1295 1792 1450 1823 Videmus
1477 1774 1561 1822 filios
1589 1792 1646 1823 iam
1665 1792 1789 1823 adultos
1810 1792 1923 1827 fuisse,

140 1853 223 1892 quod
250 1853 411 1884 hastarum
438 1854 629 1885 mentionem
656 1856 742 1886 fecit.
795 1857 871 1886 Vox
892 1855 956 1895 &mi
983 1865 1094 1886 nomen
1130 1855 1251 1885 arboris
1288 1856 1390 1895 spinis
1428 1856 1533 1896 longis
1569 1854 1752 1894 praeditae,
1791 1864 1809 1884 a
1834 1855 1925 1885 cuius

140 1915 343 1946 similitudine
369 1916 487 1946 lanceis
513 1916 575 1947 hoc
604 1926 718 1947 nomen
744 1917 873 1948 inditum
902 1924 963 1949 est.
1016 1919 1164 1949 Lanceae
1192 1919 1302 1949 fuscae
1330 1919 1540 1958 appellanturs.
1567 1917 1650 1957 quod
1670 1917 1799 1959 arundo,
1829 1928 1847 1947 e
1866 1926 1926 1956 qua

140 1978 269 2008 lanceae
293 1979 460 2009 maximam
487 1982 606 2018 partem
633 1979 892 2019 conficiebantur,
919 1984 948 2011 si
976 1981 1054 2011 dura
1081 1982 1207 2021 evasit,
1247 1982 1342 2011 talem
1369 1981 1504 2011 colorem
1531 1980 1646 2010 ducere
1672 1980 1791 2010 soleret
1817 1979 1922 2009 conf.

138 2039 241 2070 Ham.
270 2050 300 2080 p.
327 2038 383 2070 wi.
435 2041 485 2071 De
511 2040 631 2072 lanceis
657 2047 765 2073 autem
792 2042 932 2083 pluribus
960 2042 1039 2073 locis
1066 2052 1171 2073 sermo
1198 2042 1257 2073 fuit
1285 2042 1393 2073 conf.
1420 2043 1455 2072 Ρ.
1486 2043 1514 2072 1.
1543 2053 1572 2082 p.
1601 2043 1658 2080 51,
1688 2042 1770 2074 408.
1799 2041 1880 2072 522.

137 2137 169 2166 5.
214 2135 314 2167 Omne
335 2137 465 2173 bonum,
495 2139 580 2177 quod
604 2139 668 2168 vidi
696 2139 874 2178 mulumque
903 2150 956 2169 eos
978 2140 1056 2169 milii
1075 2143 1107 2168 in
1130 2142 1307 2169 memoriam
1331 2143 1472 2177 revoca&
1499 2143 1528 2168 et
1549 2149 1654 2168 eorum
1678 2139 1923 2167 recordationem

893 2204 1015 2232 semper
1038 2194 1162 2223 habebo.

235 2261 436 2292 Scholiastes
463 2262 557 2302 priori
584 2273 703 2294 versus
729 2264 810 2303 parti
837 2264 961 2294 varium
988 2273 1119 2294 sensum
1139 2273 1215 2293 csse
1236 2263 1325 2293 dixit.
1353 2263 1409 2301 Se,
1429 2263 1681 2303 quotiescunque
1701 2254 1767 2298 (ι).
1792 2251 1921 2296 423.)

140 2325 255 2355 bonum
281 2330 337 2355 aut
364 2334 499 2365 pravum
524 2325 680 2357 hominem
707 2327 842 2368 viderit,
884 2327 1118 2366 comparatione
1145 2326 1310 2363 instituta,
1349 2335 1407 2355 eos
1434 2324 1674 2355 recordaturum
1702 2332 1778 2352 esse
1806 2327 1859 2351 aut
1886 2330 1923 2351 se

137 2397 194 2418 eos
221 2389 261 2418 ob
287 2388 421 2429 bonum,
450 2387 533 2428 quod
563 2389 592 2418 in
618 2390 733 2420 amicos
762 2390 953 2420 contulerint
980 2394 1010 2419 et
1039 2390 1170 2427 malum,
1201 2399 1261 2428 quo
1287 2389 1442 2419 inimicos
1459 2387 1655 2422 adfecerint,
1686 2386 1716 2414 in
1743 2386 1924 2414 memoriam

136 2453 373 2481 revocaturum.
423 2451 487 2481 Hic
512 2454 618 2481 autem
653 2451 880 2492 interpretandi
915 2453 1028 2482 modus
1066 2452 1141 2482 milii
1177 2454 1314 2482 maxime
1348 2450 1486 2491 arridet,
1523 2458 1607 2486 nam,
1634 2448 1685 2487 qui
1719 2447 1762 2477 ita
1794 2446 1925 2487 agebat,

138 2513 299 2553 perfectus
325 2514 375 2544 vir
401 2513 586 2554 habebatur,
612 2518 647 2544 ut
672 2513 702 2543 in
727 2524 827 2544 versu
853 2515 1062 2554 perfectorum
1090 2514 1229 2543 virorum
1256 2512 1325 2542 laus
1354 2511 1396 2541 sit
1421 2508 1549 2554 (conf.
1576 2509 1707 2539 Hamas.
1729 2518 1759 2548 p.
1773 2506 1833 2537 1²⁸⁸..
1847 2505 1921 2536 v.3.

139 2584 169 2614 p.
196 2573 244 2604 ff·
267 2584 300 2605 ν.
329 2575 361 2606 5.
385 2585 416 2615 p.
441 2574 494 2604 ffv
521 2585 553 2604 v.
582 2575 644 2614 2.).
704 2575 830 2606 Tertius
865 2575 1093 2616 interpretandi
1127 2574 1238 2604 modus
1273 2579 1342 2611 est,
1380 2581 1437 2602 eos
1476 2572 1588 2602 bonum
1615 2571 1812 2611 perfecisse,
1840 2570 1921 2599 malo

138 2636 344 2678 abstinuisse,
371 2642 415 2676 ut,
442 2638 692 2677 quotiescunque
717 2647 812 2667 unum
840 2644 894 2668 aut
920 2637 1053 2668 alterurn
1080 2637 1216 2674 videret,
1244 2636 1378 2666 filiorum
1405 2636 1434 2665 in
1461 2640 1600 2665 mentem
1626 2635 1760 2665 veniret.

1643 2696 1688 2726 25
