<?xml version="1.0" encoding="UTF-8"?>
<!DOCTYPE html PUBLIC "-//W3C//DTD XHTML 1.0 Transitional//EN"
    "http://www.w3.org/TR/xhtml1/DTD/xhtml1-transitional.dtd">
<html xmlns="http://www.w3.org/1999/xhtml" xml:lang="en" lang="en">
 <head>
  <title>
</title>
<meta http-equiv="Content-Type" content="text/html;charset=utf-8" />
  <meta name='ocr-system' content='tesseract 3.04.00' />
  <meta name='ocr-capabilities' content='ocr_page ocr_carea ocr_par ocr_line ocrx_word'/>
</head>
<body>
  <div class='ocr_page' id='page_1' title='image "./p2hamassaecarmin02abbiuoft_0398.png"; bbox 0 0 2155 2892; ppageno 0'>
   <div class='ocr_carea' id='block_1_1' title="bbox 897 118 1170 150">
    <p class='ocr_par' dir='ltr' id='par_1_1' title="bbox 897 118 1170 150">
     <span class='ocr_line' id='line_1_1' title="bbox 897 118 1170 150; baseline 0.007 -2"><span class='ocrx_word' id='word_1_1' title='bbox 897 118 1170 150; x_wconf 77' lang='lat'>—386—</span> 
     </span>
    </p>
   </div>
   <div class='ocr_carea' id='block_1_2' title="bbox 143 216 1863 255">
    <p class='ocr_par' dir='ltr' id='par_1_2' title="bbox 143 216 1863 255">
     <span class='ocr_line' id='line_1_2' title="bbox 143 216 1863 255; baseline 0.001 -8"><span class='ocrx_word' id='word_1_2' title='bbox 143 222 174 250; x_wconf 79' lang='grc'><strong>2,</strong></span> <span class='ocrx_word' id='word_1_3' title='bbox 215 219 262 248; x_wconf 81' lang='lat' dir='ltr'><strong>El</strong></span> <span class='ocrx_word' id='word_1_4' title='bbox 281 219 450 246; x_wconf 59' lang='lat' dir='ltr'><strong>dixerunt:</strong></span> <span class='ocrx_word' id='word_1_5' title='bbox 471 216 645 245; x_wconf 71' lang='lat' dir='ltr'><strong>Discessus</strong></span> <span class='ocrx_word' id='word_1_6' title='bbox 665 217 782 244; x_wconf 78' lang='lat' dir='ltr'><em>mensis</em></span> <span class='ocrx_word' id='word_1_7' title='bbox 806 217 861 245; x_wconf 79' lang='lat' dir='ltr'><strong>tibi</strong></span> <span class='ocrx_word' id='word_1_8' title='bbox 880 216 969 245; x_wconf 82' lang='lat' dir='ltr'><strong>haud</strong></span> <span class='ocrx_word' id='word_1_9' title='bbox 986 217 1115 245; x_wconf 80' lang='lat' dir='ltr'><em>nocebit.</em></span> <span class='ocrx_word' id='word_1_10' title='bbox 1158 217 1204 245; x_wconf 83' lang='lat' dir='ltr'><strong>Et</strong></span> <span class='ocrx_word' id='word_1_11' title='bbox 1225 217 1296 246; x_wconf 58' lang='lat' dir='ltr'><strong>dimi</strong></span> <span class='ocrx_word' id='word_1_12' title='bbox 1316 218 1411 246; x_wconf 83' lang='lat' dir='ltr'><strong>sociis</strong></span> <span class='ocrx_word' id='word_1_13' title='bbox 1432 218 1532 245; x_wconf 79' lang='lat' dir='ltr'><strong>meis:</strong></span> <span class='ocrx_word' id='word_1_14' title='bbox 1558 217 1605 246; x_wconf 75' lang='lat' dir='ltr'><strong>Et</strong></span> <span class='ocrx_word' id='word_1_15' title='bbox 1624 219 1695 255; x_wconf 81' lang='lat' dir='ltr'><strong>quis</strong></span> <span class='ocrx_word' id='word_1_16' title='bbox 1717 220 1863 248; x_wconf 81' lang='lat' dir='ltr'><em>nocebit?</em></span> 
     </span>
    </p>
   </div>
   <div class='ocr_carea' id='block_1_3' title="bbox 140 285 1924 518">
    <p class='ocr_par' dir='ltr' id='par_1_3' title="bbox 140 285 1924 518">
     <span class='ocr_line' id='line_1_3' title="bbox 242 285 1923 327; baseline 0.002 -12"><span class='ocrx_word' id='word_1_17' title='bbox 242 287 434 316; x_wconf 90' lang='lat' dir='ltr'><strong>Posterioris</strong></span> <span class='ocrx_word' id='word_1_18' title='bbox 474 285 573 324; x_wconf 85' lang='lat' dir='ltr'><strong>partis</strong></span> <span class='ocrx_word' id='word_1_19' title='bbox 600 293 715 314; x_wconf 85' lang='lat' dir='ltr'><strong>sensus</strong></span> <span class='ocrx_word' id='word_1_20' title='bbox 743 290 813 325; x_wconf 78' lang='lat' dir='ltr'><strong>est,</strong></span> <span class='ocrx_word' id='word_1_21' title='bbox 855 287 883 314; x_wconf 91' lang='lat' dir='ltr'><strong>si</strong></span> <span class='ocrx_word' id='word_1_22' title='bbox 920 285 1088 314; x_wconf 72' lang='lat' dir='ltr'>discessus</span> <span class='ocrx_word' id='word_1_23' title='bbox 1116 294 1176 314; x_wconf 92' lang='lat' dir='ltr'><strong>non</strong></span> <span class='ocrx_word' id='word_1_24' title='bbox 1204 290 1326 327; x_wconf 76' lang='lat' dir='ltr'><strong>noceat,</strong></span> <span class='ocrx_word' id='word_1_25' title='bbox 1355 287 1510 316; x_wconf 86' lang='lat' dir='ltr'><strong>neminem</strong></span> <span class='ocrx_word' id='word_1_26' title='bbox 1539 286 1713 316; x_wconf 84' lang='lat' dir='ltr'><strong>nociturum</strong></span> <span class='ocrx_word' id='word_1_27' title='bbox 1748 296 1823 316; x_wconf 90' lang='lat' dir='ltr'><strong>esse</strong></span> <span class='ocrx_word' id='word_1_28' title='bbox 1850 288 1868 317; x_wconf 88' lang='lat' dir='ltr'><strong>i.</strong></span> <span class='ocrx_word' id='word_1_29' title='bbox 1896 298 1923 320; x_wconf 89' lang='lat' dir='ltr'><strong>e.</strong></span> 
     </span>
     <span class='ocr_line' id='line_1_4' title="bbox 142 347 1923 391; baseline -0.001 -11"><span class='ocrx_word' id='word_1_30' title='bbox 142 350 235 380; x_wconf 87' lang='lat' dir='ltr'><strong>talem</strong></span> <span class='ocrx_word' id='word_1_31' title='bbox 260 349 431 378; x_wconf 79' lang='lat' dir='ltr'><strong>discessum</strong></span> <span class='ocrx_word' id='word_1_32' title='bbox 458 348 527 377; x_wconf 90' lang='lat' dir='ltr'><strong>sine</strong></span> <span class='ocrx_word' id='word_1_33' title='bbox 562 347 654 377; x_wconf 87' lang='lat' dir='ltr'><strong>dubio</strong></span> <span class='ocrx_word' id='word_1_34' title='bbox 682 357 806 377; x_wconf 86' lang='lat' dir='ltr'><strong>nocere.</strong></span> <span class='ocrx_word' id='word_1_35' title='bbox 836 348 902 377; x_wconf 85' lang='lat' dir='ltr'><strong>Sed</strong></span> <span class='ocrx_word' id='word_1_36' title='bbox 929 357 985 386; x_wconf 88' lang='lat' dir='ltr'><strong>pro</strong></span> <span class='ocrx_word' id='word_1_37' title='bbox 1013 357 1097 377; x_wconf 80' lang='lat' dir='ltr'><strong>voce</strong></span> <span class='ocrx_word' id='word_1_38' title='bbox 1116 349 1178 391; x_wconf 52' lang='grc' dir='ltr'><strong>διὸ</strong></span> <span class='ocrx_word' id='word_1_39' title='bbox 1206 348 1321 388; x_wconf 86' lang='lat' dir='ltr'><strong>legitur</strong></span> <span class='ocrx_word' id='word_1_40' title='bbox 1346 350 1418 389; x_wconf 43' lang='grc' dir='ltr'><strong>ἐμὲ</strong></span> <span class='ocrx_word' id='word_1_41' title='bbox 1448 354 1492 378; x_wconf 85' lang='lat' dir='ltr'><strong>et</strong></span> <span class='ocrx_word' id='word_1_42' title='bbox 1532 358 1549 387; x_wconf 93' lang='lat' dir='ltr'>q</span> <span class='ocrx_word' id='word_1_43' title='bbox 1567 359 1584 378; x_wconf 93' lang='lat' dir='ltr'><strong>u</strong></span> <span class='ocrx_word' id='word_1_44' title='bbox 1601 358 1650 378; x_wconf 92' lang='lat' dir='ltr'><strong>an</strong></span> <span class='ocrx_word' id='word_1_45' title='bbox 1669 349 1687 378; x_wconf 94' lang='lat' dir='ltr'><strong>d</strong></span> <span class='ocrx_word' id='word_1_46' title='bbox 1705 356 1722 376; x_wconf 91' lang='lat' dir='ltr'><strong>o</strong></span> <span class='ocrx_word' id='word_1_47' title='bbox 1749 349 1774 377; x_wconf 87' lang='lat' dir='ltr'><strong>i.</strong></span> <span class='ocrx_word' id='word_1_48' title='bbox 1797 357 1823 380; x_wconf 86' lang='lat' dir='ltr'><strong>e.</strong></span> <span class='ocrx_word' id='word_1_49' title='bbox 1851 353 1923 379; x_wconf 85' lang='lat' dir='ltr'><strong>tan-</strong></span> 
     </span>
     <span class='ocr_line' id='line_1_5' title="bbox 141 410 1923 452; baseline -0.002 -9"><span class='ocrx_word' id='word_1_50' title='bbox 141 418 203 443; x_wconf 87' lang='lat' dir='ltr'><strong>tum</strong></span> <span class='ocrx_word' id='word_1_51' title='bbox 232 412 366 450; x_wconf 84' lang='lat' dir='ltr'><strong>spatium</strong></span> <span class='ocrx_word' id='word_1_52' title='bbox 400 411 573 440; x_wconf 88' lang='lat' dir='ltr'><strong>nociturum</strong></span> <span class='ocrx_word' id='word_1_53' title='bbox 602 420 697 450; x_wconf 77' lang='lat' dir='ltr'><strong>esse,</strong></span> <span class='ocrx_word' id='word_1_54' title='bbox 735 411 784 440; x_wconf 86' lang='lat' dir='ltr'><strong>sin</strong></span> <span class='ocrx_word' id='word_1_55' title='bbox 811 411 917 448; x_wconf 75' lang='lat' dir='ltr'><strong>aliter,</strong></span> <span class='ocrx_word' id='word_1_56' title='bbox 956 411 1072 440; x_wconf 87' lang='lat' dir='ltr'><strong>nullum</strong></span> <span class='ocrx_word' id='word_1_57' title='bbox 1110 418 1236 440; x_wconf 86' lang='lat' dir='ltr'><strong>nocere.</strong></span> <span class='ocrx_word' id='word_1_58' title='bbox 1287 411 1429 440; x_wconf 79' lang='lat' dir='ltr'><strong>Alterius</strong></span> <span class='ocrx_word' id='word_1_59' title='bbox 1468 411 1595 452; x_wconf 83' lang='lat' dir='ltr'><strong>legendi</strong></span> <span class='ocrx_word' id='word_1_60' title='bbox 1627 410 1707 440; x_wconf 89' lang='lat' dir='ltr'><strong>modi</strong></span> <span class='ocrx_word' id='word_1_61' title='bbox 1735 410 1923 440; x_wconf 83' lang='lat' dir='ltr'><strong>scholiastes</strong></span> 
     </span>
     <span class='ocr_line' id='line_1_6' title="bbox 140 470 1924 518; baseline -0.002 -14"><span class='ocrx_word' id='word_1_62' title='bbox 140 476 328 504; x_wconf 75' lang='lat' dir='ltr'>mentionem</span> <span class='ocrx_word' id='word_1_63' title='bbox 355 473 430 503; x_wconf 87' lang='lat' dir='ltr'><strong>fecit</strong></span> <span class='ocrx_word' id='word_1_64' title='bbox 457 470 533 518; x_wconf 54' lang='grc' dir='ltr'><strong>σὼ</strong></span> <span class='ocrx_word' id='word_1_65' title='bbox 560 478 603 502; x_wconf 88' lang='lat' dir='ltr'><strong>et</strong></span> <span class='ocrx_word' id='word_1_66' title='bbox 643 474 824 503; x_wconf 86' lang='lat' dir='ltr'><strong>cuinam</strong></span> <span class='ocrx_word' id='word_1_67' title='bbox 852 474 869 503; x_wconf 88' lang='lat' dir='ltr'><strong>i.</strong></span> <span class='ocrx_word' id='word_1_68' title='bbox 898 484 926 503; x_wconf 89' lang='lat' dir='ltr'><strong>e.</strong></span> <span class='ocrx_word' id='word_1_69' title='bbox 956 476 984 504; x_wconf 91' lang='lat' dir='ltr'><strong>si</strong></span> <span class='ocrx_word' id='word_1_70' title='bbox 1011 474 1082 504; x_wconf 90' lang='lat' dir='ltr'><strong>mihi</strong></span> <span class='ocrx_word' id='word_1_71' title='bbox 1110 474 1192 503; x_wconf 85' lang='lat' dir='ltr'><strong>hand</strong></span> <span class='ocrx_word' id='word_1_72' title='bbox 1221 473 1354 503; x_wconf 85' lang='lat' dir='ltr'><strong>nocebit.</strong></span> <span class='ocrx_word' id='word_1_73' title='bbox 1392 475 1488 504; x_wconf 86' lang='lat' dir='ltr'><strong>Hisce</strong></span> <span class='ocrx_word' id='word_1_74' title='bbox 1517 474 1640 503; x_wconf 92' lang='lat' dir='ltr'><strong>duobus</strong></span> <span class='ocrx_word' id='word_1_75' title='bbox 1668 473 1796 513; x_wconf 82' lang='lat' dir='ltr'><strong>legendi</strong></span> <span class='ocrx_word' id='word_1_76' title='bbox 1822 472 1924 502; x_wconf 89' lang='lat' dir='ltr'><strong>modis</strong></span> 
     </span>
    </p>
   </div>
   <div class='ocr_carea' id='block_1_4' title="bbox 139 534 1755 578">
    <p class='ocr_par' dir='ltr' id='par_1_4' title="bbox 139 534 1755 578">
     <span class='ocr_line' id='line_1_7' title="bbox 139 534 1755 578; baseline -0.001 -12"><span class='ocrx_word' id='word_1_77' title='bbox 139 535 289 566; x_wconf 82' lang='lat' dir='ltr'><strong>admissis</strong></span> <span class='ocrx_word' id='word_1_78' title='bbox 317 534 485 565; x_wconf 84' lang='lat' dir='ltr'><strong>&#39;l&#39;eschdidi</strong></span> <span class='ocrx_word' id='word_1_79' title='bbox 511 537 650 576; x_wconf 85' lang='lat' dir='ltr'><strong>signum,</strong></span> <span class='ocrx_word' id='word_1_80' title='bbox 676 540 711 566; x_wconf 86' lang='lat' dir='ltr'><strong>ut</strong></span> <span class='ocrx_word' id='word_1_81' title='bbox 737 536 860 565; x_wconf 90' lang='lat' dir='ltr'><strong>nonnisi</strong></span> <span class='ocrx_word' id='word_1_82' title='bbox 888 546 982 566; x_wconf 92' lang='lat' dir='ltr'><strong>unum</strong></span> <span class='ocrx_word' id='word_1_83' title='bbox 1011 537 1130 566; x_wconf 88' lang='lat' dir='ltr'><strong>socium</strong></span> <span class='ocrx_word' id='word_1_84' title='bbox 1158 537 1338 577; x_wconf 84' lang='lat' dir='ltr'><strong>alloquatur</strong></span> <span class='ocrx_word' id='word_1_85' title='bbox 1365 541 1471 578; x_wconf 77' lang='lat' dir='ltr'><strong>poeta,</strong></span> <span class='ocrx_word' id='word_1_86' title='bbox 1502 536 1665 566; x_wconf 85' lang='lat' dir='ltr'><strong>delendum</strong></span> <span class='ocrx_word' id='word_1_87' title='bbox 1695 539 1755 565; x_wconf 76' lang='lat' dir='ltr'><strong>est.</strong></span> 
     </span>
    </p>
   </div>
   <div class='ocr_carea' id='block_1_5' title="bbox 245 668 1799 783">
    <p class='ocr_par' dir='ltr' id='par_1_5' title="bbox 245 668 1799 783">
     <span class='ocr_line' id='line_1_8' title="bbox 930 668 1124 701; baseline 0 0"><span class='ocrx_word' id='word_1_88' title='bbox 930 668 1124 701; x_wconf 65' lang='lat' dir='ltr'><strong>xcvfl.</strong></span> 
     </span>
     <span class='ocr_line' id='line_1_9' title="bbox 245 747 1799 783; baseline -0.001 -1"><span class='ocrx_word' id='word_1_89' title='bbox 245 747 632 783; x_wconf 66' lang='lat' dir='ltr'><strong>olibam-Anah</strong></span> <span class='ocrx_word' id='word_1_90' title='bbox 658 749 697 781; x_wconf 75' lang='lat' dir='ltr'><strong>l».</strong></span> <span class='ocrx_word' id='word_1_91' title='bbox 722 748 1056 782; x_wconf 65' lang='lat' dir='ltr'><strong>Almo-Anah</strong></span> <span class='ocrx_word' id='word_1_92' title='bbox 1081 748 1120 781; x_wconf 78' lang='lat' dir='ltr'><strong>h.</strong></span> <span class='ocrx_word' id='word_1_93' title='bbox 1145 748 1342 781; x_wconf 61' lang='lat' dir='ltr'><strong>nimbata</strong></span> <span class='ocrx_word' id='word_1_94' title='bbox 1367 749 1406 782; x_wconf 81' lang='lat' dir='ltr'><strong>l».</strong></span> <span class='ocrx_word' id='word_1_95' title='bbox 1431 749 1645 782; x_wconf 61' lang='lat' dir='ltr'><strong>Hlasuhd</strong></span> <span class='ocrx_word' id='word_1_96' title='bbox 1668 749 1799 783; x_wconf 74' lang='lat' dir='ltr'><strong>«lixit.</strong></span> 
     </span>
    </p>
   </div>
   <div class='ocr_carea' id='block_1_6' title="bbox 236 817 1919 920">
    <p class='ocr_par' dir='ltr' id='par_1_6' title="bbox 236 817 1919 920">
     <span class='ocr_line' id='line_1_10' title="bbox 236 817 1919 858; baseline -0.001 -8"><span class='ocrx_word' id='word_1_97' title='bbox 236 821 336 850; x_wconf 87' lang='lat' dir='ltr'><strong>Poeta</strong></span> <span class='ocrx_word' id='word_1_98' title='bbox 364 830 444 850; x_wconf 90' lang='lat' dir='ltr'><strong>unus</strong></span> <span class='ocrx_word' id='word_1_99' title='bbox 475 830 492 849; x_wconf 86' lang='lat' dir='ltr'><strong>e</strong></span> <span class='ocrx_word' id='word_1_100' title='bbox 519 824 644 858; x_wconf 77' lang='lat' dir='ltr'><strong>septem</strong></span> <span class='ocrx_word' id='word_1_101' title='bbox 672 818 747 848; x_wconf 89' lang='lat' dir='ltr'><strong>iuris</strong></span> <span class='ocrx_word' id='word_1_102' title='bbox 776 817 928 846; x_wconf 87' lang='lat' dir='ltr'><strong>consultis</strong></span> <span class='ocrx_word' id='word_1_103' title='bbox 963 818 1111 848; x_wconf 77' lang='lat' dir='ltr'><strong>Medinae</strong></span> <span class='ocrx_word' id='word_1_104' title='bbox 1139 819 1316 848; x_wconf 80' lang='lat' dir='ltr'><strong>celebribus</strong></span> <span class='ocrx_word' id='word_1_105' title='bbox 1345 824 1422 850; x_wconf 84' lang='lat' dir='ltr'><strong>erat.</strong></span> <span class='ocrx_word' id='word_1_106' title='bbox 1488 820 1637 849; x_wconf 84' lang='lat' dir='ltr'><strong>Mortuus</strong></span> <span class='ocrx_word' id='word_1_107' title='bbox 1664 824 1716 849; x_wconf 80' lang='lat' dir='ltr'><strong>est</strong></span> <span class='ocrx_word' id='word_1_108' title='bbox 1742 828 1822 849; x_wconf 86' lang='lat' dir='ltr'><strong>anno</strong></span> <span class='ocrx_word' id='word_1_109' title='bbox 1854 818 1919 849; x_wconf 76' lang='lat'><strong>102</strong></span> 
     </span>
     <span class='ocr_line' id='line_1_11' title="bbox 303 880 1754 920; baseline 0.001 -9"><span class='ocrx_word' id='word_1_110' title='bbox 303 887 368 920; x_wconf 81' lang='lat' dir='ltr'><strong>aut,</strong></span> <span class='ocrx_word' id='word_1_111' title='bbox 397 886 431 911; x_wconf 87' lang='lat' dir='ltr'><strong>ut</strong></span> <span class='ocrx_word' id='word_1_112' title='bbox 458 881 508 910; x_wconf 87' lang='lat' dir='ltr'><strong>alii</strong></span> <span class='ocrx_word' id='word_1_113' title='bbox 535 880 650 917; x_wconf 75' lang='lat' dir='ltr'><strong>dicunt,</strong></span> <span class='ocrx_word' id='word_1_114' title='bbox 679 889 759 909; x_wconf 89' lang='lat' dir='ltr'><strong>anno</strong></span> <span class='ocrx_word' id='word_1_115' title='bbox 789 880 834 909; x_wconf 78' lang='lat'><strong>99</strong></span> <span class='ocrx_word' id='word_1_116' title='bbox 862 885 917 909; x_wconf 87' lang='lat' dir='ltr'><strong>aut</strong></span> <span class='ocrx_word' id='word_1_117' title='bbox 944 880 988 909; x_wconf 78' lang='lat'><strong>98</strong></span> <span class='ocrx_word' id='word_1_118' title='bbox 1017 886 1072 910; x_wconf 87' lang='lat' dir='ltr'><strong>aut</strong></span> <span class='ocrx_word' id='word_1_119' title='bbox 1097 881 1143 911; x_wconf 81' lang='lat'><strong>97</strong></span> <span class='ocrx_word' id='word_1_120' title='bbox 1169 882 1276 911; x_wconf 85' lang='lat' dir='ltr'><strong>conf.</strong></span> <span class='ocrx_word' id='word_1_121' title='bbox 1308 883 1537 913; x_wconf 79' lang='lat' dir='ltr'><strong>Ebn-Cliallik.</strong></span> <span class='ocrx_word' id='word_1_122' title='bbox 1566 884 1644 912; x_wconf 84' lang='lat' dir='ltr'><strong>Nro.</strong></span> <span class='ocrx_word' id='word_1_123' title='bbox 1673 883 1754 913; x_wconf 86' lang='lat'><strong>363.</strong></span> 
     </span>
    </p>
   </div>
   <div class='ocr_carea' id='block_1_7' title="bbox 136 965 1818 1006">
    <p class='ocr_par' dir='ltr' id='par_1_7' title="bbox 136 965 1818 1006">
     <span class='ocr_line' id='line_1_12' title="bbox 136 965 1818 1006; baseline 0.001 -12"><span class='ocrx_word' id='word_1_124' title='bbox 136 966 163 994; x_wconf 88' lang='grc'><strong>1.</strong></span> <span class='ocrx_word' id='word_1_125' title='bbox 207 965 269 994; x_wconf 81' lang='lat' dir='ltr'><strong>Cor</strong></span> <span class='ocrx_word' id='word_1_126' title='bbox 292 975 392 994; x_wconf 75' lang='lat' dir='ltr'><strong>meum</strong></span> <span class='ocrx_word' id='word_1_127' title='bbox 413 967 529 1003; x_wconf 74' lang='lat' dir='ltr'><strong>fida&#39;sti3</strong></span> <span class='ocrx_word' id='word_1_128' title='bbox 554 975 688 994; x_wconf 81' lang='lat' dir='ltr'><strong>amorem</strong></span> <span class='ocrx_word' id='word_1_129' title='bbox 710 969 797 994; x_wconf 73' lang='lat' dir='ltr'><strong>lecum</strong></span> <span class='ocrx_word' id='word_1_130' title='bbox 819 968 852 994; x_wconf 77' lang='lat' dir='ltr'><strong>in</strong></span> <span class='ocrx_word' id='word_1_131' title='bbox 873 967 908 995; x_wconf 73' lang='lat' dir='ltr'><strong>id</strong></span> <span class='ocrx_word' id='word_1_132' title='bbox 926 968 1081 1003; x_wconf 69' lang='lat' dir='ltr'><strong>sparsisti.</strong></span> <span class='ocrx_word' id='word_1_133' title='bbox 1105 967 1150 995; x_wconf 84' lang='lat' dir='ltr'><strong>El</strong></span> <span class='ocrx_word' id='word_1_134' title='bbox 1166 969 1374 1004; x_wconf 72' lang='lat' dir='ltr'><strong>vituperatum</strong></span> <span class='ocrx_word' id='word_1_135' title='bbox 1386 972 1442 997; x_wconf 80' lang='lat' dir='ltr'><strong>est.</strong></span> <span class='ocrx_word' id='word_1_136' title='bbox 1470 969 1545 997; x_wconf 80' lang='lat' dir='ltr'><strong>Tum</strong></span> <span class='ocrx_word' id='word_1_137' title='bbox 1558 971 1695 1006; x_wconf 81' lang='lat' dir='ltr'><strong>fissurae</strong></span> <span class='ocrx_word' id='word_1_138' title='bbox 1707 970 1818 996; x_wconf 77' lang='lat' dir='ltr'><strong>coiere.</strong></span> 
     </span>
    </p>
   </div>
   <div class='ocr_carea' id='block_1_8' title="bbox 136 1033 1919 1141">
    <p class='ocr_par' dir='ltr' id='par_1_8' title="bbox 136 1033 1919 1141">
     <span class='ocr_line' id='line_1_13' title="bbox 235 1033 1919 1077; baseline 0.001 -13"><span class='ocrx_word' id='word_1_139' title='bbox 235 1033 401 1072; x_wconf 86' lang='lat' dir='ltr'>Quomodo</span> <span class='ocrx_word' id='word_1_140' title='bbox 427 1035 540 1065; x_wconf 83' lang='lat' dir='ltr'><strong>factum</strong></span> <span class='ocrx_word' id='word_1_141' title='bbox 568 1036 620 1075; x_wconf 74' lang='lat' dir='ltr'><strong>sit,</strong></span> <span class='ocrx_word' id='word_1_142' title='bbox 649 1040 682 1064; x_wconf 86' lang='lat' dir='ltr'><strong>ut</strong></span> <span class='ocrx_word' id='word_1_143' title='bbox 706 1045 759 1065; x_wconf 88' lang='lat' dir='ltr'><strong>cor</strong></span> <span class='ocrx_word' id='word_1_144' title='bbox 786 1044 892 1065; x_wconf 87' lang='lat' dir='ltr'><strong>amore</strong></span> <span class='ocrx_word' id='word_1_145' title='bbox 920 1035 1056 1065; x_wconf 85' lang='lat' dir='ltr'><strong>feminae</strong></span> <span class='ocrx_word' id='word_1_146' title='bbox 1084 1038 1209 1065; x_wconf 88' lang='lat' dir='ltr'><strong>omnino</strong></span> <span class='ocrx_word' id='word_1_147' title='bbox 1238 1043 1457 1077; x_wconf 78' lang='lat' dir='ltr'><strong>occuparetur,</strong></span> <span class='ocrx_word' id='word_1_148' title='bbox 1478 1038 1638 1067; x_wconf 77' lang='lat' dir='ltr'><strong>describit.</strong></span> <span class='ocrx_word' id='word_1_149' title='bbox 1666 1037 1828 1067; x_wconf 83' lang='lat' dir='ltr'><strong>Feminam</strong></span> <span class='ocrx_word' id='word_1_150' title='bbox 1851 1045 1919 1066; x_wconf 82' lang='lat' dir='ltr'><strong>cum</strong></span> 
     </span>
     <span class='ocr_line' id='line_1_14' title="bbox 136 1098 1919 1141; baseline 0.001 -15"><span class='ocrx_word' id='word_1_151' title='bbox 136 1102 289 1127; x_wconf 87' lang='lat' dir='ltr'><strong>venatore</strong></span> <span class='ocrx_word' id='word_1_152' title='bbox 325 1103 508 1138; x_wconf 74' lang='lat' dir='ltr'><strong>comparat,</strong></span> <span class='ocrx_word' id='word_1_153' title='bbox 549 1099 636 1128; x_wconf 88' lang='lat' dir='ltr'><strong>cuius</strong></span> <span class='ocrx_word' id='word_1_154' title='bbox 673 1098 789 1138; x_wconf 83' lang='lat' dir='ltr'><strong>sagitta</strong></span> <span class='ocrx_word' id='word_1_155' title='bbox 826 1107 881 1128; x_wconf 87' lang='lat' dir='ltr'><strong>cor</strong></span> <span class='ocrx_word' id='word_1_156' title='bbox 908 1098 985 1129; x_wconf 84' lang='lat' dir='ltr'><strong>fidit.</strong></span> <span class='ocrx_word' id='word_1_157' title='bbox 1037 1100 1071 1128; x_wconf 94' lang='lat' dir='ltr'><strong>In</strong></span> <span class='ocrx_word' id='word_1_158' title='bbox 1099 1109 1153 1129; x_wconf 86' lang='lat' dir='ltr'><strong>cor</strong></span> <span class='ocrx_word' id='word_1_159' title='bbox 1181 1106 1285 1131; x_wconf 84' lang='lat' dir='ltr'><strong>autem</strong></span> <span class='ocrx_word' id='word_1_160' title='bbox 1315 1111 1449 1131; x_wconf 85' lang='lat' dir='ltr'><strong>amorem</strong></span> <span class='ocrx_word' id='word_1_161' title='bbox 1486 1105 1630 1141; x_wconf 86' lang='lat' dir='ltr'><strong>tanquam</strong></span> <span class='ocrx_word' id='word_1_162' title='bbox 1659 1100 1919 1130; x_wconf 83' lang='lat' dir='ltr'><strong>medicamentum</strong></span> 
     </span>
    </p>
   </div>
   <div class='ocr_carea' id='block_1_9' title="bbox 135 1159 1918 1209">
    <p class='ocr_par' dir='ltr' id='par_1_9' title="bbox 135 1159 1918 1209">
     <span class='ocr_line' id='line_1_15' title="bbox 135 1159 1918 1209; baseline 0.002 -21"><span class='ocrx_word' id='word_1_163' title='bbox 135 1159 286 1198; x_wconf 85' lang='lat' dir='ltr'><strong>inspersit</strong></span> <span class='ocrx_word' id='word_1_164' title='bbox 313 1165 345 1190; x_wconf 86' lang='lat' dir='ltr'><strong>et</strong></span> <span class='ocrx_word' id='word_1_165' title='bbox 372 1161 556 1190; x_wconf 78' lang='lat' dir='ltr'><strong>vulneribus</strong></span> <span class='ocrx_word' id='word_1_166' title='bbox 584 1162 706 1190; x_wconf 79' lang='lat' dir='ltr'><strong>sanatis</strong></span> <span class='ocrx_word' id='word_1_167' title='bbox 737 1170 823 1191; x_wconf 89' lang='lat' dir='ltr'><strong>amor</strong></span> <span class='ocrx_word' id='word_1_168' title='bbox 851 1162 880 1191; x_wconf 89' lang='lat' dir='ltr'><strong>in</strong></span> <span class='ocrx_word' id='word_1_169' title='bbox 907 1161 1001 1191; x_wconf 90' lang='lat' dir='ltr'><strong>corde</strong></span> <span class='ocrx_word' id='word_1_170' title='bbox 1027 1162 1181 1192; x_wconf 91' lang='lat' dir='ltr'><strong>inclusum</strong></span> <span class='ocrx_word' id='word_1_171' title='bbox 1208 1165 1368 1194; x_wconf 80' lang='lat' dir='ltr'><strong>remansit.</strong></span> <span class='ocrx_word' id='word_1_172' title='bbox 1421 1164 1541 1194; x_wconf 74' lang='lat' dir='ltr'><strong>vocem</strong></span> <span class='ocrx_word' id='word_1_173' title='bbox 1563 1161 1609 1209; x_wconf 35' lang='grc' dir='ltr'><strong>μή]</strong></span> <span class='ocrx_word' id='word_1_174' title='bbox 1637 1163 1792 1202; x_wconf 89' lang='lat' dir='ltr'><strong>duplicem</strong></span> <span class='ocrx_word' id='word_1_175' title='bbox 1819 1164 1918 1192; x_wconf 87' lang='lat' dir='ltr'><strong>inter—</strong></span> 
     </span>
    </p>
   </div>
   <div class='ocr_carea' id='block_1_10' title="bbox 134 1223 1919 1402">
    <p class='ocr_par' dir='ltr' id='par_1_10' title="bbox 134 1223 1919 1402">
     <span class='ocr_line' id='line_1_16' title="bbox 134 1223 1919 1285; baseline 0.002 -22"><span class='ocrx_word' id='word_1_176' title='bbox 134 1234 277 1273; x_wconf 86' lang='lat' dir='ltr'><strong>pretandi</strong></span> <span class='ocrx_word' id='word_1_177' title='bbox 314 1234 435 1265; x_wconf 78' lang='lat' dir='ltr'><strong>moduni</strong></span> <span class='ocrx_word' id='word_1_178' title='bbox 464 1236 539 1275; x_wconf 81' lang='lat' dir='ltr'><strong>pati,</strong></span> <span class='ocrx_word' id='word_1_179' title='bbox 575 1235 766 1266; x_wconf 74' lang='lat' dir='ltr'><strong>scholiastes</strong></span> <span class='ocrx_word' id='word_1_180' title='bbox 801 1232 975 1266; x_wconf 77' lang='lat' dir='ltr'><strong>adnotavit.</strong></span> <span class='ocrx_word' id='word_1_181' title='bbox 1036 1237 1139 1267; x_wconf 87' lang='lat' dir='ltr'><strong>Unum</strong></span> <span class='ocrx_word' id='word_1_182' title='bbox 1167 1248 1260 1277; x_wconf 86' lang='lat' dir='ltr'><strong>esse,</strong></span> <span class='ocrx_word' id='word_1_183' title='bbox 1299 1247 1412 1269; x_wconf 90' lang='lat' dir='ltr'><strong>vocem</strong></span> <span class='ocrx_word' id='word_1_184' title='bbox 1451 1248 1469 1268; x_wconf 88' lang='lat' dir='ltr'><strong>a</strong></span> <span class='ocrx_word' id='word_1_185' title='bbox 1507 1238 1611 1268; x_wconf 85' lang='lat' dir='ltr'><strong>radice</strong></span> <span class='ocrx_word' id='word_1_186' title='bbox 1639 1223 1679 1285; x_wconf 42' lang='grc' dir='ltr'><strong>ᾗ)</strong></span> <span class='ocrx_word' id='word_1_187' title='bbox 1708 1238 1856 1277; x_wconf 76' lang='lat' dir='ltr'><strong>derivari,</strong></span> <span class='ocrx_word' id='word_1_188' title='bbox 1884 1242 1919 1266; x_wconf 91' lang='lat' dir='ltr'><strong>ut</strong></span> 
     </span>
     <span class='ocr_line' id='line_1_17' title="bbox 134 1297 1916 1342; baseline 0.001 -16"><span class='ocrx_word' id='word_1_189' title='bbox 134 1297 255 1327; x_wconf 85' lang='lat' dir='ltr'><strong>litterae</strong></span> <span class='ocrx_word' id='word_1_190' title='bbox 282 1299 401 1328; x_wconf 85' lang='lat' dir='ltr'><strong>Hamsa</strong></span> <span class='ocrx_word' id='word_1_191' title='bbox 426 1299 637 1338; x_wconf 84' lang='lat' dir='ltr'><strong>pronuntiatio</strong></span> <span class='ocrx_word' id='word_1_192' title='bbox 668 1299 758 1328; x_wconf 88' lang='lat' dir='ltr'><strong>modo</strong></span> <span class='ocrx_word' id='word_1_193' title='bbox 779 1308 796 1328; x_wconf 90' lang='lat' dir='ltr'><strong>a</strong></span> <span class='ocrx_word' id='word_1_194' title='bbox 823 1300 1038 1340; x_wconf 84' lang='lat' dir='ltr'><strong>grammaticis</strong></span> <span class='ocrx_word' id='word_1_195' title='bbox 1065 1312 1118 1340; x_wconf 55' lang='lat' dir='ltr'><strong>ob?</strong></span> <span class='ocrx_word' id='word_1_196' title='bbox 1138 1314 1190 1342; x_wconf 53' lang='lat' dir='ltr'><strong>oh?</strong></span> <span class='ocrx_word' id='word_1_197' title='bbox 1219 1300 1377 1340; x_wconf 86' lang='lat' dir='ltr'><strong>appellato</strong></span> <span class='ocrx_word' id='word_1_198' title='bbox 1406 1301 1526 1339; x_wconf 81' lang='lat' dir='ltr'><strong>(conf.</strong></span> <span class='ocrx_word' id='word_1_199' title='bbox 1555 1300 1664 1331; x_wconf 90' lang='lat' dir='ltr'><strong>Gram.</strong></span> <span class='ocrx_word' id='word_1_200' title='bbox 1693 1301 1749 1330; x_wconf 83' lang='lat' dir='ltr'><strong>Ar.</strong></span> <span class='ocrx_word' id='word_1_201' title='bbox 1775 1300 1812 1329; x_wconf 79' lang='lat' dir='ltr'><strong>T.</strong></span> <span class='ocrx_word' id='word_1_202' title='bbox 1840 1300 1868 1328; x_wconf 91' lang='lat'><strong>11</strong></span> <span class='ocrx_word' id='word_1_203' title='bbox 1886 1308 1916 1338; x_wconf 90' lang='lat' dir='ltr'><strong>p.</strong></span> 
     </span>
     <span class='ocr_line' id='line_1_18' title="bbox 136 1358 1917 1402; baseline 0.001 -14"><span class='ocrx_word' id='word_1_204' title='bbox 136 1358 222 1397; x_wconf 88' lang='lat'>100)</span> <span class='ocrx_word' id='word_1_205' title='bbox 250 1359 405 1399; x_wconf 82' lang='lat' dir='ltr'><strong>leniatur,</strong></span> <span class='ocrx_word' id='word_1_206' title='bbox 436 1360 478 1390; x_wconf 86' lang='lat' dir='ltr'><strong>ita</strong></span> <span class='ocrx_word' id='word_1_207' title='bbox 518 1365 551 1390; x_wconf 87' lang='lat' dir='ltr'><strong>ut</strong></span> <span class='ocrx_word' id='word_1_208' title='bbox 586 1360 686 1390; x_wconf 88' lang='lat' dir='ltr'><strong>media</strong></span> <span class='ocrx_word' id='word_1_209' title='bbox 719 1361 799 1390; x_wconf 81' lang='lat' dir='ltr'><strong>inter</strong></span> <span class='ocrx_word' id='word_1_210' title='bbox 834 1361 933 1399; x_wconf 82' lang='lat' dir='ltr'><strong>ipsam</strong></span> <span class='ocrx_word' id='word_1_211' title='bbox 962 1361 1115 1392; x_wconf 87' lang='lat' dir='ltr'><strong>Hamsam</strong></span> <span class='ocrx_word' id='word_1_212' title='bbox 1143 1366 1173 1392; x_wconf 85' lang='lat' dir='ltr'><strong>et</strong></span> <span class='ocrx_word' id='word_1_213' title='bbox 1199 1362 1324 1392; x_wconf 87' lang='lat' dir='ltr'><strong>litterae</strong></span> <span class='ocrx_word' id='word_1_214' title='bbox 1351 1362 1552 1392; x_wconf 89' lang='lat' dir='ltr'><strong>omissionem</strong></span> <span class='ocrx_word' id='word_1_215' title='bbox 1581 1363 1633 1392; x_wconf 88' lang='lat' dir='ltr'><strong>sit.</strong></span> <span class='ocrx_word' id='word_1_216' title='bbox 1668 1362 1793 1392; x_wconf 75' lang='lat' dir='ltr'><strong>Mutata</strong></span> <span class='ocrx_word' id='word_1_217' title='bbox 1820 1361 1917 1402; x_wconf 82' lang='lat' dir='ltr'><strong>igitur</strong></span> 
     </span>
    </p>
   </div>
   <div class='ocr_carea' id='block_1_11' title="bbox 134 1420 1916 1465">
    <p class='ocr_par' dir='ltr' id='par_1_11' title="bbox 134 1420 1916 1465">
     <span class='ocr_line' id='line_1_19' title="bbox 134 1420 1916 1465; baseline 0.002 -16"><span class='ocrx_word' id='word_1_218' title='bbox 134 1420 238 1450; x_wconf 85' lang='lat' dir='ltr'><strong>vocali</strong></span> <span class='ocrx_word' id='word_1_219' title='bbox 273 1421 446 1462; x_wconf 66' lang='lat' dir='ltr'><strong>Dhamma,</strong></span> <span class='ocrx_word' id='word_1_220' title='bbox 487 1428 591 1463; x_wconf 65' lang='lat' dir='ltr'><strong>metu5</strong></span> <span class='ocrx_word' id='word_1_221' title='bbox 631 1431 670 1451; x_wconf 86' lang='lat' dir='ltr'><strong>ne</strong></span> <span class='ocrx_word' id='word_1_222' title='bbox 697 1421 803 1451; x_wconf 83' lang='lat' dir='ltr'><strong>littera</strong></span> <span class='ocrx_word' id='word_1_223' title='bbox 830 1422 932 1452; x_wconf 85' lang='lat' dir='ltr'><strong>Waw</strong></span> <span class='ocrx_word' id='word_1_224' title='bbox 959 1425 1089 1465; x_wconf 77' lang='lat' dir='ltr'><strong>oriatur,</strong></span> <span class='ocrx_word' id='word_1_225' title='bbox 1118 1425 1147 1454; x_wconf 91' lang='lat' dir='ltr'><strong>in</strong></span> <span class='ocrx_word' id='word_1_226' title='bbox 1174 1424 1318 1455; x_wconf 86' lang='lat' dir='ltr'><strong>vocalem</strong></span> <span class='ocrx_word' id='word_1_227' title='bbox 1346 1425 1461 1463; x_wconf 84' lang='lat' dir='ltr'><strong>Kesra,</strong></span> <span class='ocrx_word' id='word_1_228' title='bbox 1491 1427 1539 1454; x_wconf 88' lang='lat' dir='ltr'><strong>sic</strong></span> <span class='ocrx_word' id='word_1_229' title='bbox 1567 1424 1679 1454; x_wconf 83' lang='lat' dir='ltr'><strong>leniter</strong></span> <span class='ocrx_word' id='word_1_230' title='bbox 1707 1425 1916 1464; x_wconf 68' lang='lat' dir='ltr'><strong>pronunciata</strong></span> 
     </span>
    </p>
   </div>
   <div class='ocr_carea' id='block_1_12' title="bbox 129 1483 1916 1913">
    <p class='ocr_par' dir='ltr' id='par_1_12' title="bbox 129 1483 1916 1913">
     <span class='ocr_line' id='line_1_20' title="bbox 132 1483 1913 1538; baseline 0.002 -14"><span class='ocrx_word' id='word_1_231' title='bbox 132 1496 239 1525; x_wconf 74' lang='lat' dir='ltr'><strong>littera</strong></span> <span class='ocrx_word' id='word_1_232' title='bbox 268 1496 336 1526; x_wconf 86' lang='lat' dir='ltr'><strong>Alif</strong></span> <span class='ocrx_word' id='word_1_233' title='bbox 367 1496 402 1526; x_wconf 85' lang='lat' dir='ltr'><strong>fit</strong></span> <span class='ocrx_word' id='word_1_234' title='bbox 427 1497 531 1527; x_wconf 84' lang='lat' dir='ltr'><strong>littera</strong></span> <span class='ocrx_word' id='word_1_235' title='bbox 556 1497 598 1527; x_wconf 88' lang='lat' dir='ltr'><strong>Ja</strong></span> <span class='ocrx_word' id='word_1_236' title='bbox 626 1497 733 1526; x_wconf 88' lang='lat' dir='ltr'><strong>eodem</strong></span> <span class='ocrx_word' id='word_1_237' title='bbox 761 1498 864 1538; x_wconf 82' lang='lat' dir='ltr'><strong>modo,</strong></span> <span class='ocrx_word' id='word_1_238' title='bbox 897 1506 957 1535; x_wconf 85' lang='lat' dir='ltr'><strong>quo</strong></span> <span class='ocrx_word' id='word_1_239' title='bbox 986 1509 1050 1529; x_wconf 87' lang='lat' dir='ltr'><strong>vox</strong></span> <span class='ocrx_word' id='word_1_240' title='bbox 1077 1483 1145 1537; x_wconf 48' lang='grc' dir='ltr'><strong>μζ.</strong></span> <span class='ocrx_word' id='word_1_241' title='bbox 1172 1499 1201 1528; x_wconf 88' lang='lat' dir='ltr'><strong>in</strong></span> <span class='ocrx_word' id='word_1_242' title='bbox 1228 1500 1298 1537; x_wconf 34' lang='grc' dir='ltr'><strong>ἅμα</strong></span> <span class='ocrx_word' id='word_1_243' title='bbox 1326 1503 1445 1529; x_wconf 90' lang='lat' dir='ltr'><strong>mutata</strong></span> <span class='ocrx_word' id='word_1_244' title='bbox 1472 1504 1532 1529; x_wconf 87' lang='lat' dir='ltr'><strong>est.</strong></span> <span class='ocrx_word' id='word_1_245' title='bbox 1604 1499 1776 1537; x_wconf 81' lang='lat' dir='ltr'><strong>Quoniinus</strong></span> <span class='ocrx_word' id='word_1_246' title='bbox 1807 1504 1913 1529; x_wconf 85' lang='lat' dir='ltr'><strong>autem</strong></span> 
     </span>
     <span class='ocr_line' id='line_1_21' title="bbox 133 1558 1915 1602; baseline 0.002 -15"><span class='ocrx_word' id='word_1_247' title='bbox 133 1558 206 1588; x_wconf 88' lang='lat' dir='ltr'><strong>huic</strong></span> <span class='ocrx_word' id='word_1_248' title='bbox 243 1560 467 1599; x_wconf 79' lang='lat' dir='ltr'><strong>interpretandi</strong></span> <span class='ocrx_word' id='word_1_249' title='bbox 504 1561 620 1600; x_wconf 80' lang='lat' dir='ltr'><strong>modo,</strong></span> <span class='ocrx_word' id='word_1_250' title='bbox 649 1571 740 1600; x_wconf 87' lang='lat' dir='ltr'><strong>quem</strong></span> <span class='ocrx_word' id='word_1_251' title='bbox 784 1562 976 1592; x_wconf 85' lang='lat' dir='ltr'><strong>scholiastes</strong></span> <span class='ocrx_word' id='word_1_252' title='bbox 1011 1562 1252 1601; x_wconf 85' lang='lat' dir='ltr'><strong>praeferendum</strong></span> <span class='ocrx_word' id='word_1_253' title='bbox 1298 1562 1410 1602; x_wconf 77' lang='lat' dir='ltr'><strong>habet⁷</strong></span> <span class='ocrx_word' id='word_1_254' title='bbox 1438 1562 1561 1591; x_wconf 89' lang='lat' dir='ltr'><strong>omnino</strong></span> <span class='ocrx_word' id='word_1_255' title='bbox 1602 1562 1778 1601; x_wconf 80' lang='lat' dir='ltr'><strong>assentiar,</strong></span> <span class='ocrx_word' id='word_1_256' title='bbox 1808 1561 1915 1591; x_wconf 90' lang='lat' dir='ltr'><strong>statim</strong></span> 
     </span>
     <span class='ocr_line' id='line_1_22' title="bbox 131 1622 1915 1670; baseline 0.002 -21"><span class='ocrx_word' id='word_1_257' title='bbox 131 1629 270 1659; x_wconf 78' lang='lat' dir='ltr'><strong>sequens</strong></span> <span class='ocrx_word' id='word_1_258' title='bbox 299 1622 438 1652; x_wconf 82' lang='lat' dir='ltr'><strong>eiusdem</strong></span> <span class='ocrx_word' id='word_1_259' title='bbox 468 1623 580 1653; x_wconf 82' lang='lat' dir='ltr'><strong>radicis</strong></span> <span class='ocrx_word' id='word_1_260' title='bbox 608 1633 673 1653; x_wconf 83' lang='lat' dir='ltr'><strong>vox</strong></span> <span class='ocrx_word' id='word_1_261' title='bbox 701 1622 770 1670; x_wconf 54' lang='grc' dir='ltr'><strong>Γὶκζῐ</strong></span> <span class='ocrx_word' id='word_1_262' title='bbox 791 1625 929 1666; x_wconf 46' lang='lat' dir='ltr'><strong>impedit·</strong></span> <span class='ocrx_word' id='word_1_263' title='bbox 958 1626 1143 1655; x_wconf 82' lang='lat' dir='ltr'><strong>Mersukius</strong></span> <span class='ocrx_word' id='word_1_264' title='bbox 1172 1625 1255 1654; x_wconf 89' lang='lat' dir='ltr'><strong>hunc</strong></span> <span class='ocrx_word' id='word_1_265' title='bbox 1283 1624 1510 1663; x_wconf 87' lang='lat' dir='ltr'><strong>interpretandi</strong></span> <span class='ocrx_word' id='word_1_266' title='bbox 1540 1624 1662 1653; x_wconf 89' lang='lat' dir='ltr'><strong>modum</strong></span> <span class='ocrx_word' id='word_1_267' title='bbox 1691 1624 1781 1653; x_wconf 90' lang='lat' dir='ltr'><strong>hisce</strong></span> <span class='ocrx_word' id='word_1_268' title='bbox 1809 1623 1915 1669; x_wconf 63' lang='lat' dir='ltr'><strong>verbis</strong></span> 
     </span>
     <span class='ocr_line' id='line_1_23' title="bbox 130 1683 1916 1732; baseline -0.004 -12"><span class='ocrx_word' id='word_1_269' title='bbox 130 1683 319 1721; x_wconf 82' lang='lat' dir='ltr'><strong>explicavit:</strong></span> <span class='ocrx_word' id='word_1_270' title='bbox 361 1686 454 1725; x_wconf 47' lang='lat'><strong>&amp;5323</strong></span> <span class='ocrx_word' id='word_1_271' title='bbox 487 1684 602 1718; x_wconf 47' lang='lat' dir='ltr'><strong>:anmi</strong></span> <span class='ocrx_word' id='word_1_272' title='bbox 637 1693 709 1728; x_wconf 51' lang='lat' dir='ltr'><strong>k5³&gt;</strong></span> <span class='ocrx_word' id='word_1_273' title='bbox 745 1690 826 1727; x_wconf 56' lang='lat'><strong>&amp;3535</strong></span> <span class='ocrx_word' id='word_1_274' title='bbox 859 1699 977 1723; x_wconf 46' lang='lat' dir='ltr'><strong>mas&gt;</strong></span> <span class='ocrx_word' id='word_1_275' title='bbox 1014 1701 1047 1732; x_wconf 48' lang='grc' dir='ltr'><strong>Γ)</strong></span> <span class='ocrx_word' id='word_1_276' title='bbox 1091 1694 1174 1717; x_wconf 76' lang='lat' dir='ltr'><strong>»tum</strong></span> <span class='ocrx_word' id='word_1_277' title='bbox 1201 1689 1307 1717; x_wconf 83' lang='lat' dir='ltr'><strong>coiere</strong></span> <span class='ocrx_word' id='word_1_278' title='bbox 1336 1689 1402 1717; x_wconf 89' lang='lat' dir='ltr'><strong>eius</strong></span> <span class='ocrx_word' id='word_1_279' title='bbox 1430 1687 1579 1727; x_wconf 70' lang='lat' dir='ltr'><strong>fissurae,</strong></span> <span class='ocrx_word' id='word_1_280' title='bbox 1621 1691 1654 1716; x_wconf 93' lang='lat' dir='ltr'><strong>ut</strong></span> <span class='ocrx_word' id='word_1_281' title='bbox 1678 1686 1810 1715; x_wconf 88' lang='lat' dir='ltr'><strong>vulnera</strong></span> <span class='ocrx_word' id='word_1_282' title='bbox 1846 1685 1916 1714; x_wconf 90' lang='lat' dir='ltr'><strong>eius</strong></span> 
     </span>
     <span class='ocr_line' id='line_1_24' title="bbox 130 1747 1913 1796; baseline 0.002 -23"><span class='ocrx_word' id='word_1_283' title='bbox 130 1751 350 1775; x_wconf 84' lang='lat' dir='ltr'><strong>sanarentur«.</strong></span> <span class='ocrx_word' id='word_1_284' title='bbox 402 1748 603 1777; x_wconf 76' lang='lat' dir='ltr'><strong>Scholiasrcs</strong></span> <span class='ocrx_word' id='word_1_285' title='bbox 631 1758 746 1779; x_wconf 88' lang='lat' dir='ltr'><strong>vocem</strong></span> <span class='ocrx_word' id='word_1_286' title='bbox 775 1755 826 1777; x_wconf 49' lang='lat' dir='ltr'><strong>auia</strong></span> <span class='ocrx_word' id='word_1_287' title='bbox 852 1760 925 1790; x_wconf 58' lang='lat' dir='ltr'><strong>post</strong></span> <span class='ocrx_word' id='word_1_288' title='bbox 952 1759 1064 1779; x_wconf 85' lang='lat' dir='ltr'><strong>vocem</strong></span> <span class='ocrx_word' id='word_1_289' title='bbox 1087 1747 1193 1796; x_wconf 42' lang='lat' dir='ltr'><strong>ptr-²5²„</strong></span> <span class='ocrx_word' id='word_1_290' title='bbox 1223 1751 1374 1779; x_wconf 79' lang='lat' dir='ltr'><strong>omissam</strong></span> <span class='ocrx_word' id='word_1_291' title='bbox 1403 1760 1479 1779; x_wconf 86' lang='lat' dir='ltr'><strong>esse</strong></span> <span class='ocrx_word' id='word_1_292' title='bbox 1507 1749 1592 1779; x_wconf 86' lang='lat' dir='ltr'><strong>dicit.</strong></span> <span class='ocrx_word' id='word_1_293' title='bbox 1647 1749 1769 1778; x_wconf 76' lang='lat' dir='ltr'><strong>Vocem</strong></span> <span class='ocrx_word' id='word_1_294' title='bbox 1807 1757 1825 1777; x_wconf 88' lang='lat' dir='ltr'><strong>a</strong></span> <span class='ocrx_word' id='word_1_295' title='bbox 1860 1757 1913 1777; x_wconf 87' lang='lat' dir='ltr'><strong>ra-</strong></span> 
     </span>
     <span class='ocr_line' id='line_1_25' title="bbox 130 1805 1912 1852; baseline 0.002 -17"><span class='ocrx_word' id='word_1_296' title='bbox 130 1806 197 1835; x_wconf 90' lang='lat' dir='ltr'><strong>dice</strong></span> <span class='ocrx_word' id='word_1_297' title='bbox 225 1805 270 1852; x_wconf 51' lang='lat' dir='ltr'><strong>v}</strong></span> <span class='ocrx_word' id='word_1_298' title='bbox 301 1808 450 1846; x_wconf 83' lang='lat' dir='ltr'><strong>derivari,</strong></span> <span class='ocrx_word' id='word_1_299' title='bbox 476 1810 608 1839; x_wconf 84' lang='lat' dir='ltr'><strong>alterum</strong></span> <span class='ocrx_word' id='word_1_300' title='bbox 636 1811 861 1850; x_wconf 84' lang='lat' dir='ltr'><strong>interpretandi</strong></span> <span class='ocrx_word' id='word_1_301' title='bbox 890 1811 1012 1841; x_wconf 88' lang='lat' dir='ltr'><strong>modum</strong></span> <span class='ocrx_word' id='word_1_302' title='bbox 1035 1821 1122 1851; x_wconf 72' lang='lat' dir='ltr'><strong>esse,</strong></span> <span class='ocrx_word' id='word_1_303' title='bbox 1150 1811 1344 1841; x_wconf 84' lang='lat' dir='ltr'><strong>scholiastes</strong></span> <span class='ocrx_word' id='word_1_304' title='bbox 1373 1811 1461 1841; x_wconf 81' lang='lat' dir='ltr'><strong>dixit.</strong></span> <span class='ocrx_word' id='word_1_305' title='bbox 1516 1812 1575 1841; x_wconf 91' lang='lat' dir='ltr'><strong>Cui</strong></span> <span class='ocrx_word' id='word_1_306' title='bbox 1602 1820 1780 1850; x_wconf 85' lang='lat' dir='ltr'><strong>quamquam</strong></span> <span class='ocrx_word' id='word_1_307' title='bbox 1808 1819 1912 1850; x_wconf 85' lang='lat' dir='ltr'><strong>neque</strong></span> 
     </span>
     <span class='ocr_line' id='line_1_26' title="bbox 129 1871 1911 1913; baseline 0.001 -14"><span class='ocrx_word' id='word_1_308' title='bbox 129 1871 234 1900; x_wconf 84' lang='lat' dir='ltr'><strong>littera</strong></span> <span class='ocrx_word' id='word_1_309' title='bbox 262 1873 313 1901; x_wconf 84' lang='lat' dir='ltr'><strong>tali</strong></span> <span class='ocrx_word' id='word_1_310' title='bbox 344 1873 433 1902; x_wconf 92' lang='lat' dir='ltr'><strong>modo</strong></span> <span class='ocrx_word' id='word_1_311' title='bbox 462 1877 580 1903; x_wconf 86' lang='lat' dir='ltr'><strong>mutata</strong></span> <span class='ocrx_word' id='word_1_312' title='bbox 607 1883 710 1913; x_wconf 87' lang='lat' dir='ltr'><strong>neque</strong></span> <span class='ocrx_word' id='word_1_313' title='bbox 738 1884 803 1903; x_wconf 83' lang='lat' dir='ltr'><strong>vox</strong></span> <span class='ocrx_word' id='word_1_314' title='bbox 831 1875 970 1904; x_wconf 87' lang='lat' dir='ltr'><strong>eiusdem</strong></span> <span class='ocrx_word' id='word_1_315' title='bbox 998 1874 1115 1904; x_wconf 87' lang='lat' dir='ltr'><strong>radicis</strong></span> <span class='ocrx_word' id='word_1_316' title='bbox 1143 1874 1279 1912; x_wconf 79' lang='lat' dir='ltr'><strong>repetita</strong></span> <span class='ocrx_word' id='word_1_317' title='bbox 1305 1874 1423 1913; x_wconf 78' lang='lat' dir='ltr'><strong>obstat,</strong></span> <span class='ocrx_word' id='word_1_318' title='bbox 1452 1878 1557 1903; x_wconf 85' lang='lat' dir='ltr'><strong>tamen</strong></span> <span class='ocrx_word' id='word_1_319' title='bbox 1584 1881 1698 1902; x_wconf 85' lang='lat' dir='ltr'><strong>sensus</strong></span> <span class='ocrx_word' id='word_1_320' title='bbox 1726 1872 1833 1902; x_wconf 90' lang='lat' dir='ltr'><strong>cordis</strong></span> <span class='ocrx_word' id='word_1_321' title='bbox 1860 1872 1911 1901; x_wconf 86' lang='lat' dir='ltr'><strong>vi-</strong></span> 
     </span>
    </p>
   </div>
   <div class='ocr_carea' id='block_1_13' title="bbox 129 1934 1465 1975">
    <p class='ocr_par' dir='ltr' id='par_1_13' title="bbox 129 1934 1465 1975">
     <span class='ocr_line' id='line_1_27' title="bbox 129 1934 1465 1975; baseline 0.001 -12"><span class='ocrx_word' id='word_1_322' title='bbox 129 1937 264 1972; x_wconf 82' lang='lat' dir='ltr'><strong>tuperati</strong></span> <span class='ocrx_word' id='word_1_323' title='bbox 291 1935 349 1966; x_wconf 92' lang='lat' dir='ltr'><strong>hoc</strong></span> <span class='ocrx_word' id='word_1_324' title='bbox 376 1936 405 1965; x_wconf 93' lang='lat' dir='ltr'><strong>in</strong></span> <span class='ocrx_word' id='word_1_325' title='bbox 433 1937 599 1966; x_wconf 90' lang='lat' dir='ltr'><strong>verborum</strong></span> <span class='ocrx_word' id='word_1_326' title='bbox 627 1946 709 1966; x_wconf 84' lang='lat' dir='ltr'><strong>nexu</strong></span> <span class='ocrx_word' id='word_1_327' title='bbox 738 1946 797 1965; x_wconf 92' lang='lat' dir='ltr'><strong>non</strong></span> <span class='ocrx_word' id='word_1_328' title='bbox 830 1939 910 1966; x_wconf 81' lang='lat' dir='ltr'><strong>omni</strong></span> <span class='ocrx_word' id='word_1_329' title='bbox 936 1946 976 1965; x_wconf 85' lang='lat' dir='ltr'><strong>ex</strong></span> <span class='ocrx_word' id='word_1_330' title='bbox 1002 1941 1092 1975; x_wconf 85' lang='lat' dir='ltr'><strong>parte</strong></span> <span class='ocrx_word' id='word_1_331' title='bbox 1118 1935 1302 1965; x_wconf 89' lang='lat' dir='ltr'><strong>commodus</strong></span> <span class='ocrx_word' id='word_1_332' title='bbox 1329 1934 1465 1965; x_wconf 83' lang='lat' dir='ltr'><strong>videtur.</strong></span> 
     </span>
    </p>
   </div>
   <div class='ocr_carea' id='block_1_14' title="bbox 128 2031 1864 2072">
    <p class='ocr_par' dir='ltr' id='par_1_14' title="bbox 128 2031 1864 2072">
     <span class='ocr_line' id='line_1_28' title="bbox 128 2031 1864 2072; baseline 0.002 -14"><span class='ocrx_word' id='word_1_333' title='bbox 128 2031 159 2059; x_wconf 79' lang='lat'><strong>2.</strong></span> <span class='ocrx_word' id='word_1_334' title='bbox 202 2031 301 2059; x_wconf 81' lang='lat' dir='ltr'><strong>Amor</strong></span> <span class='ocrx_word' id='word_1_335' title='bbox 322 2032 475 2061; x_wconf 73' lang='lat' dir='ltr'><strong>Alzlsmae</strong></span> <span class='ocrx_word' id='word_1_336' title='bbox 496 2035 528 2062; x_wconf 79' lang='lat' dir='ltr'><strong>in</strong></span> <span class='ocrx_word' id='word_1_337' title='bbox 550 2044 601 2062; x_wconf 85' lang='lat' dir='ltr'><strong>cor</strong></span> <span class='ocrx_word' id='word_1_338' title='bbox 621 2043 721 2062; x_wconf 78' lang='lat' dir='ltr'><strong>meam</strong></span> <span class='ocrx_word' id='word_1_339' title='bbox 737 2037 919 2069; x_wconf 70' lang='lat' dir='ltr'><strong>penetrarit.</strong></span> <span class='ocrx_word' id='word_1_340' title='bbox 949 2035 1023 2063; x_wconf 75' lang='lat' dir='ltr'><strong>Tam</strong></span> <span class='ocrx_word' id='word_1_341' title='bbox 1047 2044 1205 2072; x_wconf 76' lang='lat' dir='ltr'><strong>apparens</strong></span> <span class='ocrx_word' id='word_1_342' title='bbox 1227 2036 1294 2063; x_wconf 76' lang='lat' dir='ltr'><strong>eins</strong></span> <span class='ocrx_word' id='word_1_343' title='bbox 1314 2044 1391 2071; x_wconf 80' lang='lat' dir='ltr'><strong>pars</strong></span> <span class='ocrx_word' id='word_1_344' title='bbox 1413 2043 1482 2062; x_wconf 84' lang='lat' dir='ltr'><strong>cum</strong></span> <span class='ocrx_word' id='word_1_345' title='bbox 1502 2033 1626 2062; x_wconf 76' lang='lat' dir='ltr'><strong>occulta</strong></span> <span class='ocrx_word' id='word_1_346' title='bbox 1646 2035 1864 2071; x_wconf 78' lang='lat' dir='ltr'><strong>proficiscitur.</strong></span> 
     </span>
    </p>
   </div>
   <div class='ocr_carea' id='block_1_15' title="bbox 125 2099 1910 2393">
    <p class='ocr_par' dir='ltr' id='par_1_15' title="bbox 125 2099 1910 2393">
     <span class='ocr_line' id='line_1_29' title="bbox 225 2099 1910 2145; baseline 0.002 -16"><span class='ocrx_word' id='word_1_347' title='bbox 225 2099 285 2130; x_wconf 84' lang='lat' dir='ltr'><strong>Hic</strong></span> <span class='ocrx_word' id='word_1_348' title='bbox 311 2110 423 2130; x_wconf 76' lang='lat' dir='ltr'><strong>versus</strong></span> <span class='ocrx_word' id='word_1_349' title='bbox 451 2102 481 2131; x_wconf 90' lang='lat' dir='ltr'><strong>in</strong></span> <span class='ocrx_word' id='word_1_350' title='bbox 508 2102 663 2132; x_wconf 83' lang='lat' dir='ltr'><strong>Mersukii</strong></span> <span class='ocrx_word' id='word_1_351' title='bbox 690 2103 797 2132; x_wconf 85' lang='lat' dir='ltr'><strong>codice</strong></span> <span class='ocrx_word' id='word_1_352' title='bbox 825 2103 1019 2134; x_wconf 86' lang='lat' dir='ltr'><strong>desideratur</strong></span> <span class='ocrx_word' id='word_1_353' title='bbox 1045 2110 1076 2135; x_wconf 83' lang='lat' dir='ltr'><strong>et</strong></span> <span class='ocrx_word' id='word_1_354' title='bbox 1103 2105 1255 2145; x_wconf 84' lang='lat' dir='ltr'><strong>scholion,</strong></span> <span class='ocrx_word' id='word_1_355' title='bbox 1283 2114 1376 2143; x_wconf 89' lang='lat' dir='ltr'><strong>quum</strong></span> <span class='ocrx_word' id='word_1_356' title='bbox 1403 2114 1445 2133; x_wconf 87' lang='lat' dir='ltr'><strong>ex</strong></span> <span class='ocrx_word' id='word_1_357' title='bbox 1471 2104 1630 2134; x_wconf 87' lang='lat' dir='ltr'><strong>Mersukii</strong></span> <span class='ocrx_word' id='word_1_358' title='bbox 1658 2113 1755 2143; x_wconf 87' lang='lat' dir='ltr'><strong>opere</strong></span> <span class='ocrx_word' id='word_1_359' title='bbox 1778 2103 1910 2133; x_wconf 85' lang='lat' dir='ltr'><strong>desum-</strong></span> 
     </span>
     <span class='ocr_line' id='line_1_30' title="bbox 127 2161 1910 2207; baseline 0.003 -16"><span class='ocrx_word' id='word_1_360' title='bbox 127 2167 190 2191; x_wconf 88' lang='lat' dir='ltr'><strong>tum</strong></span> <span class='ocrx_word' id='word_1_361' title='bbox 222 2162 275 2199; x_wconf 82' lang='lat' dir='ltr'><strong>sit,</strong></span> <span class='ocrx_word' id='word_1_362' title='bbox 304 2161 342 2192; x_wconf 86' lang='lat' dir='ltr'><strong>ad</strong></span> <span class='ocrx_word' id='word_1_363' title='bbox 370 2172 500 2192; x_wconf 88' lang='lat' dir='ltr'><strong>versum</strong></span> <span class='ocrx_word' id='word_1_364' title='bbox 529 2167 672 2202; x_wconf 83' lang='lat' dir='ltr'><strong>proxime</strong></span> <span class='ocrx_word' id='word_1_365' title='bbox 700 2170 887 2203; x_wconf 81' lang='lat' dir='ltr'><strong>sequentem</strong></span> <span class='ocrx_word' id='word_1_366' title='bbox 915 2172 1050 2207; x_wconf 88' lang='lat' dir='ltr'><strong>spectat.</strong></span> <span class='ocrx_word' id='word_1_367' title='bbox 1080 2168 1162 2206; x_wconf 86' lang='lat' dir='ltr'><strong>Quid</strong></span> <span class='ocrx_word' id='word_1_368' title='bbox 1188 2167 1287 2197; x_wconf 82' lang='lat' dir='ltr'><strong>verba</strong></span> <span class='ocrx_word' id='word_1_369' title='bbox 1310 2176 1487 2206; x_wconf 86' lang='lat' dir='ltr'><strong>»apparens</strong></span> <span class='ocrx_word' id='word_1_370' title='bbox 1515 2168 1631 2197; x_wconf 85' lang='lat' dir='ltr'><strong>amoris</strong></span> <span class='ocrx_word' id='word_1_371' title='bbox 1659 2177 1733 2206; x_wconf 89' lang='lat' dir='ltr'><strong>pars</strong></span> <span class='ocrx_word' id='word_1_372' title='bbox 1758 2176 1824 2197; x_wconf 88' lang='lat' dir='ltr'><strong>cnm</strong></span> <span class='ocrx_word' id='word_1_373' title='bbox 1851 2175 1910 2196; x_wconf 89' lang='lat' dir='ltr'><strong>oc-</strong></span> 
     </span>
     <span class='ocr_line' id='line_1_31' title="bbox 126 2225 1905 2270; baseline 0.002 -16"><span class='ocrx_word' id='word_1_374' title='bbox 126 2225 210 2255; x_wconf 86' lang='lat' dir='ltr'><strong>culta</strong></span> <span class='ocrx_word' id='word_1_375' title='bbox 236 2225 468 2264; x_wconf 83' lang='lat' dir='ltr'><strong>proficiscitur«</strong></span> <span class='ocrx_word' id='word_1_376' title='bbox 500 2226 689 2267; x_wconf 79' lang='lat' dir='ltr'><strong>significent,</strong></span> <span class='ocrx_word' id='word_1_377' title='bbox 719 2237 779 2257; x_wconf 92' lang='lat' dir='ltr'><strong>non</strong></span> <span class='ocrx_word' id='word_1_378' title='bbox 807 2230 930 2258; x_wconf 87' lang='lat' dir='ltr'><strong>omnino</strong></span> <span class='ocrx_word' id='word_1_379' title='bbox 956 2231 1059 2268; x_wconf 88' lang='lat' dir='ltr'><strong>liquet.</strong></span> <span class='ocrx_word' id='word_1_380' title='bbox 1090 2231 1188 2260; x_wconf 85' lang='lat' dir='ltr'><strong>Poeta</strong></span> <span class='ocrx_word' id='word_1_381' title='bbox 1214 2229 1395 2270; x_wconf 84' lang='lat' dir='ltr'><strong>significare</strong></span> <span class='ocrx_word' id='word_1_382' title='bbox 1424 2230 1571 2259; x_wconf 86' lang='lat' dir='ltr'><strong>voluisse</strong></span> <span class='ocrx_word' id='word_1_383' title='bbox 1596 2230 1731 2267; x_wconf 82' lang='lat' dir='ltr'><strong>videtur,</strong></span> <span class='ocrx_word' id='word_1_384' title='bbox 1759 2238 1905 2267; x_wconf 87' lang='lat' dir='ltr'><strong>amorem,</strong></span> 
     </span>
     <span class='ocr_line' id='line_1_32' title="bbox 125 2287 1903 2332; baseline 0.002 -16"><span class='ocrx_word' id='word_1_385' title='bbox 125 2287 176 2326; x_wconf 90' lang='lat' dir='ltr'><strong>qui</strong></span> <span class='ocrx_word' id='word_1_386' title='bbox 202 2287 231 2316; x_wconf 92' lang='lat' dir='ltr'><strong>in</strong></span> <span class='ocrx_word' id='word_1_387' title='bbox 261 2288 362 2317; x_wconf 86' lang='lat' dir='ltr'><strong>animo</strong></span> <span class='ocrx_word' id='word_1_388' title='bbox 389 2289 534 2318; x_wconf 85' lang='lat' dir='ltr'><strong>occultus</strong></span> <span class='ocrx_word' id='word_1_389' title='bbox 563 2291 623 2329; x_wconf 86' lang='lat' dir='ltr'><strong>sit,</strong></span> <span class='ocrx_word' id='word_1_390' title='bbox 652 2290 690 2319; x_wconf 87' lang='lat' dir='ltr'><strong>ab</strong></span> <span class='ocrx_word' id='word_1_391' title='bbox 719 2299 775 2329; x_wconf 81' lang='lat' dir='ltr'><strong>e0,</strong></span> <span class='ocrx_word' id='word_1_392' title='bbox 803 2300 893 2329; x_wconf 89' lang='lat' dir='ltr'><strong>quem</strong></span> <span class='ocrx_word' id='word_1_393' title='bbox 922 2292 1078 2332; x_wconf 80' lang='lat' dir='ltr'><strong>ostendat,</strong></span> <span class='ocrx_word' id='word_1_394' title='bbox 1103 2301 1165 2320; x_wconf 91' lang='lat' dir='ltr'><strong>non</strong></span> <span class='ocrx_word' id='word_1_395' title='bbox 1192 2290 1330 2330; x_wconf 84' lang='lat' dir='ltr'><strong>differre,</strong></span> <span class='ocrx_word' id='word_1_396' title='bbox 1361 2297 1395 2321; x_wconf 90' lang='lat' dir='ltr'><strong>ut</strong></span> <span class='ocrx_word' id='word_1_397' title='bbox 1424 2292 1504 2321; x_wconf 83' lang='lat' dir='ltr'><strong>inter</strong></span> <span class='ocrx_word' id='word_1_398' title='bbox 1532 2298 1698 2331; x_wconf 85' lang='lat' dir='ltr'><strong>utrumque</strong></span> <span class='ocrx_word' id='word_1_399' title='bbox 1725 2300 1903 2321; x_wconf 88' lang='lat' dir='ltr'><strong>consensus</strong></span> 
     </span>
     <span class='ocr_line' id='line_1_33' title="bbox 125 2351 1904 2393; baseline 0.001 -13"><span class='ocrx_word' id='word_1_400' title='bbox 125 2351 178 2380; x_wconf 88' lang='lat' dir='ltr'><strong>sit.</strong></span> <span class='ocrx_word' id='word_1_401' title='bbox 230 2351 313 2380; x_wconf 81' lang='lat' dir='ltr'><strong>Fieri</strong></span> <span class='ocrx_word' id='word_1_402' title='bbox 341 2351 496 2381; x_wconf 85' lang='lat' dir='ltr'><strong>interdum</strong></span> <span class='ocrx_word' id='word_1_403' title='bbox 522 2352 617 2392; x_wconf 78' lang='lat' dir='ltr'><strong>solet,</strong></span> <span class='ocrx_word' id='word_1_404' title='bbox 645 2356 679 2381; x_wconf 88' lang='lat' dir='ltr'><strong>ut</strong></span> <span class='ocrx_word' id='word_1_405' title='bbox 706 2352 757 2391; x_wconf 89' lang='lat' dir='ltr'><strong>qni</strong></span> <span class='ocrx_word' id='word_1_406' title='bbox 784 2352 918 2382; x_wconf 80' lang='lat' dir='ltr'><strong>feminae</strong></span> <span class='ocrx_word' id='word_1_407' title='bbox 945 2363 1081 2384; x_wconf 90' lang='lat' dir='ltr'><strong>amorem</strong></span> <span class='ocrx_word' id='word_1_408' title='bbox 1108 2353 1270 2393; x_wconf 77' lang='lat' dir='ltr'><strong>ostendat,</strong></span> <span class='ocrx_word' id='word_1_409' title='bbox 1286 2362 1346 2382; x_wconf 91' lang='lat' dir='ltr'><strong>non</strong></span> <span class='ocrx_word' id='word_1_410' title='bbox 1373 2353 1505 2384; x_wconf 88' lang='lat' dir='ltr'><strong>eundem</strong></span> <span class='ocrx_word' id='word_1_411' title='bbox 1532 2354 1561 2384; x_wconf 94' lang='lat' dir='ltr'><strong>in</strong></span> <span class='ocrx_word' id='word_1_412' title='bbox 1588 2354 1689 2384; x_wconf 91' lang='lat' dir='ltr'><strong>animo</strong></span> <span class='ocrx_word' id='word_1_413' title='bbox 1717 2355 1840 2383; x_wconf 79' lang='lat' dir='ltr'><strong>sentiat.</strong></span> <span class='ocrx_word' id='word_1_414' title='bbox 1870 2353 1904 2382; x_wconf 92' lang='lat' dir='ltr'><strong>ln</strong></span> 
     </span>
    </p>
   </div>
   <div class='ocr_carea' id='block_1_16' title="bbox 125 2413 794 2455">
    <p class='ocr_par' dir='ltr' id='par_1_16' title="bbox 125 2413 794 2455">
     <span class='ocr_line' id='line_1_34' title="bbox 125 2413 794 2455; baseline 0.001 -13"><span class='ocrx_word' id='word_1_415' title='bbox 125 2413 413 2443; x_wconf 80' lang='lat' dir='ltr'><strong>Ebu-Challikani</strong></span> <span class='ocrx_word' id='word_1_416' title='bbox 442 2423 539 2453; x_wconf 89' lang='lat' dir='ltr'><strong>opere</strong></span> <span class='ocrx_word' id='word_1_417' title='bbox 568 2417 643 2444; x_wconf 57' lang='lat' dir='ltr'><strong>Me</strong></span> <span class='ocrx_word' id='word_1_418' title='bbox 669 2414 794 2455; x_wconf 84' lang='lat' dir='ltr'><strong>legitur.</strong></span> 
     </span>
    </p>
   </div>
   <div class='ocr_carea' id='block_1_17' title="bbox 123 2509 1437 2551">
    <p class='ocr_par' dir='ltr' id='par_1_17' title="bbox 123 2509 1437 2551">
     <span class='ocr_line' id='line_1_35' title="bbox 123 2509 1437 2551; baseline 0.005 -14"><span class='ocrx_word' id='word_1_419' title='bbox 123 2509 154 2538; x_wconf 85' lang='lat'><strong>3.</strong></span> <span class='ocrx_word' id='word_1_420' title='bbox 199 2510 382 2538; x_wconf 75' lang='lat' dir='ltr'><strong>Penetruvit</strong></span> <span class='ocrx_word' id='word_1_421' title='bbox 400 2520 442 2543; x_wconf 88' lang='lat' dir='ltr'><strong>eo,</strong></span> <span class='ocrx_word' id='word_1_422' title='bbox 468 2519 527 2547; x_wconf 78' lang='lat' dir='ltr'><strong>quo</strong></span> <span class='ocrx_word' id='word_1_423' title='bbox 548 2519 648 2549; x_wconf 80' lang='lat' dir='ltr'><strong>neque</strong></span> <span class='ocrx_word' id='word_1_424' title='bbox 672 2512 775 2540; x_wconf 79' lang='lat' dir='ltr'><strong>vinum</strong></span> <span class='ocrx_word' id='word_1_425' title='bbox 797 2520 898 2550; x_wconf 81' lang='lat' dir='ltr'><strong>neque</strong></span> <span class='ocrx_word' id='word_1_426' title='bbox 919 2513 1047 2540; x_wconf 77' lang='lat' dir='ltr'><strong>tristitia</strong></span> <span class='ocrx_word' id='word_1_427' title='bbox 1068 2515 1125 2540; x_wconf 81' lang='lat' dir='ltr'><strong>aut</strong></span> <span class='ocrx_word' id='word_1_428' title='bbox 1146 2511 1264 2542; x_wconf 80' lang='lat' dir='ltr'><strong>taetitia</strong></span> <span class='ocrx_word' id='word_1_429' title='bbox 1286 2515 1437 2551; x_wconf 79' lang='lat' dir='ltr'><strong>pervenit.</strong></span> 
     </span>
    </p>
   </div>
   <div class='ocr_carea' id='block_1_18' title="bbox 220 2582 1905 2626">
    <p class='ocr_par' dir='ltr' id='par_1_18' title="bbox 220 2582 1905 2626">
     <span class='ocr_line' id='line_1_36' title="bbox 220 2582 1905 2626; baseline 0.004 -14"><span class='ocrx_word' id='word_1_430' title='bbox 220 2582 369 2613; x_wconf 86' lang='lat' dir='ltr'><strong>Amorem</strong></span> <span class='ocrx_word' id='word_1_431' title='bbox 397 2584 426 2614; x_wconf 91' lang='lat' dir='ltr'><strong>in</strong></span> <span class='ocrx_word' id='word_1_432' title='bbox 458 2585 583 2614; x_wconf 89' lang='lat' dir='ltr'><strong>intimos</strong></span> <span class='ocrx_word' id='word_1_433' title='bbox 611 2584 701 2614; x_wconf 87' lang='lat' dir='ltr'><strong>animi</strong></span> <span class='ocrx_word' id='word_1_434' title='bbox 727 2593 877 2615; x_wconf 86' lang='lat' dir='ltr'><strong>recessus</strong></span> <span class='ocrx_word' id='word_1_435' title='bbox 905 2590 1092 2624; x_wconf 86' lang='lat' dir='ltr'><strong>penetrasse</strong></span> <span class='ocrx_word' id='word_1_436' title='bbox 1122 2585 1204 2616; x_wconf 85' lang='lat' dir='ltr'><strong>dicit.</strong></span> <span class='ocrx_word' id='word_1_437' title='bbox 1274 2587 1414 2618; x_wconf 84' lang='lat' dir='ltr'><strong>Verbum</strong></span> <span class='ocrx_word' id='word_1_438' title='bbox 1437 2585 1534 2625; x_wconf 58' lang='lat'><strong>3:21³&amp;</strong></span> <span class='ocrx_word' id='word_1_439' title='bbox 1559 2586 1702 2625; x_wconf 76' lang='lat' dir='ltr'><strong>nonnisi,</strong></span> <span class='ocrx_word' id='word_1_440' title='bbox 1729 2595 1822 2626; x_wconf 87' lang='lat' dir='ltr'><strong>quum</strong></span> <span class='ocrx_word' id='word_1_441' title='bbox 1852 2597 1905 2618; x_wconf 89' lang='lat' dir='ltr'><strong>res</strong></span> 
     </span>
    </p>
   </div>
  </div>
 </body>
</html>
