2155 2892
962 137 1004 144 —.
1060 120 1102 150 ⁴1
1157 135 1205 141 .-

197 222 443 254 Ahmmari!
470 224 517 253 ab
544 233 594 253 eo
621 226 808 252 remotus
835 221 1046 251 solatium
1084 215 1345 260 acciperem!
1385 220 1481 249 verbo
1508 231 1593 266 ὁὶ»
1623 222 1889 260 praepositionem
1917 234 1970 267 σε

194 285 294 322 dedit,
334 286 415 324 quod
453 285 542 315 verbi
565 289 630 321 ὡς
657 283 849 324 significatio
884 293 956 313 cum
983 292 1022 313 eo
1049 282 1217 312 coniuncta
1243 287 1305 311 est.
1359 282 1466 311 Verba
1493 280 1589 321 taff-..e
1615 281 1680 326 ΘΚ,
1708 283 1894 313 sententiam
1919 286 1970 313 in-

193 347 376 378 termediam
405 348 484 378 inter
510 347 641 376 verbum
668 350 700 376 et
727 346 882 376 obiectum
909 346 1061 376 efficiunt.
1114 345 1249 375 Primum
1278 350 1402 375 mortuo
1433 345 1564 375 indolem
1601 348 1798 387 recusantis,
1830 347 1969 379 difficilis

192 411 310 448 tribuit,
340 417 416 451 tum,
443 420 481 440 ne
506 410 536 440 iu
562 410 675 440 malam
703 414 823 449 partem
849 409 1060 448 acciperetur,
1087 409 1254 447 sequentia
1281 409 1380 438 verba
1408 408 1534 438 addidit.
1575 409 1722 438 Mortuus
1748 410 1882 440 difficilis
1909 420 1970 440 non

191 477 259 501 erat
286 481 364 511 erga
389 471 532 509 amicos3
559 470 618 500 sed
645 480 724 511 erga
751 479 821 509 eos,
850 471 903 510 qui
931 469 1060 499 clientes
1087 479 1166 499 suos
1193 469 1319 500 laedere
1346 471 1374 499 in
1403 471 1502 500 animo
1523 471 1689 500 habebant.
1736 473 1875 502 Verbum
1902 467 1969 509 ὁκλέ

191 542 291 562 sensu
318 541 378 561 nou
405 531 535 561 diverso
561 541 632 561 cum
661 531 826 562 vocalibus
852 531 950 562 activi
976 536 1006 561 et
1034 532 1158 571 passivi
1185 533 1419 572 pronunciatur.

192 653 223 682 7.
257 653 365 682 Instar
385 653 462 682 solis
484 657 553 682 erat
574 657 710 691 tempore
727 654 879 691 fru'qoris,·
899 654 957 682 sed
977 655 1222 692 quotiescunque
1242 652 1349 683 Sirius
1371 655 1510 691 ardebat,
1530 656 1637 692 frique
1659 658 1690 682 et
1708 655 1827 689 umbra,

289 722 341 761 Ut,
368 728 485 763 quauta
510 723 577 753 eius
604 722 812 752 beneficentia
839 722 946 760 fuerit,
982 726 1229 763 commonstret,
1265 732 1335 752 eum
1369 731 1441 753 cum
1469 723 1539 753 sole
1566 728 1709 762 tempore
1735 723 1866 765 hiemis,
1902 734 1972 756 cum

192 785 313 826 frigore
340 790 372 816 et
398 786 508 816 umbra
532 789 674 825 tempore
703 786 835 816 aestatis
859 790 1046 827 comparat3
1085 785 1144 816 sed
1180 794 1296 815 morem
1331 788 1495 824 poetarum
1529 794 1668 824 sequeus
1695 787 1813 816 omissa
1840 796 1972 827 compa-

192 847 280 878 randi
306 848 461 888 particula
487 849 591 878 virum
620 849 697 878 solis
726 857 950 887 possessorem
983 852 1015 879 et
1047 848 1151 890 frigus
1187 849 1390 886 umbramque
1427 848 1610 887 appellavit.
1660 849 1728 879 lsta
1753 855 1859 881 autem
1886 859 1972 880 com-

192 910 356 948 paratione
383 919 444 938 non
472 909 575 939 solum
601 919 726 940 summa
742 910 810 940 eius
828 910 1000 940 liberalitas
1019 911 1048 939 in
1063 910 1233 949 quemlibet
1260 919 1332 939 eum
1360 909 1542 950 adeuntem,
1570 920 1682 941 verum
1711 912 1804 942 etiam
1832 913 1973 944 liberali-

193 975 244 1001 tas
272 972 354 1001 omni
386 976 527 1011 tempore
562 973 634 1003 anni
665 973 865 1014 designatur.
917 972 1062 1003 Eundem
1096 981 1224 1002 sensum
1252 975 1345 1011 poeta
1371 969 1486 1015 012⁵ss
1513 972 1566 1017 0³⁸
1601 973 1781 1012 appellatus
1816 979 1973 1014 sequente

193 1042 291 1063 versu
329 1035 491 1072 expressit
525 1034 634 1073 (metr.
664 1034 807 1074 ChafiO:
847 1029 960 1065 skal-ihil
995 1032 1080 1071 ittam
1107 1032 1133 1071 3
1159 1030 1230 1088 &bl-ff
1254 1030 1368 1070 affl-all
1396 1030 1461 1079 abb
1490 1032 1593 1063 ruzil
1618 1033 1644 1072 3
1672 1034 1775 1064 ἃλς...
1815 1036 1974 1068 Calida

196 1099 388 1135 tempore
415 1096 580 1136 hiemis,
608 1097 763 1138 frigida
790 1102 980 1136 tempore
1008 1096 1220 1134 aestatis,
1248 1096 1352 1126 luna
1378 1101 1506 1126 nocte
1533 1098 1764 1128 tenebrosa.
1794 1099 1873 1137 (Pro
1892 1109 1973 1130 voce

193 1155 264 1193 ὀδϋ
288 1160 406 1200 legitur
431 1169 553 1199 quoque
573 1159 650 1213 gls-
681 1160 826 1199 lucerna)
853 1160 945 1190 Ham.
973 1169 1003 1199 p.
1034 1160 1087 1189 rw
1113 1158 1132 1188 Ι.
1161 1158 1194 1188 8.
1247 1158 1321 1188 Vox
1355 1158 1460 1199 wath-²·
1486 1167 1580 1197 quum
1610 1163 1756 1198 tanquam
1783 1161 1974 1193 adiectivum

192 1229 324 1251 sensum
350 1222 517 1252 verborum
544 1224 673 1262 Μ
694 1216 741 1262 ,ὁ
762 1222 900 1262 offerat,
928 1222 958 1251 in
986 1220 1166 1260 posteriore
1194 1224 1295 1259 parte,
1326 1225 1360 1250 ut
1386 1220 1552 1260 dispositio
1580 1222 1750 1252 verborum
1777 1223 1872 1262 priori
1899 1229 1973 1263 apta

192 1284 234 1312 sit
260 1287 291 1313 et
317 1283 508 1313 adiectivum
532 1284 562 1313 in
589 1283 651 1313 fine
678 1283 838 1314 adiectivo
865 1284 895 1314 in
922 1284 1007 1314 initio
1034 1283 1176 1324 quadret,
1216 1283 1316 1313 verba
1342 1280 1427 1324 ,ll-b,
1455 1291 1520 1329 ‘’J-3
1546 1289 1620 1316 sunt
1648 1296 1703 1326 pro
1729 1283 1807 1327 μ,
1833 1294 1890 1331 053
1913 1287 1974 1329 93,

192 1353 274 1383 quae
308 1344 407 1375 locum
449 1344 598 1375 adiectivi
632 1348 797 1384 occupant.
873 1345 956 1375 Sirio
996 1351 1100 1375 autem
1140 1350 1253 1375 aestus
1292 1346 1502 1389 adscribitur,
1542 1351 1593 1388 qui
1628 1352 1770 1389 tempore
1805 1350 1881 1381 Sirii
1914 1356 1974 1381 est.

196 1407 271 1437 Vox
296 1405 478 1451 &raab-Ji
517 1408 576 1437 hoc
611 1407 641 1437 in
675 1417 774 1438 versu
811 1417 867 1447 pro
901 1405 1041 1451 ,J-‚u-Jl
1069 1404 1252 1451 &fa-&dl
1290 1409 1394 1447 (canis
1427 1411 1544 1450 maior)
1571 1416 1623 1442 est
1649 1411 1750 1450 (cons.
1778 1413 1836 1443 cel.
1862 1412 1977 1444 ldeleri

194 1468 485 1511 Untersuchungen
512 1470 588 1500 iiber
616 1470 665 1500 die
692 1470 904 1500 Sternnamen
933 1479 962 1509 p.
991 1468 1104 1509 2370,
1135 1479 1206 1501 nam
1232 1479 1299 1501 vox
1323 1469 1482 1514 &fluidi
1512 1473 1645 1512 plurium
1671 1475 1835 1505 stellarum
1861 1484 1976 1506 nomen

194 1531 349 1572 adpositis
385 1534 552 1564 adiectivis
588 1529 825 1572 Q-addh
857 1529 1022 1568 le
1057 1536 1089 1563 et
1122 1529 1284 1569 kam-adl
1318 1533 1523 1575 distinguitur
1561 1536 1683 1566 conf.
1717 1536 1789 1568 ibid.
1826 1547 1856 1576 p.
1893 1537 1975 1577 238.

196 1595 279 1625 246.
311 1596 392 1627 252.

199 1705 233 1734 8.
257 1705 358 1734 Arida
380 1706 480 1735 latera
502 1706 638 1744 habens3
661 1708 719 1736 sed
737 1716 800 1736 non
819 1710 949 1745 propter
970 1708 1114 1744 inopiam,
1139 1705 1279 1735 liberalis
1301 1707 1462 1742 manibus,
1486 1716 1561 1735 acer
1584 1710 1704 1744 animo,
1729 1712 1762 1738 in
1779 1720 1813 1738 se
1830 1710 1978 1748 fiduciam

1019 1770 1152 1798 ponens,

297 1842 368 1871 Hoc
398 1841 426 1870 in
453 1850 550 1872 versu
577 1841 733 1880 duplicem
763 1842 833 1872 eius
871 1842 1004 1872 indolem
1041 1843 1167 1883 laudat,
1202 1844 1398 1875 liberalitatis
1432 1844 1695 1884 fortitudinisque.
1747 1845 1880 1875 Tantam
1909 1845 1978 1875 eius

200 1903 416 1934 liberalitatem
443 1912 520 1933 esse
546 1903 629 1941 dicit,
659 1909 694 1934 ut
719 1905 769 1934 sui
797 1904 913 1935 nullam
940 1905 1092 1935 rationem
1121 1905 1243 1935 habens
1271 1905 1339 1935 aliis
1367 1906 1467 1936 cibum
1487 1915 1580 1935 suum
1601 1905 1785 1944 impertiens
1805 1906 1979 1936 emaciatus

197 1966 248 1995 sit.
301 1966 441 1996 Eandem
478 1967 600 1997 laudem
631 1968 784 2006 prolatam
817 1967 912 1997 Ham.
940 1977 968 2006 p.
996 1969 1046 1997 ΡΛ·
1082 1977 1114 1997 v.
1145 1968 1174 1997 1.
1202 1968 1348 2007 legimus.
1402 1968 1510 1997 Manui
1545 1972 1650 1998 autem
1685 1977 1778 2007 quum
1813 1968 1979 2009 tribuatur,

198 2027 282 2067 quod
311 2038 366 2067 per
393 2038 460 2058 eam
489 2028 625 2059 efficitur
660 2028 782 2067 (conf.
812 2030 905 2059 Ham.
935 2039 965 2068 p.
997 2030 1049 2058 t⁰v⁴i
1080 2039 1111 2062 v.
1140 2030 1213 2068 5.),
1246 2031 1351 2061 manui
1387 2031 1607 2061 liberalitatem
1640 2030 1759 2061 tribuit.
1810 2031 1844 2060 In
1870 2031 1979 2061 verbis

200 2095 306 2120 autem
345 2090 541 2120 humidas
580 2100 720 2121 manus
757 2091 922 2120 habens
960 2091 1151 2131 comparatio
1185 2092 1274 2124 latet.
1327 2092 1487 2123 Beneficia
1515 2102 1584 2122 cum
1612 2092 1718 2132 pluvia
1744 2092 1804 2122 illis
1830 2093 1980 2133 gentibus

200 2152 335 2181 maxime
362 2153 558 2189 necessaria,
585 2158 619 2183 ut
647 2152 792 2183 animalia
820 2153 1007 2193 nutriantur,
1036 2153 1198 2184 confertur
1225 2154 1329 2185 conf.
1358 2141 1522 2185 Hamas.
1548 2154 1582 2184 'lll
1610 2164 1642 2184 v.
1674 2155 1702 2184 1.
1731 2159 1763 2184 et
1787 2155 1915 2184 anlers
1940 2155 1978 2185 cl.

199 2212 237 2242 ad
265 2214 392 2243 Haretsi
419 2213 526 2243 Moall.
554 2223 585 2244 v.
611 2214 668 2244 57.
721 2214 790 2244 Ros
830 2220 892 2245 tam
923 2214 1052 2245 diurnus
1081 2224 1173 2254 quam
1207 2221 1381 2246 nocturnus
1415 2216 1605 2256 proverbiali
1641 2215 1730 2245 modo
1763 2215 1980 2246 liberalitatem

199 2274 358 2316 designat.
412 2276 486 2305 lnde
515 2276 684 2308 liberalitas
718 2278 788 2317 ipsa
813 2280 896 2318 ,5235
923 2282 955 2309 et
982 2279 1116 2309 liberalis
1142 2280 1187 2308 οὐ
1214 2279 1393 2318 appellatus
1429 2284 1490 2309 est.
1543 2279 1674 2309 Duabus
1699 2275 1813 2321 j‘autem
1849 2278 1980 2308 vocibus

199 2334 271 2371 dux·
300 2346 389 2377 »μ
416 2338 552 2368 fortis
579 2337 778 2370 describitur.
831 2340 906 2371 Acri
933 2341 1036 2370 animo
1063 2341 1225 2380 praeditus
1253 2350 1324 2371 cum
1347 2341 1482 2382 quadam
1509 2342 1542 2371 vi
1569 2347 1601 2371 et
1627 2342 1791 2371 celeritate
1811 2341 1841 2370 iu
1855 2340 1979 2370 hostem

200 2398 354 2437 procedit,
381 2400 443 2439 qui,
471 2400 499 2429 si
527 2399 620 2430 simul
646 2399 794 2431 fiduciam
820 2403 851 2431 in
877 2410 915 2431 se
941 2402 1101 2442 armisque
1129 2403 1275 2445 collocat,
1301 2407 1332 2435 in
1360 2406 1468 2445 fugam
1496 2413 1556 2433 non
1584 2405 1696 2443 agitur.

200 2506 234 2536 9.
258 2506 366 2536 Firmo
388 2511 486 2537 am'mi
506 2511 610 2539 studio
630 2511 806 2550 praeditae,
830 2515 873 2548 ut,
897 2514 1075 2552 ubicunque
1096 2515 1288 2550 subsisteret,
1309 2517 1434 2553 firmum
1457 2514 1555 2543 simul
1574 2516 1671 2542 animi
1691 2514 1827 2542 studium
1849 2516 1940 2542 esset.

299 2590 516 2621 Constantiam
546 2591 702 2621 Arabibus
739 2592 876 2623 maxime
902 2594 941 2623 ob
968 2593 1164 2625 desertorum
1200 2594 1402 2625 difficultates
1438 2594 1476 2624 ad
1510 2603 1561 2624 res
1597 2603 1730 2634 magnas
1768 2593 1979 2632 perficiendas

1756 2655 1777 2684 6
