2155 2892
909 131 1177 163 —316—
1872 146 1893 159 ι

945 301 1133 335 xvnl.

890 381 1032 416 Alius
1055 380 1192 421 dixin

148 472 176 502 1.
220 471 367 501 Amorem
389 478 447 506 per
468 468 597 507 aliquod
616 470 737 504 tempus
759 465 928 499 vincebam,
953 467 1018 493 tum
1041 466 1098 492 aul
1118 462 1248 491 dissolvi
1270 465 1326 492 aut
1347 466 1546 501 contorqueri
1566 464 1655 493 haud
1674 465 1803 497 cessavi,
1827 464 1923 492 donec

930 527 977 546 me
997 519 1142 546 vinceret.

243 592 409 632 Quomodo
436 591 475 622 ab
501 600 606 621 amore
633 594 707 630 post
733 593 896 619 certamen
922 587 1031 617 inutile
1056 585 1183 616 tandem
1209 585 1362 614 subactus
1389 584 1441 625 sit,
1467 584 1627 616 describit.
1677 585 1723 616 Se
1751 595 1821 616 cum
1849 585 1924 615 func

142 656 351 696 comparavit,
378 655 429 694 qui
456 654 549 684 modo
578 652 784 683 dissolvendo
813 651 905 681 modo
932 648 1168 689 contorquendo
1195 648 1361 689 subigitur.
1414 648 1565 678 Amorem
1591 653 1698 679 autem
1724 649 1826 689 ipsum
1853 658 1923 679 cum

144 728 283 760 persona
307 719 451 758 contulit,
472 725 551 756 quae
571 719 727 745 amantem
746 718 893 752 tanquam
914 711 1021 741 funem
1048 716 1103 741 aut
1129 710 1276 740 dissolvit
1303 714 1356 740 aut
1381 716 1580 750 contorquet.
1607 712 1694 742 Loco
1722 713 1810 742 vocis
1839 709 1924 759 Γὶρὅ

143 782 261 823 legitur
283 778 370 825 ,ly-abl
398 789 467 810 cum
494 778 605 808 eadem
631 785 733 816 paene
761 774 1005 816 significatione.
1069 763 1271 803 Scholiastes
1297 772 1433 802 vocibus
1459 770 1561 812 0:232}OE
1588 778 1621 803 et
1642 770 1724 819 ιΑῄἶςὶ
1752 775 1845 814 paulo
1872 774 1922 804 di-

143 853 272 874 versum
298 842 405 873 tribuit
446 849 598 879 sensum,
633 843 668 868 ut
704 837 902 867 dissolvendi
942 841 975 867 et
1001 835 1226 874 contorquendi
1248 835 1331 865 actio
1358 839 1468 865 mutua
1495 840 1632 876 putetur,
1658 842 1691 866 et
1717 837 1809 867 modo
1835 846 1922 867 amor

144 905 236 935 modo
265 911 448 944 repugnans
489 901 620 931 alterum
653 904 708 930 aut
743 899 927 929 dissolverit
952 903 1007 928 aut
1031 898 1231 928 contorserit.
1298 897 1398 927 Hisce
1436 901 1541 928 autem
1574 898 1682 928 verbis
1709 898 1859 939 ostendit,
1886 908 1921 929 se

142 978 205 998 non
231 967 335 998 statim
356 966 455 1006 primo
482 965 608 1005 puellae
634 964 748 993 intuitu
774 961 880 1003 modo,
908 970 999 1001 quem
1027 958 1147 1007 0²⁹⁸J²³²⁸
1175 960 1344 1001 appellant,
1371 969 1479 990 amore
1505 960 1690 1002 subactum3
1726 960 1784 990 sed
1810 970 1922 1000 quam-

143 1040 233 1070 quam
271 1032 486 1071 repugnaret,
525 1028 644 1058 victum
680 1034 766 1055 esse.
832 1024 888 1054 Ille
923 1024 1027 1054 subito
1066 1028 1154 1053 ortus
1184 1032 1272 1053 amor
1297 1027 1333 1053 ut
1358 1023 1506 1053 celeriter
1532 1022 1674 1063 advenit,
1701 1023 1749 1054 sic
1777 1023 1922 1054 celeriter

142 1094 216 1124 abit.
284 1091 523 1123 Grammaticus
555 1086 817 1119 Ebu-Alahrabi
841 1086 1036 1127 singularem
1063 1085 1093 1114 in
1121 1094 1180 1114 suo
1209 1094 1329 1126 genere
1353 1093 1496 1125 versum,
1524 1094 1586 1124 quo
1612 1085 1727 1124 triplex
1753 1094 1841 1115 amor
1865 1085 1924 1115 de-

141 1155 298 1195 scribitur,
325 1153 491 1184 adnotavit
512 1152 619 1190 (metr.
634 1150 796 1189 Thawil):
824 1149 947 1179 Amor
973 1147 1130 1186 triplex
1157 1152 1245 1190 est3
1273 1157 1378 1177 unus
1405 1156 1483 1187 quo
1508 1147 1637 1178 alteri
1663 1147 1838 1179 assidue
1856 1146 1922 1178 ad-

139 1218 389 1253 haeremus,
416 1216 533 1246 alter
558 1223 634 1253 quo
662 1221 839 1243 amorem
865 1210 1153 1251 ostendimus,
1183 1211 1356 1249 tertius,
1382 1219 1460 1250 quo
1487 1220 1628 1241 amans
1656 1211 1776 1251 perit.

139 1331 170 1358 2.
225 1328 337 1365 Neque
364 1326 428 1355 vidi
456 1325 543 1353 nobis
565 1323 684 1353 similes
706 1322 898 1351 aversionem
920 1322 1139 1357 ostendentes,
1167 1323 1222 1359 qui
1240 1322 1335 1350 invito
1355 1322 1482 1350 inimico
1503 1322 1672 1350 sinceriore
1690 1329 1795 1349 amore
1815 1329 1850 1349 se
1871 1321 1923 1348 in-

834 1377 931 1404 vicem
955 1375 1227 1412 amplecterentur.

255 1452 402 1482 Mutuum
428 1457 568 1478 amorem
595 1445 779 1476 describens
808 1454 900 1475 unum
929 1444 1032 1486 alteri,
1060 1453 1246 1483 quamquam
1266 1444 1378 1474 inimici
1403 1443 1434 1474 id
1461 1443 1611 1484 impedire
1635 1443 1766 1483 vellent,
1794 1444 1921 1472 sincero

137 1524 242 1546 amore
270 1513 404 1544 deditum
440 1520 514 1541 esse
550 1509 634 1539 dicit.
676 1509 787 1539 Voces
813 1507 908 1537 :xil-A>
935 1505 1047 1554 25¹⁴*sp
1072 1506 1145 1537 voci
1165 1503 1258 1543 Uada.-
1281 1505 1470 1545 appositioni
1496 1510 1580 1536 sunt.
1618 1505 1738 1535 Amicis
1773 1504 1921 1545 peregri-

137 1579 271 1610 nationis
299 1586 356 1608 eos
383 1576 550 1616 designat,
580 1573 631 1613 qui
657 1572 709 1602 tali
736 1571 824 1601 modo
852 1576 962 1613 agunt,
990 1574 1025 1600 ut
1054 1570 1121 1600 aliis
1158 1569 1317 1610 peregrini
1343 1569 1520 1600 videantur.
1586 1567 1665 1598 voci
1694 1565 1795 1595 teta-2³·
1823 1575 1919 1597 casus

138 1640 344 1672 accusativus
372 1638 465 1668 datus
493 1640 556 1677 est,
582 1634 664 1675 quod
690 1635 765 1665 voci
792 1632 862 1664 Ml
902 1633 1079 1664 accuratius
1118 1630 1294 1662 definiendo
1320 1630 1455 1661 inservit
1481 1628 1583 1660 conf.
1613 1628 1724 1660 Gram.
1753 1629 1808 1658 Ar.
1831 1629 1868 1658 Τ.
1891 1628 1919 1657 11

139 1715 168 1744 p.
200 1703 279 1734 138.
308 1702 389 1732 446.

744 1783 753 1803 ·»

138 1815 171 1844 3.
213 1814 303 1843 Duos
325 1813 452 1846 amicos,
474 1811 529 1849 qni
549 1817 716 1838 occursum
740 1806 828 1835 lland
846 1815 1012 1843 speramns
1033 1808 1063 1833 et
1083 1805 1161 1834 dnos
1184 1807 1301 1834 amicos
1317 1801 1464 1844 (praeter
1475 1800 1554 1843 nos)
1569 1804 1634 1831 nisi
1652 1805 1793 1830 mutuum
1803 1809 1917 1831 occur-

808 1869 878 1889 sum
900 1862 1065 1896 sperantes
1085 1867 1147 1886 non
1168 1859 1239 1887 vidi.

235 1937 332 1967 Hisce
359 1933 467 1965 verbis
492 1931 650 1963 amicitiae
676 1929 891 1960 sinceritatem
917 1929 1040 1969 probat.
1069 1927 1218 1958 Amicitia
1237 1931 1344 1957 autem
1371 1929 1480 1955 mutua
1506 1923 1642 1954 maxime
1668 1933 1727 1963 spe
1754 1924 1808 1954 niti
1833 1924 1916 1954 solet

138 1999 222 2036 fore,
264 2001 296 2028 ut
322 1997 351 2026 in
377 2000 542 2036 posterum
581 1993 672 2023 amici
707 1991 948 2031 coniungantur.
1013 1989 1085 2028 Qua
1115 1994 1217 2019 autem
1243 1998 1299 2028 spe
1326 1988 1431 2018 ablata
1457 1987 1485 2016 si
1512 1985 1644 2016 amicitia
1670 1985 1772 2024 durat,
1796 1988 1916 2016 amicos

137 2061 280 2091 sinceros
307 2068 383 2089 esse
408 2057 566 2088 videmus.
619 2055 706 2084 Loco
732 2053 822 2084 vocis
852 2049 919 2081 lt&
947 2051 977 2081 in
1004 2051 1162 2081 Mersukii
1188 2050 1294 2081 codice
1316 2046 1400 2078 stam
1427 2048 1561 2089 legitur,
1589 2046 1662 2077 dum
1689 2056 1806 2077 sensus
1831 2046 1914 2077 haud

139 2127 285 2153 mutatur.

962 2237 1093 2272 xlx.

137 2322 208 2366 (p.
231 2320 361 2364 552.)
871 2316 1012 2350 Anus
1045 2314 1182 2348 «lixit.

138 2405 164 2433 1.
210 2403 326 2433 Omnes
348 2403 494 2439 temporis
517 2400 712 2430 calamitates
734 2399 816 2428 leves
839 2408 908 2427 esse
928 2398 1035 2426 inveni
1051 2399 1179 2433 praetor
1198 2396 1367 2423 amicorum
1389 2394 1625 2430 separationem.

237 2472 306 2502 Hoc
332 2471 362 2500 in
388 2480 498 2511 versu,
526 2470 616 2501 cuius
643 2473 774 2499 metrum
802 2467 899 2507 prima
925 2466 1055 2506 species
1082 2465 1173 2494 metri
1201 2464 1324 2494 Thawil
1352 2462 1500 2503 appellati
1525 2465 1584 2501 est,
1604 2467 1756 2490 summum
1771 2457 1908 2488 dolorem

137 2534 294 2574 describit,
314 2543 372 2572 quo
399 2534 438 2563 ab
465 2534 564 2562 amico
591 2542 629 2562 se
657 2539 812 2570 separans
839 2528 1024 2569 adfligatur.
1076 2527 1278 2557 scholiastes
1303 2526 1411 2555 verbis
1438 2519 1566 2562 ..guam
1592 2523 1652 2569 ὦ),
1678 2534 1760 2562 &ss
1786 2529 1908 2558 excep-

137 2595 252 2625 tionem
279 2595 490 2634 praemissam
516 2593 573 2635 rei,
603 2603 622 2623 e
648 2602 711 2632 qua
737 2590 924 2632 excipiatur,
951 2589 1101 2620 contineri
1126 2588 1296 2621 adnotavit.
1358 2586 1451 2625 Quod
1484 2585 1565 2615 enim
1599 2583 1758 2614 adiectivo
1795 2582 1857 2621 rei,
1891 2592 1910 2611 e
