2155 2892
935 135 1204 165 -226—

179 235 306 281 (tertiae
333 237 472 276 formae)
499 240 554 266 aut
582 236 732 276 pluralem
761 236 852 266 vocis
871 240 959 286 ἐρ,
990 241 1022 267 ut
1048 237 1159 267 bellum
1187 236 1345 277 designet,
1373 246 1448 266 esse
1477 235 1590 267 dieunt.
1620 237 1759 268 Priorem
1787 236 1961 277 explicandi

178 302 302 333 modum
329 300 483 340 praefero.

176 399 207 428 3.
257 398 403 435 Tempore
425 409 483 437 quo
507 399 690 427 lancearum
714 399 860 435 cuspides
883 401 914 427 in
938 409 971 426 eo
995 396 1154 437 (proelio)
1177 399 1291 428 directi
1310 402 1419 432 erant,
1450 401 1482 428 in
1509 408 1563 426 eas
1592 398 1635 426 ad
1660 400 1786 426 mortem
1819 400 1957 433 intravit,

663 454 759 482 donec
782 457 919 489 nmrlem,
941 454 1012 482 dum
1035 455 1130 482 rubra
1154 457 1244 487 esset,
1267 454 1463 492 relinqueret.

273 521 502 552 Fortitudinem
531 532 623 562 quam
666 527 835 561 praetorne
864 528 1006 562 tempore
1035 523 1312 563 manifestaverat,
1339 527 1485 561 tanquam
1522 522 1698 552 duraturam
1725 522 1866 561 pluribus
1901 521 1959 551 de-

173 583 292 614 scribit.
346 584 523 613 Periculum
565 594 636 613 eum
677 594 737 613 non
778 584 976 625 deterrebat,
1012 589 1045 614 nt
1079 585 1107 613 in
1147 584 1283 613 directas
1323 584 1434 612 hastas
1463 584 1532 613 forti
1568 587 1670 613 animo
1698 594 1734 613 se
1761 584 1954 614 immitteret.

174 645 298 675 Vocem
324 655 372 681 ευρ
395 651 450 675 aut
476 645 515 675 ad
543 646 690 684 proelium
719 642 851 699 (διήλ)
880 651 934 675 aut
961 645 998 675 ad
1026 648 1128 675 virum
1158 645 1265 675 referri
1295 650 1415 684 putant.
1443 646 1582 675 Verbum
1597 646 1689 683 039ὶρ
1709 655 1802 685 quum
1832 646 1956 685 proprie

173 707 212 737 de
227 707 360 747 quodam
373 708 402 736 in
430 717 541 746 aquam
570 708 706 737 intrante
734 713 923 747 usurpetur,
953 710 1074 746 poetria
1103 717 1172 737 cum
1201 708 1303 737 hastis
1334 717 1419 736 mare
1445 712 1500 736 aut
1524 717 1675 747 aquarum
1696 708 1820 747 molem,
1838 708 1867 736 in
1894 717 1956 746 qua

173 778 258 799 mors
286 769 392 799 sedem
420 769 562 807 haberet,
595 770 758 810 cogitasse
786 770 912 799 videtur
940 771 1040 808 (conf.
1069 771 1160 800 llam.
1189 771 1236 798 ΡΗ
1265 779 1295 797 v.
1325 769 1375 805 2).
1430 769 1542 798 Verbis
1569 766 1644 812 &520
1661 774 1742 814 6²>
1764 774 1822 798 ete.
1854 769 1956 809 signi.-

172 830 270 861 ficare
296 832 438 861 voluisse
465 832 604 870 videtur,
632 842 699 862 eum
726 833 924 862 nihilomnius
954 838 1055 862 tamen
1082 842 1099 861 e
1126 841 1248 861 summo
1267 831 1403 869 periculo
1424 831 1606 860 fortitudine
1633 840 1691 860 sua
1718 832 1842 860 salvum
1871 841 1954 860 eva-

172 893 268 922 sisse.
321 894 458 922 Mortem
486 898 572 923 statu
597 904 656 923 suo
687 895 809 924 rubram
838 894 999 932 describit,
1029 904 1099 933 qua,
1129 896 1157 924 ni
1188 895 1289 928 fallor,
1317 895 1418 924 voluit
1445 899 1576 923 mortem
1594 894 1758 923 multorum
1785 896 1954 935 sanguine,

171 963 249 994 quos
277 954 440 991 occiderit,
468 955 614 985 infectam
643 956 755 985 fuisse.
809 957 948 986 Arabum
977 959 1174 997 grammatici
1202 957 1349 987 diversas
1378 956 1435 987 bac
1472 958 1500 985 in
1530 966 1562 985 re
1590 956 1752 994 opiniones
1780 957 1952 995 proferunt.

171 1016 278 1046 Rubra
305 1022 405 1047 morte
433 1017 666 1057 vehementem,
696 1019 803 1049 duram
832 1025 973 1059 mortem,
1005 1020 1095 1057 quasi
1122 1019 1287 1049 discrimen
1317 1018 1467 1048 moriendi
1494 1019 1547 1059 sit,
1577 1017 1738 1058 designari
1765 1018 1954 1048 contendunt.

171 1084 203 1108 et
230 1079 273 1108 rei
307 1080 517 1119 explicandae
550 1090 650 1110 causa
685 1081 831 1119 loquendi
869 1082 990 1111 modum
1023 1079 1114 1123 ³55⁴>
1150 1085 1209 1109 aaz*
1246 1091 1344 1111 annus
1379 1082 1470 1111 ruber
1499 1081 1516 1109 i.
1543 1090 1570 1111 e.
1608 1081 1726 1110 sterilis
1756 1080 1953 1110 adnotarunt.

171 1140 405 1172 Grammaticus
434 1142 694 1172 Abu-Obbaidah
715 1153 842 1173 cansam
871 1145 898 1173 in
926 1155 963 1174 eo
992 1145 1122 1183 invenit,
1135 1143 1218 1184 quod
1247 1145 1342 1173 maior
1362 1153 1434 1183 pars
1467 1143 1644 1173 animalium
1672 1143 1832 1181 rapacium
1863 1143 1953 1172 rubro

169 1203 277 1233 colore
303 1203 368 1232 sint
399 1208 453 1232 aut
488 1204 570 1242 quod
603 1204 738 1234 mundus
779 1205 961 1234 moribundo
996 1206 1087 1235 ruber
1115 1211 1274 1245 appareat.
1315 1207 1452 1235 Diverso
1490 1206 1581 1235 modo
1618 1207 1646 1235 in
1674 1206 1788 1236 Haririi
1824 1206 1953 1235 scholiis

169 1276 199 1306 p.
227 1267 265 1295 tra
294 1266 438 1305 loquendi
464 1266 574 1296 modus
603 1268 779 1306 explicatur
805 1267 907 1306 ibique
935 1269 1014 1298 inter
1042 1269 1177 1308 rubram,
1208 1270 1329 1310 nigram
1351 1270 1514 1308 albamque
1543 1274 1670 1299 mortem
1699 1275 1811 1300 auctor
1838 1270 1952 1300 distin—

169 1328 250 1369 guit.
302 1328 369 1358 Sed
396 1328 476 1358 alter
504 1339 559 1367 pro
576 1330 683 1359 verbis
711 1330 794 1374 lja>i
823 1328 898 1371 ⁸:221(
930 1331 1055 1371 legendi
1083 1331 1191 1360 modus
1206 1336 1253 1359 est
1285 1330 1359 1374 [aas
1387 1319 1487 1376 0)ἐὶ
1515 1332 1534 1361 i.
1561 1342 1590 1361 e.
1618 1332 1719 1362 virum
1746 1332 1830 1361 illum
1852 1333 1953 1362 locum

168 1393 291 1434 nigrum
317 1393 335 1422 i.
362 1404 391 1423 e.
420 1398 532 1424 terram
560 1394 656 1423 multo
685 1395 837 1435 sanguine
865 1394 965 1424 effuso
994 1394 1095 1422 rusum
1123 1394 1300 1432 reliquisse.

242 1456 507 1496 Abu-Rijaschus
533 1457 722 1487 Aliticabam
750 1457 836 1487 bisce
864 1456 1011 1485 versibus
1038 1456 1181 1484 maritum
1209 1464 1312 1494 suum,
1340 1455 1603 1485 Abbd-Allabum
1631 1456 1727 1486 filium
1756 1458 1953 1497 Abu-Beeri,

169 1527 259 1556 quem
285 1521 406 1559 sagitta
433 1530 473 1548 ex
502 1519 616 1558 oppido
636 1520 783 1560 Altbajes,
810 1519 890 1557 quod
918 1528 997 1547 anno
1015 1519 1111 1557 fugae
1138 1523 1252 1547 octavo
1282 1517 1381 1555 (cons.
1398 1518 1600 1547 Abulf.Ann.
1628 1515 1755 1560 Ι,162)
1783 1529 1952 1560 oppugna-

169 1581 233 1621 bat,
260 1581 298 1610 ab
327 1581 585 1621 Abu-Mihdjano
609 1583 707 1612 inissa
734 1583 941 1622 confodisset,
970 1582 1157 1620 deplorasse
1182 1582 1298 1610 retulit.
1335 1582 1467 1610 Domum
1493 1582 1578 1610 initio
1616 1583 1736 1620 imperii
1766 1583 1953 1612 Abu-Becri

169 1652 277 1672 mense
305 1643 488 1672 Schawwal
516 1653 596 1673 anno
626 1645 786 1675 undecimo
813 1644 954 1683 Iledjrae
984 1647 1078 1681 (con
1090 1643 1108 1672 f.
1136 1643 1429 1673 'l'alidsib-Alasma
1460 1654 1488 1683 p.
1518 1643 1606 1681 336)
1634 1654 1674 1673 ex
1709 1645 1841 1674 vulnere
1869 1654 1953 1673 mor-

168 1710 254 1735 tuum
267 1715 337 1735 eum
359 1714 443 1735 esse.
472 1706 555 1735 Idem
572 1708 724 1747 narravit,
751 1712 884 1746 patrem,
901 1707 951 1745 qui
977 1706 1026 1735 (lie
1038 1706 1173 1735 Veneris
1201 1706 1239 1735 ad
1254 1706 1386 1735 eundem
1411 1716 1481 1735 cum
1504 1705 1658 1735 Abticaba
1682 1706 1836 1735 iocantem
1864 1711 1953 1734 tran-

166 1768 288 1806 siisset,
316 1777 407 1806 quem
435 1768 473 1797 ab
500 1768 653 1798 Alitiraba
680 1779 697 1799 a
723 1771 869 1809 precibus
899 1769 1047 1799 faciendis
1075 1774 1230 1799 retentum
1258 1779 1332 1798 esse
1369 1772 1512 1807 putaret,
1550 1777 1692 1802 uxorem,
1720 1776 1810 1805 quam
1846 1776 1950 1796 amore

167 1831 421 1870 amplecteretur,
447 1830 717 1869 repud'odimitti‚
746 1832 898 1873 iussisse3
919 1836 1032 1870 postea
1059 1836 1175 1870 autem,
1195 1831 1246 1859 illa
1273 1830 1414 1867 dimissa,
1429 1838 1520 1869 quum
1546 1838 1615 1857 eum
1643 1837 1756 1857 versus
1783 1828 1812 1856 in
1841 1830 1949 1857 uxoris

166 1892 286 1922 laudem
298 1892 451 1922 dicentem
465 1894 654 1930 audivisset,
669 1903 796 1932 quorum
809 1904 1035 1933 unussequens
1048 1891 1418 1935 esset(metr.'l¹bawil):
1446 1893 1477 1922 N
1489 1902 1506 1921 o
1520 1902 1538 1921 n
1555 1896 1656 1931 puto
1685 1892 1758 1920 mei
1775 1891 1806 1919 si
1821 1891 1861 1920 mi
1875 1891 1908 1920 le
1923 1901 1950 1920 m

166 1963 284 1993 esse,
311 1955 385 1993 qui
412 1954 543 1984 bodie
572 1957 607 1984 ei
635 1956 822 1985 similem
851 1957 1061 1986 dimiserit
1086 1966 1217 1995 neque
1248 1957 1283 1985 ei
1315 1956 1495 1993 similem,
1519 1965 1621 1995 quae
1648 1955 1740 1984 sine
1768 1956 1948 1986 crimine

167 2017 278 2046 (limis
291 2027 333 2046 sa
361 2018 393 2045 si
406 2021 426 2057 t,
455 2018 493 2047 ad
510 2028 640 2047 uxorem
654 2018 800 2048 redeundi
814 2020 934 2048 veniam
950 2018 1014 2048 silio
1030 2019 1167 2048 dedisse.
1183 2019 1294 2048 Filium
1303 2019 1409 2048 verbis
1422 2018 1535 2047 auditis
1550 2028 1646 2046 servo
1661 2019 1765 2046 statim
1778 2018 1950 2047 libertatem

166 2079 314 2119 donasse,
328 2080 398 2108 utei
415 2080 691 2109 cumAbu-Becro
709 2081 835 2109 testium
855 2081 922 2109 loeo
940 2087 1029 2111 esset
1048 2083 1086 2121 1),
1101 2090 1134 2110 se
1147 2081 1184 2110 ad
1201 2090 1329 2109 uxoren}
1348 2080 1489 2109 rediisse.
1516 2081 1675 2109 Mortuum
1690 2081 1830 2108 maritum
1844 2080 1949 2109 versi-

166 2144 224 2172 bus
252 2142 434 2181 praemissis
461 2152 528 2172 eam
556 2142 749 2181 deplorasse.
803 2144 923 2173 Postea
950 2153 1040 2182 quum
1067 2153 1135 2172 eam
1163 2143 1315 2173 Olimarus
1345 2144 1374 2171 in
1403 2143 1629 2171 matrimonium
1657 2142 1809 2183 duceret,
1837 2142 1947 2171 Alilius

166 2205 214 2234 die
241 2205 415 2243 nuptiarum
444 2203 613 2234 Obmarum
643 2214 803 2246 rogasse,
832 2210 864 2235 ut
890 2206 947 2235 sibi
974 2216 1043 2235 cum
1079 2216 1117 2235 ea
1145 2206 1226 2244 loqui
1254 2205 1372 2233 liceret.
1426 2203 1529 2232 Venia
1563 2202 1636 2232 data
1671 2213 1739 2232 enm
1767 2203 1947 2243 interroga-

165 2269 265 2305 visse,
292 2277 361 2297 num
390 2268 442 2297 tali
470 2267 560 2296 modo
587 2277 713 2297 versum
742 2268 880 2298 dixerit:
907 2265 983 2312 ijiuoi
1010 2265 1127 2307 &exsp
1155 2268 1242 2302 exitas,
1266 2262 1305 2305 ὃ,
1333 2262 1424 2300 κάμε
1447 2265 1515 2308 &5353
1530 2269 1618 2309 «5²2⁹
1643 2265 1725 2294 ελίιλϊ
1784 2261 1876 2298 &Ab
1897 2265 1948 2303 (ό.)

169 2331 295 2360 »Iuravi
323 2331 444 2360 oculum
459 2339 562 2359 meum
588 2339 649 2359 non
668 2335 871 2360 cessaturum
892 2335 1020 2370 propter
1048 2335 1078 2359 te
1095 2330 1210 2359 laetum
1231 2338 1304 2358 csse
1320 2333 1352 2357 et
1367 2332 1467 2356 cutem
1487 2336 1585 2356 meam
1603 2335 1676 2355 esse
1694 2326 1845 2354 flavam».
1873 2331 1951 2360 Eam

164 2397 334 2433 negantem
362 2401 396 2422 se
422 2391 474 2421 tali
502 2391 593 2421 modo
620 2391 741 2421 dixisse
768 2397 801 2421 et
827 2392 1001 2431 plorantem
1028 2391 1279 2421 tristitiaiterum
1302 2390 1456 2419 adfectam
1483 2399 1569 2420 esse.
1598 2389 1778 2424 Ohmarum,
1807 2389 1854 2417 cui
1876 2390 1945 2419 sine

165 2454 257 2483 dubio
284 2463 335 2483 res
363 2463 422 2482 non
449 2454 601 2494 placeret,
629 2454 762 2495 Ahlium,
791 2454 841 2493 qui
869 2453 990 2483 iocandi
1017 2462 1110 2483 causa
1139 2463 1270 2482 versum
1297 2458 1441 2482 mutasse
1457 2452 1593 2487 videtur,
1621 2451 1664 2480 sic
1690 2450 1846 2480 allocutus
1874 2456 1941 2480 est:

182 2536 213 2566 1)
232 2538 266 2560 Ut
284 2536 415 2566 repudium
435 2536 596 2565 tolleretur,
615 2538 666 2560 duo
685 2539 767 2561 testes
787 2536 931 2560 necessarii
949 2540 1025 2561 erant
1043 2540 1068 2561 et
1086 2544 1163 2567 quum
1183 2541 1289 2568 praeter
1308 2538 1495 2561 Abu-Rectum
1525 2541 1600 2558 nemo
1628 2534 1677 2557 nisi
1704 2541 1802 2558 servus
1828 2536 1943 2565 adesset,

230 2583 297 2605 huuc
316 2583 439 2605 libertate
458 2583 584 2612 donavit,
610 2588 637 2606 ut
662 2590 719 2606 enm
741 2583 816 2606 testis
841 2582 954 2606 alterius
975 2584 1035 2607 locu
1055 2584 1177 2607 adhibere
1198 2587 1295 2615 posset.
1335 2583 1448 2607 Videtur
1468 2581 1651 2604 ‘Abu-Becrus
1675 2587 1688 2602 e
1715 2580 1813 2609 templo
1833 2580 1940 2604 rediens

230 2633 281 2656 quo
301 2634 406 2656 precum
425 2634 507 2651 causa
525 2634 552 2651 se
570 2628 736 2656 contulisset,
754 2628 786 2650 ad
807 2627 1025 2651 Anba-Altanum
1045 2629 1168 2652 intrasse.
