2155 2892
899 162 1162 193 —513—

135 265 254 305 dactyli
285 275 302 294 c
331 265 462 306 regione
490 265 647 305 Bahrain,
687 273 769 304 quae
803 263 1001 303 dactylorum
1035 259 1234 292 feracissima
1262 264 1342 298 erat,
1371 260 1399 290 in
1427 261 1505 291 alius
1534 262 1682 301 regiones
1710 262 1924 292 mittebantur.

131 326 193 356 Alii
207 327 280 356 voci
296 326 388 363 »ἐμ-9
403 327 669 367 significationem
688 325 873 355 decorti‹·ati
898 325 917 353 i.
934 334 961 356 e,
979 326 1068 363 panis
1095 326 1127 352 et
1153 322 1309 352 fructuum
1327 323 1483 353 aridornm
1502 325 1651 354 tribuunt.
1681 324 1763 354 Sunt
1777 324 1925 364 deniqne,

131 389 181 428 qui
209 389 316 419 vinnm
344 387 519 430 significari
553 387 763 423 contendunt,
801 386 916 425 quippe
952 395 970 415 a
1007 385 1096 414 cuius
1124 384 1201 414 cado
1239 383 1335 414 lutum
1371 389 1522 414 remotum
1550 385 1603 414 sit.
1647 386 1719 415 Vox
1746 383 1778 413 Ἅι
1808 385 1866 415 hoc
1893 388 1923 415 in

132 460 231 479 versu
258 451 488 490 exceptionem,
517 459 608 487 quam
640 444 836 488 grammatici
866 445 964 499 3)t;'>
993 445 1203 486 adpellarunt,
1231 446 1342 487 efficit,
1372 446 1442 476 dum
1471 447 1662 487 significatio
1692 447 1782 476 vocis
1801 436 1925 482 effu-5³3

132 520 217 541 voce
243 510 356 548 »ἐμώ
385 511 467 541 hund
495 512 682 540 continetur.
737 510 811 540 Vox
837 520 954 545 w
981 515 1084 539 utrem
1111 509 1164 539 vel
1193 520 1253 540 vas
1280 519 1358 549 sapa
1385 511 1617 551 concinnatum,
1634 510 1662 538 in
1691 519 1750 548 quo
1779 511 1928 550 butyrum

133 572 326 610 reconditur,
352 573 512 613 designat.
542 574 631 602 llunc
661 572 818 611 repletum
845 572 994 611 appellat,
1022 570 1095 600 dum
1126 571 1175 601 vir
1202 574 1273 601 cius
1303 581 1361 601 usu
1388 572 1559 612 abstineat,
1578 578 1732 602 retectum
1755 578 1871 614 autem,
1892 579 1926 604 ut

133 644 171 665 eo
199 635 343 674 hospites
371 635 469 664 libere
493 636 537 664 nti
561 634 697 674 possint,
725 632 977 674 significaturus.
1032 633 1118 663 Utris
1146 634 1338 664 mentionem
1366 634 1441 663 fecit
1468 639 1564 673 poeta
1591 635 1619 664 in
1647 641 1800 674 sequente
1828 646 1927 666 versu

133 698 242 735 (metr.
270 696 410 736 Πάῐὶιῡε
440 697 668 728 iniustitia
693 707 739 727 eo
767 697 994 734 consistit,
1019 695 1128 736 quod
1156 696 1273 726 nobis
1301 697 1446 737 butyri
1475 701 1569 726 uter
1596 701 1664 726 est.
1691 702 1729 727 et
1756 698 1927 728 vicinae

135 764 314 789 nostrae
341 764 436 789 uter
463 770 539 789 non
567 766 643 790 est.

132 872 164 903 3.
215 872 326 901 Vicina
349 871 534 909 hospitique,
559 882 654 910 quium
678 872 764 908 apml
783 882 852 900 eum
878 875 1041 910 versalur;
1063 872 1122 900 sed
1141 872 1290 909 oppidani
1307 874 1414 899 venter
1427 871 1543 908 pabulo
1565 873 1691 900 omnino
1713 873 1852 909 repletus·
1874 877 1929 902 eal.

236 942 357 972 Initium
387 951 504 971 versus
531 951 603 971 cum
629 950 710 971 voce
737 937 874 981 Qffil
903 940 1064 971 cohaeret.
1118 942 1151 970 ln
1181 941 1360 980 posteriore
1389 945 1479 979 parte
1510 940 1656 979 oppidani
1684 942 1801 982 agendi
1830 943 1927 972 ratio-

134 1016 205 1036 nem
233 1005 304 1035 huic
331 1005 470 1044 opponit.
538 1004 736 1043 Oppidanum
769 1014 836 1034 cum
871 1004 975 1034 bestia
1009 1008 1192 1044 comparat,
1228 1013 1309 1042 quae
1343 1013 1442 1043 supra
1477 1003 1602 1034 modum
1629 1010 1774 1035 ventrem
1813 1007 1928 1045 pabulo

135 1068 257 1108 implet,
284 1077 323 1096 ne
351 1067 414 1097 ulla
451 1077 526 1106 pars
566 1067 616 1096 alii
652 1067 856 1106 relinquatur.
923 1065 1135 1106 Compar-andi
1173 1065 1283 1095 modus
1312 1066 1341 1094 in
1373 1074 1433 1095 usu
1461 1066 1552 1095 vocis
1577 1064 1687 1106 &jam
1713 1069 1929 1108 cognoscitur,

134 1128 202 1158 Sed
231 1129 298 1157 loco
324 1128 415 1157 vocis
443 1124 516 1164 κὼς
545 1127 661 1169 legitur
688 1128 717 1157 in
743 1128 899 1158 Mcrsukii
928 1132 1017 1158 textu
1044 1125 1136 1174 ola-A
1165 1133 1347 1158 ventrem
1374 1129 1464 1158 cibo
1499 1128 1692 1170 implens,
1724 1140 1785 1170 qno
1813 1142 1931 1162 sensus

135 1189 219 1220 haud
248 1190 379 1220 multum
408 1194 557 1222 mutatur,

137 1287 168 1315 4.
212 1286 296 1314 Eius
320 1288 420 1314 restes
443 1286 478 1314 ob
498 1286 636 1322 peditum
659 1288 769 1314 tennes
788 1289 865 1314 sunt
885 1289 916 1315 et
937 1287 1054 1316 latrina
1076 1287 1250 1317 habitaculi
1269 1290 1322 1317 sui
1338 1299 1417 1327 pars
1440 1292 1470 1319 ei
1489 1293 1627 1320 maxime
1645 1291 1778 1328 placens
1800 1296 1856 1321 est.

235 1355 269 1384 In
296 1364 410 1394 magna
437 1354 544 1392 oleris,
572 1364 662 1393 quam
690 1360 870 1396 consumat,
899 1358 992 1395 copia
1017 1366 1147 1387 causam
1179 1367 1255 1387 esse
1284 1358 1367 1396 dicit,
1384 1369 1439 1389 cur
1465 1360 1593 1390 multum
1621 1361 1717 1401 pedat
1743 1365 1775 1391 et
1801 1361 1933 1401 saepius

135 1416 279 1447 latrinam
308 1416 412 1454 adeat,
440 1422 474 1446 ut
501 1416 550 1446 hic
577 1417 665 1447 locus
693 1418 722 1447 ei
749 1418 880 1448 maxime
908 1418 1032 1457 placere
1053 1419 1210 1450 videatur.
1238 1421 1348 1450 Talem
1370 1420 1520 1451 effectum
1541 1422 1660 1461 copiam
1684 1423 1779 1453 oleris
1807 1423 1935 1462 habere,

137 1486 230 1507 nemo
265 1487 327 1506 nou
362 1478 430 1507 scit.
492 1477 590 1507 Modo
625 1478 764 1518 satyrico
802 1479 949 1518 loquendi
977 1491 1057 1511 usus
1095 1481 1187 1521 (licit,
1229 1492 1300 1513 eum
1339 1487 1402 1513 tam
1437 1482 1618 1522 frequenter
1645 1484 1775 1523 pedere,
1803 1489 1836 1514 ut
1863 1485 1936 1514 inde

140 1542 245 1572 vestis
272 1541 398 1581 quidam
427 1542 514 1571 locus
543 1541 648 1570 tenuis
675 1542 726 1574 sit.
779 1542 874 1572 Duali
912 1543 1000 1573 vocis
1026 1549 1107 1581 &⁴22³
1137 1544 1253 1585 locum,
1284 1544 1335 1574 ubi
1362 1544 1482 1574 habitat
1509 1549 1541 1574 et
1568 1545 1684 1585 locum,
1712 1545 1763 1575 ubi
1791 1550 1935 1575 ventrem

137 1609 304 1640 exonerat,
332 1606 384 1642 qui
409 1604 438 1633 ei
465 1604 535 1633 loco
564 1603 693 1633 alterius
722 1604 891 1634 habitaculi
919 1610 981 1643 est,
1010 1605 1194 1646 significare
1221 1606 1300 1635 vult.
1364 1606 1465 1644 Sunt,
1501 1606 1553 1646 qui
1579 1615 1662 1635 voce
1698 1609 1805 1642 »ἐμέο
1832 1606 1935 1636 humi-

140 1665 267 1695 ditatem
295 1664 469 1706 significari
498 1664 615 1704 dicant,
644 1665 715 1696 dum
742 1666 794 1696 alii
823 1666 1026 1696 vehementis
1053 1665 1176 1696 ardoris
1202 1666 1281 1695 solis
1308 1666 1575 1708 significationem
1603 1666 1677 1697 voci
1705 1667 1854 1697 tribuunt.

141 1774 172 1803 5.
218 1773 300 1801 Eius
324 1774 512 1803 domicilium
534 1775 629 1803 oleris
653 1785 784 1812 campus
807 1779 838 1804 et
859 1778 957 1804 maris
979 1778 1049 1813 ripa
1069 1779 1125 1806 est.

259 1842 372 1871 Dicere
398 1843 486 1877 vult,
522 1852 590 1873 eum
629 1845 777 1884 regiones
805 1845 950 1874 humidas
978 1845 1130 1884 incolere,
1158 1855 1239 1886 quae
1265 1845 1481 1885 agriculturae
1509 1850 1603 1884 aptae
1630 1846 1702 1876 sint.
1765 1845 1831 1875 Sed
1867 1847 1937 1875 loco

143 1903 230 1933 vocis
257 1900 355 1942 ³3»in
388 1904 506 1945 legitur
533 1901 607 1940 &Lis-³
630 1904 670 1945 >³⁷
690 1906 762 1936 dum
789 1907 980 1937 scholiastes
1004 1910 1076 1939 voci
1103 1905 1178 1943 2³23,OE
1207 1914 1313 1939 terrae
1340 1909 1463 1948 amplae
1490 1909 1755 1949 significationem
1785 1909 1903 1940 tribuit.

919 2048 1147 2082 valn.

863 2115 1066 2148 Raialnn
1090 2113 1227 2147 «lixit.

244 2183 304 2212 Alii
333 2192 445 2213 nomen
477 2183 609 2214 Raliahn
637 2184 736 2215 ruisse
763 2185 878 2216 dicunt.
929 2187 1056 2216 Nomen
1089 2186 1214 2216 Raiahn
1247 2190 1302 2216 aut
1337 2196 1356 2216 a
1387 2186 1493 2217 radice
1528 2198 1575 2234 δὲ)
1612 2192 1665 2218 aut
1694 2197 1712 2217 a
1738 2188 1844 2218 radice
1872 2198 1939 2231 σε)

143 2245 300 2275 derivant.
331 2247 406 2276 Vox
424 2247 513 2292 Οἱς)
533 2247 572 2277 de
591 2253 678 2277 motu
702 2249 833 2288 vaporis
861 2249 1032 2290 meridiani,
1061 2259 1127 2279 vox
1153 2260 1217 2295 0³²)
1245 2249 1284 2279 de
1311 2253 1473 2287 prostante
1502 2250 1615 2278 montis
1644 2255 1734 2289 parte
1761 2249 1935 2279 adhibetur.

143 2307 346 2337 Scholiastes
368 2308 452 2348 dicit,
467 2313 627 2347 utramque
657 2319 770 2340 vocem
798 2311 828 2340 in
857 2321 894 2340 co
923 2320 1105 2350 occurrere,
1134 2311 1215 2349 quod
1244 2321 1345 2351 vapor
1373 2312 1564 2341 meridianus
1595 2314 1689 2351 prima
1717 2317 1747 2341 et
1775 2312 1935 2341 anteriore

146 2372 235 2407 parte
276 2369 429 2399 hominem
464 2376 587 2401 caveat.
652 2371 724 2401 Hoc
761 2381 828 2402 cum
856 2372 1090 2413 significatione
1118 2375 1206 2403 verbi
1233 2387 1284 2422 ὃ)
1318 2375 1457 2403 timuit
1492 2373 1653 2403 cohaeret.
1707 2373 1828 2402 Vocem
1848 2370 1939 2417 Oka-2)

145 2440 164 2460 a
190 2431 295 2462 radice
321 2444 385 2477 σε)
412 2432 552 2463 derivari
579 2442 697 2474 posse,
727 2444 744 2464 e
780 2435 929 2465 versibus
963 2436 1170 2474 sequentibus
1204 2439 1293 2474 sequi
1320 2433 1425 2477 (metr.
1455 2431 1586 2476 Sarih):
1623 2434 1755 2471 Quasi
1792 2433 1941 2472 prorni-

146 2494 318 2522 nentior
347 2505 446 2533 pars
476 2495 658 2534 vaporis
687 2495 909 2526 meridiani
939 2499 1033 2528 eius
1060 2499 1098 2527 in
1125 2506 1282 2536 vapore
1319 2496 1547 2526 meridiano
1581 2496 1641 2524 sit.
1674 2496 1788 2525 iuter
1823 2494 1941 2525 meri-

150 2552 256 2584 diem
280 2561 322 2585 et
348 2557 545 2586 somnium
573 2557 745 2587 meridie
777 2557 1094 2600 dormientium,
1122 2567 1240 2597 quum
1265 2567 1441 2588 crassus
1468 2559 1662 2587 camelus
1688 2567 1821 2587 onera
1849 2566 1943 2597 por-

153 2618 165 2642 t
178 2623 196 2642 a
208 2623 252 2644 ns
282 2625 300 2645 a
312 2615 329 2645 d
341 2626 359 2655 p
371 2622 460 2647 aret.
487 2614 598 2660 (poeta
615 2618 743 2657 vaporis
761 2619 921 2649 meridiani
937 2625 1120 2659 prostantes
1136 2624 1242 2659 partes
1263 2629 1330 2649 cum
1351 2620 1403 2649 tali
1423 2620 1540 2649 camelo
1561 2628 1766 2658 comparasse
1787 2615 1940 2661 videtur).
