2155 2892
933 134 1198 164 —228—

185 246 245 266 non
271 245 340 265 esse
354 235 537 274 putaverim.
573 233 669 263 Vocis
697 244 766 273 aso-g..)
791 233 910 273 duplex
929 233 1117 274 significatio
1144 233 1310 263 strenui
1336 237 1368 262 et
1397 234 1630 263 exercitus
1663 236 1770 264 versui
1797 236 1957 266 convenit.

185 296 247 335 Qui
273 303 389 326 stren
403 305 420 326 u
436 298 446 325 i
461 295 720 336 significationem
735 296 881 334 admittit,
900 297 928 326 ei
945 296 1051 326 littera
1068 301 1081 324 8
1095 296 1125 325 iu
1141 305 1222 325 voce
1238 299 1306 335 ἕξις-ρ
1334 296 1471 325 feminini
1498 296 1622 337 signum
1649 306 1721 326 esse
1743 307 1804 326 non
1831 303 1957 337 potest3

183 367 252 389 cum
278 357 511 399 significatione
544 367 562 387 e
578 368 598 387 x
612 368 630 388 e
645 368 660 388 r
673 368 690 388 c
704 359 713 388 i
727 363 740 389 t
755 369 774 389 u
789 367 803 389 s
832 365 935 390 autem
954 359 1026 388 voci
1042 360 1169 399 signum
1187 358 1324 387 feminini
1340 363 1445 397 aptum
1474 364 1536 388 est.
1564 358 1656 396 Quod
1687 359 1713 388 si
1740 369 1817 389 vero
1836 360 1956 398 poetria

182 425 320 449 stren
337 421 374 449 ui
401 420 666 460 significationem
693 427 767 452 ante
796 424 905 453 oculos
945 423 1087 459 haberet,
1113 419 1268 460 quomodo
1302 420 1331 449 iu
1359 420 1469 450 eodem
1503 430 1601 450 versu
1628 420 1667 450 ad
1707 430 1777 450 eam
1806 420 1956 451 suffixum

182 482 318 512 feminini
344 484 473 523 generis
501 484 620 513 referre
651 485 798 525 potuerit,
826 495 887 515 non
911 486 1015 515 video.
1042 485 1253 516 Verisimilius
1280 484 1375 525 igitur
1403 484 1472 514 mihi
1500 484 1645 521 videtur,
1673 484 1839 523 poetriam7
1863 493 1956 521 quum

181 544 317 574 feminini
343 545 493 575 suffixum
523 545 710 584 adhiberet,
738 547 1000 588 significationem
1027 547 1188 577 exercitus
1216 551 1289 576 ante
1316 547 1426 575 oculos
1451 547 1622 586 habuisse,
1657 551 1692 576 ut
1718 547 1746 575 in
1781 546 1957 585 posteriore

180 617 278 637 versu
306 607 464 638 adhibitae
491 609 581 638 vocis
607 609 767 639 immemor
781 610 929 640 suffixum
957 610 1117 640 masculini
1144 610 1183 640 ad
1198 619 1309 639 vocem
1329 612 1429 649 0²²2>
1443 610 1483 639 illi
1510 619 1720 649 synonymam
1746 608 1889 639 referret.
1922 608 1958 638 Si

180 671 303 709 poetria
331 670 416 707 dicit,
444 675 597 701 mortuum
625 674 684 702 toti
711 673 864 703 exercitui
893 682 997 711 parem
1028 672 1139 709 fuisse,
1165 681 1280 701 versus
1307 681 1424 702 sensus
1452 672 1554 712 magis
1581 672 1697 711 placet,
1724 682 1815 711 quam
1832 672 1859 700 si
1887 681 1958 701 eum

180 736 326 771 tanquam
364 733 402 762 ad
439 734 642 773 pugnandum
670 743 741 763 cum
769 740 897 763 strenuo
926 740 1065 773 paratum
1095 735 1219 772 fuisse,
1247 735 1419 772 describit3
1448 744 1507 773 qua
1532 736 1564 764 in
1597 735 1810 774 descriptione
1843 734 1958 773 aliquid

179 794 302 833 laudis;
331 794 389 824 sed
416 804 476 823 non
505 795 632 825 multum
661 796 761 825 laudis
790 801 850 825 est.
896 797 983 826 Loco
1011 797 1099 827 vocis
1121 794 1163 840 555
1190 798 1307 838 legitur
1328 795 1369 845 >²55
1399 798 1416 827 i.
1438 808 1465 827 e.
1494 801 1607 827 metum
1636 799 1747 829 iniecit.
1777 799 1808 827 ln
1837 798 1959 828 decima

178 856 279 887 forma
306 866 416 886 vocem
445 867 462 886 e
490 857 581 886 domo
610 857 787 896 expellendi
815 857 1077 900 significationem
1106 858 1233 897 habere,
1260 868 1300 887 ex
1327 859 1395 889 loeo
1424 860 1538 890 Corani
1558 860 1629 890 Sur.
1663 861 1715 897 17,
1744 861 1788 890 78
1816 865 1956 900 apparet.

178 954 209 983 4.
233 953 365 989 Quando
374 954 489 992 aliquis
499 955 540 981 ml
550 955 634 983 hunc
644 964 713 982 eum
725 955 862 985 vocabat.
877 955 1034 992 audiebat,
1044 965 1139 992 quum
1148 955 1280 984 aliorum
1290 965 1351 984 mm
1363 956 1613 993 respondenlimn
1625 967 1719 985 aures
1730 958 1846 986 surdae
1859 961 1957 985 erant.

273 1023 332 1052 Hie
358 1032 472 1053 versus
499 1033 598 1053 sensu
634 1033 704 1054 cum
739 1026 842 1063 priore
866 1026 1038 1064 cohaeret,
1075 1025 1148 1056 dum
1183 1025 1396 1056 fortitudinem
1438 1027 1541 1066 magis
1578 1026 1738 1059 describit.
1792 1025 1892 1063 Quum
1917 1026 1956 1056 de

178 1089 298 1115 mortuo
325 1095 432 1116 sermo
458 1087 511 1123 sit,
540 1097 669 1117 versum
697 1091 826 1117 vertens
854 1087 1071 1126 imperfectum
1100 1088 1236 1120 adhibui.
1281 1091 1408 1120 Nemini
1435 1091 1537 1130 ipsum
1565 1091 1691 1120 vocanti
1719 1091 1869 1120 auxilium
1898 1089 1956 1118 de-

177 1152 328 1189 negatum
358 1158 445 1182 esse.
495 1149 696 1180 Scholiasten
723 1150 873 1180 suffixum
901 1151 930 1179 in
957 1160 1037 1180 voce
1063 1150 1118 1187 ³2}ss
1146 1152 1186 1182 ad
1213 1162 1323 1183 vocem
1352 1157 1419 1194 ἐἰμί-ρ
1446 1154 1557 1193 prioris
1585 1163 1700 1184 versus
1728 1153 1878 1183 retulisse
1905 1154 1957 1182 vi-

176 1208 276 1239 dimus
295 1214 328 1240 et
354 1211 509 1251 quomodo
537 1221 589 1241 res
617 1212 803 1251 explicanda
830 1216 931 1249 esset,
957 1212 1103 1243 diximus.
1145 1216 1270 1245 Versus
1298 1216 1456 1254 posterior
1484 1226 1557 1255 pars
1592 1216 1764 1256 periculum
1800 1225 1958 1244 summum

175 1271 279 1302 fuisse
306 1272 434 1314 iudicat,
461 1278 495 1304 ut
514 1274 565 1303 alii
591 1274 631 1304 ad
658 1274 807 1304 auxilium
827 1284 888 1303 non
913 1275 1069 1308 venirent.
1121 1277 1246 1308 Sensus
1274 1282 1336 1319 est,
1362 1287 1457 1307 aures
1483 1278 1598 1308 surdas
1626 1288 1726 1316 esse,
1754 1283 1787 1309 ut
1817 1287 1877 1307 non
1905 1289 1958 1308 re-

175 1335 357 1374 sponderet,
375 1336 435 1366 sed
462 1347 618 1376 responso
646 1342 791 1377 tanquam
818 1348 975 1378 personae
1002 1338 1135 1368 surditas
1155 1340 1316 1380 adscripta
1334 1346 1394 1370 est.

174 1430 205 1460 5.
228 1431 393 1461 Candidus
405 1437 474 1461 era!
489 1434 668 1472 clarusque,
684 1445 743 1473 quo
753 1437 784 1463 si
796 1438 910 1463 montis
920 1435 1197 1473 Alrajsanz'ptrrsas·
1212 1439 1383 1466 eoeleriores
1390 1440 1579 1474 peterentur„
1597 1439 1664 1466 eius
1678 1437 1773 1466 colles
1783 1441 1954 1466 cessarent.

281 1501 406 1531 Clarum
428 1512 530 1542 genus
551 1503 608 1532 viri
637 1503 867 1533 testificaturus
895 1505 958 1534 vim
986 1507 1054 1535 eius
1081 1516 1235 1536 summam
1263 1506 1379 1546 laudat.
1407 1516 1497 1545 quam
1526 1511 1644 1536 tantam
1672 1506 1772 1535 fuisse
1799 1507 1885 1544 dicit,
1914 1512 1956 1544 ut,

175 1564 203 1592 si
225 1568 333 1593 contra
359 1569 495 1593 montem
511 1565 660 1604 impetum
689 1566 830 1603 fecisset,
845 1568 871 1596 is
899 1567 1136 1606 deprimeretur.
1165 1570 1256 1598 Mons
1272 1568 1442 1607 potentiam
1470 1568 1660 1606 tutelamque
1679 1568 1828 1607 designat
1853 1569 1956 1597 llam.

176 1635 206 1664 p.
233 1630 257 1654 οἱ
285 1635 315 1654 v.
349 1627 375 1658 1,
404 1625 440 1655 llln
467 1636 488 1655 v
529 1628 548 1656 4
572 1632 604 1656 et
633 1637 695 1657 rem
725 1628 904 1660 duraturam
932 1630 1038 1667 conf.
1068 1632 1159 1660 Ham.
1187 1641 1215 1670 p.
1245 1631 1294 1659 l”.0
1335 1641 1365 1659 v.
1396 1630 1426 1660 2.
1479 1630 1545 1659 Sed
1584 1635 1707 1659 montes
1741 1630 1870 1669 deprimi
1899 1640 1954 1669 per

176 1696 321 1728 magnum
351 1692 524 1719 exercitum
555 1689 696 1721 dicuntur
726 1692 836 1722 llam.
866 1692 911 1723 ΓἹ]Ω
940 1704 970 1723 v.
999 1694 1031 1724 3.
1061 1694 1204 1734 Ali-ajjan
1232 1702 1345 1722 nomen
1373 1693 1488 1722 montis
1514 1692 1544 1721 in
1580 1692 1708 1734 regione
1744 1692 1849 1733 gentis
1876 1691 1957 1721 Thai

175 1749 226 1779 siti
253 1753 302 1779 est
330 1750 385 1780 Ka
400 1760 439 1780 m.

923 1865 1197 1899 CXXXIII·

683 1939 910 1974 Alauhra
933 1940 1037 1974 filia
1059 1939 1260 1975 Sobaihi
1283 1938 1419 1973 ‹lixit-

176 2001 202 2029 1.
247 2001 511 2034 Alibd-Allalamn
536 2008 669 2043 deploro,
695 2019 789 2046 quum
811 2010 905 2046 fundo
924 2014 996 2038 unte
1018 2010 1176 2038 xlm-nram
1201 2011 1268 2037 eius
1289 2011 1373 2045 mnis
1395 2015 1550 2036 accensus
1572 2009 1665 2040 esses,

272 2072 471 2104 Scholiastes
498 2081 608 2106 noster
635 2078 739 2118 ignem
768 2079 839 2108 belli
865 2080 1038 2119 significari
1067 2079 1156 2113 dixit,
1184 2088 1277 2117 quum
1304 2076 1396 2116 paulo
1425 2081 1497 2104 ante
1526 2076 1696 2109 Auroram,
1725 2084 1783 2114 quo
1812 2080 1949 2114 tempore

174 2134 370 2163 incursiones
396 2135 529 2166 hostiles
557 2138 660 2167 facere
686 2139 838 2180 solerent,
866 2142 993 2170 occisus
1021 2146 1111 2171 esset
1137 2140 1238 2171 conf.
1270 2140 1360 2168 Ham.
1389 2141 1423 2166 lm
1452 2147 1482 2166 ν.
1516 2137 1544 2166 1.
1573 2137 1607 2165 ιἹἹ
1639 2146 1668 2166 v.
1696 2137 1728 2166 3.
1757 2141 1814 2167 etc.
1857 2137 1946 2165 Mer-

174 2195 284 2225 sukius
310 2198 415 2237 ignem
445 2198 678 2238 hospitalitatis,
708 2211 799 2240 quem
825 2202 926 2231 noctis
955 2208 1096 2242 tempore
1122 2206 1152 2233 in
1181 2204 1257 2232 locis
1284 2203 1373 2239 altis,
1406 2205 1438 2229 ut
1461 2200 1601 2229 viatores
1628 2200 1853 2235 allicerentur,
1888 2209 1944 2229 ac-

175 2258 310 2287 cendere
338 2260 500 2298 solebant,
527 2261 697 2301 significari
737 2264 867 2301 putavit.
921 2264 1011 2293 Prius
1051 2264 1089 2294 ad
1125 2265 1291 2294 veritatem
1328 2265 1456 2302 propius
1495 2262 1647 2292 accedere
1683 2261 1817 2291 videtur.
1872 2261 1945 2290 vox

173 2322 247 2359 „la-*³
273 2322 372 2352 forma
399 2324 579 2354 deminutivi
612 2325 699 2354 vocis
726 2326 783 2362 μ
801 2330 862 2355 est.
890 2326 1022 2356 Silentio
1040 2326 1349 2365 praetermittendum
1377 2328 1510 2360 nonest,
1536 2325 1566 2353 in
1579 2324 1733 2354 Mersukii
1761 2323 1867 2353 codice
1895 2324 1948 2353 lit-

175 2389 273 2415 teram
301 2399 312 2413 η
341 2388 369 2415 in
398 2385 459 2415 fine
486 2386 653 2416 cuiuslibet
679 2397 797 2416 versus
824 2388 928 2417 vocali
956 2388 1138 2418 instructam
1165 2399 1253 2429 esse7
1278 2387 1308 2417 id
1339 2387 1418 2426 quod
1450 2393 1548 2418 metro
1579 2387 1762 2417 contrarium
1790 2392 1848 2415 est.

177 2476 244 2520 (11.
269 2477 408 2521 495.)
431 2483 462 2511 2.
508 2482 710 2518 F'anzelicum,
732 2483 849 2520 yrucili
871 2487 977 2511 ventre
995 2484 1182 2522 praeclilum,
1206 2487 1296 2513 cm'us
1319 2486 1413 2513 ἰἰῑείίε
1435 2485 1470 2512 ob
1489 2486 1638 2523 femmam
1650 2485 1752 2520 ipsum
1775 2487 1868 2512 nocta
1892 2493 1947 2512 co·-

814 2538 973 2565 mitantem
995 2539 1157 2566 succincta
1179 2547 1240 2566 non
1262 2541 1338 2566 erat.

272 2603 395 2642 Duplici
421 2605 513 2635 laude
541 2611 695 2635 mortuum
723 2611 822 2636 ornat.
875 2605 1054 2636 Beneficum
1082 2616 1153 2636 eum
1178 2606 1292 2643 fuisse,
1320 2612 1353 2638 ut
1376 2618 1468 2638 suum
1496 2607 1685 2646 pauperibus
1711 2605 1842 2636 dederit.
1897 2606 1943 2635 Eo
