2155 2892
893 121 1134 151 —86—

123 232 341 270 lacrymas
358 233 470 256 meas
491 222 691 254 sedasset
709 226 751 252 et
770 220 868 252 haud
887 225 1152 260 exspectans
1170 220 1445 261 visitassem3
1465 219 1539 250 sed
1559 221 1702 252 taedio
1721 217 1911 264 adjfectus

125 300 219 323 eras
246 295 285 320 et
312 287 497 319 taedium
524 295 740 316 removere
767 294 846 314 non
874 289 1081 324 poteram,
1110 283 1197 312 dum
1225 283 1488 322 vituperans
1516 284 1721 313 removeri
1748 288 1910 325 potest,

123 353 314 389 audivisset,
342 351 457 390 quippe
483 350 513 379 in
541 349 656 389 quibus
681 356 805 378 sensum
834 356 951 376 novum
981 345 1150 381 inveniret,
1184 345 1280 375 dixit:
1322 344 1383 383 Qui
1417 349 1532 375 terram
1567 350 1804 386 perscrutatur,
1843 345 1910 376 fieri

122 419 240 458 potest,
267 419 300 445 ut
327 413 518 454 margaritas
545 417 578 442 et
605 419 750 454 gemmas
776 409 936 449 pretiosas
963 409 1114 438 inveniat.

122 514 151 545 1.
176 512 430 549 Quoliescunque
454 514 483 540 te
505 514 624 539 mortuo
644 513 832 547 patientiam
850 512 1023 549 fletumque
1048 520 1132 546 voco,
1155 512 1251 549 fletus
1273 510 1450 539 obedienter
1472 511 1658 549 respondetj
1688 510 1746 538 sed
1763 510 1916 546 patientia

890 573 953 592 non
975 565 1151 601 respondet.

163 652 168 660 ·
221 635 398 675 Suspirans
427 633 514 675 dicit,
542 642 576 664 se
603 633 751 663 solatium
778 643 839 662 non
866 633 1019 663 invenire.
1074 633 1148 663 Vox
1184 628 1271 673 kjb,
1303 642 1396 672 quum
1434 642 1490 672 pro
1517 628 1604 668 busso
1631 632 1691 670 sit,
1726 632 1824 661 statui
1852 631 1911 661 de-

122 700 292 732 scribendo
321 698 466 728 inservit.

125 775 159 803 2.
180 774 227 802 Et
246 774 275 801 εἰ
296 781 368 808 spes
390 772 437 799 lui
459 771 666 807 abrumpitur,
690 769 839 806 quamdiu
862 770 984 804 tempus
1005 770 1119 804 manet,
1142 769 1271 796 tristitia
1292 770 1422 804 propter
1443 770 1472 795 le
1494 768 1637 796 mauebit.

224 843 352 874 Nullam
381 850 469 880 spem
497 849 534 869 se
561 839 698 877 habere,
736 838 897 868 tristitiam
930 843 1036 869 autem
1063 837 1246 868 duraturam
1275 847 1361 867 esse.
1415 837 1516 867 Poeta
1543 836 1622 867 duas
1649 839 1828 869 sententias
1855 848 1917 868 non

124 908 206 938 bene
233 905 437 937 coniunxisse
464 902 600 933 videtur.

931 970 1120 1004 XLIII.

372 1039 514 1074 Dixit
537 1038 869 1079 Alnalnegliah
893 1037 1103 1072 fratrem
1125 1037 1374 1072 uterinum
1398 1038 1675 1080 deplorans.

223 1121 329 1151 Mater
361 1118 429 1148 eius
457 1121 527 1146 erat
546 1115 697 1156 Aliticah,
726 1115 791 1145 filia
810 1114 920 1145 Ouaisi
939 1113 1180 1153 Aschdjaihtae.
1212 1114 1425 1155 Alnabeghali
1452 1115 1594 1154 pluribus
1622 1115 1726 1155 poetis
1754 1125 1916 1147 commune

126 1192 325 1226 cognomen5
365 1188 498 1219 quorum
522 1177 720 1208 celeberrimi
747 1177 937 1216 Dsobjauita
967 1181 999 1206 et
1024 1176 1176 1216 Djahdita
1201 1182 1285 1207 sunt.
1339 1178 1395 1207 Ille
1422 1178 1483 1208 hoc
1521 1179 1675 1217 antiquior
1705 1183 1757 1208 est
1790 1179 1914 1217 (conf.

127 1245 227 1278 Mcid.
242 1245 279 1274 T.
294 1244 347 1273 111.
377 1252 406 1282 p.
427 1241 541 1280 292),
569 1249 639 1269 nam
666 1238 716 1269 hic
744 1239 890 1269 diuturna
916 1239 982 1269 vila
1009 1248 1090 1268 usus
1117 1243 1169 1268 est
1196 1243 1228 1268 et
1256 1239 1404 1269 conseras
1431 1239 1517 1269 beati
1544 1239 1582 1269 de
1609 1240 1706 1280 Sacyi
1734 1240 1914 1271 Chrestom.

127 1308 226 1339 Arab.
254 1307 290 1336 Τ.
318 1306 371 1336 111.
391 1313 421 1343 p.
449 1302 494 1332 48
513 1311 560 1341 sq.
586 1301 635 1331 ed.
663 1311 709 1341 pr.
737 1310 794 1330 nec
821 1310 883 1330 non
910 1299 1228 1330 'rahdsibo-l'Asmai
1256 1310 1286 1340 p.
1307 1301 1389 1331 586.
1417 1301 1601 1341 Scriptores
1628 1301 1763 1341 simplici
1791 1302 1915 1332 nomine

128 1369 339 1411 Aluabegliali
367 1367 504 1408 priorem
531 1366 616 1395 illum
645 1364 818 1405 designare
846 1362 962 1396 solent.

128 1468 158 1498 1.
180 1467 231 1497 Ne
251 1466 428 1495 hominibus
450 1464 573 1495 herbae.
599 1472 680 1501 quas
701 1462 886 1499 depascunt,
912 1471 1012 1499 neque
1031 1461 1266 1500 familiamque
1277 1471 1399 1498 pecora,
1425 1471 1505 1500 quae
1515 1461 1706 1499 propellunt,
1729 1461 1918 1499 proficiant!

226 1536 375 1566 Iudicium
401 1532 515 1564 summi
542 1534 696 1562 moeroris
725 1536 795 1573 est,
825 1531 908 1571 quod
936 1531 1078 1561 omnibus
1105 1530 1281 1561 hominibus
1310 1531 1426 1561 malum
1455 1531 1659 1570 imprecatur.
1712 1531 1914 1561 Scholiastes

126 1602 233 1630 autem
259 1608 276 1628 e
304 1598 372 1627 loco
401 1594 518 1626 Corani
548 1594 641 1633 (Sur.
669 1593 704 1634 3,
736 1594 833 1633 167.)
860 1594 995 1633 probare
1022 1594 1104 1633 vult,
1131 1602 1213 1623 voce
1228 1591 1338 1633 υκωῖ,
1368 1604 1450 1634 quae
1478 1594 1605 1633 proprie
1632 1603 1742 1623 omnes
1772 1593 1915 1624 homines

128 1661 290 1701 designat,
322 1657 477 1699 quosdam
504 1657 667 1694 homines,
695 1665 775 1695 quos
805 1661 879 1686 ante
907 1657 1017 1686 oculos
1047 1656 1211 1693 habuerit,
1241 1660 1366 1695 poetam
1394 1655 1574 1696 significare
1601 1665 1708 1695 posse.
1770 1656 1837 1686 Sed
1876 1656 1917 1686 nil

128 1723 248 1762 obstat,
275 1723 347 1760 quin
375 1720 404 1749 in
432 1719 549 1749 Corani
576 1718 644 1748 loco
674 1727 735 1747 nou
763 1727 864 1757 unus3
901 1717 961 1747 sed
990 1727 1100 1747 omnes
1127 1717 1271 1747 homines
1297 1717 1456 1758 designati
1484 1717 1556 1757 sint,
1584 1727 1668 1757 nam,
1698 1727 1792 1757 quum
1822 1718 1916 1748 tantis

128 1784 300 1816 virtutibus
329 1787 460 1812 ornatus
487 1781 547 1811 sibi
573 1780 737 1810 videretur
764 1780 1025 1818 Mohammedes,
1052 1790 1113 1810 non
1140 1783 1265 1819 poterat
1290 1789 1351 1809 non
1377 1784 1502 1819 putare,
1529 1781 1561 1809 in
1587 1781 1692 1818 ipsum
1721 1789 1829 1810 omnes
1854 1780 1915 1809 ho-

129 1848 227 1878 mines
255 1846 355 1876 oculis
382 1844 500 1875 invidis
527 1843 649 1873 videre.
702 1843 770 1873 Tali
798 1842 888 1872 modo
917 1842 1025 1873 dolore
1053 1843 1174 1873 adflicti
1201 1848 1256 1873 aut
1283 1843 1344 1872 alia
1363 1851 1461 1872 causa
1482 1842 1600 1872 incitati
1620 1842 1781 1881 imprecari
1801 1842 1914 1872 solent.

130 1909 221 1939 Dixit
240 1913 335 1948 poeta
351 1905 541 1936 Almohdats
562 1905 669 1943 (metr.
685 1904 834 1944 Ramal):
863 1905 1006 1935 Anima
1034 1915 1116 1935 mea
1144 1904 1311 1934 mundus
1339 1913 1451 1934 meus
1480 1908 1548 1934 est
1575 1908 1615 1933 et
1645 1913 1759 1943 quum
1788 1907 1916 1935 anima

129 1979 217 2001 mea
243 1969 378 2008 perit,
408 1967 553 1997 nullus
580 1962 720 1997 vivat!
773 1968 833 1997 Ne
863 1967 924 1996 sol
953 1972 1050 2006 post
1079 1978 1136 1997 me
1165 1966 1342 1997 occidat
1368 1975 1504 2005 neque
1531 1975 1663 2005 super
1689 1969 1831 1996 terrae
1858 1968 1947 1996 in-·

129 2032 245 2063 colas
274 2029 448 2061 oriatur!

129 2130 162 2159 2.
187 2129 266 2158 Post
287 2131 415 2157 mortem
435 2127 495 2165 filii
514 2126 658 2162 Amatae,
686 2129 741 2166 qui
762 2127 848 2164 apud
868 2127 969 2157 locum
992 2128 1092 2158 Amar
1113 2130 1155 2162 (v.
1178 2129 1246 2156 viae
1268 2126 1418 2164 lapidem]
1441 2125 1577 2161 habitat,
1603 2126 1635 2153 in
1658 2128 1757 2161 terra,
1781 2125 1834 2154 ubi
1856 2134 1914 2153 ne-

320 2182 323 2185 *
711 2190 770 2218 que
790 2183 938 2217 patruum
960 2190 1059 2220 neque
1082 2182 1273 2211 avimculum
1295 2182 1395 2215 habet,

132 2241 202 2286 (lh
226 2241 371 2286 409.)
423 2249 457 2277 In
475 2257 513 2278 eo
531 2254 649 2287 autem,
666 2249 748 2288 quod
772 2250 802 2280 in
826 2255 911 2280 terra
931 2251 1100 2292 peregrina
1120 2251 1258 2291 perierit,
1287 2250 1440 2280 moeroris
1459 2250 1587 2279 maioris
1607 2258 1733 2279 causam
1754 2252 1848 2287 poeta
1862 2250 1912 2278 in-

131 2311 228 2341 venit.
255 2311 337 2340 Eum
365 2309 461 2339 filium
489 2310 598 2340 matris
619 2319 698 2339 suae
717 2311 903 2352 appellavit,
932 2321 1003 2341 nain
1024 2312 1152 2353 fratres,
1179 2313 1231 2352 qui
1247 2311 1355 2341 eadem
1370 2315 1470 2341 maire
1487 2315 1628 2350 utuntur,
1650 2309 1778 2339 maioris
1799 2310 1913 2340 amoris

131 2372 259 2403 viuculo
286 2372 444 2402 coniuncti
469 2376 554 2402 sunt.
604 2372 639 2401 In
666 2371 736 2402 loc-0
765 2373 889 2403 Abawa
903 2372 984 2415 6335
1002 2375 1161 2414 appellato
1189 2375 1336 2414 sepultus
1365 2379 1454 2414 erat3
1481 2379 1533 2404 est
1559 2374 1654 2414 igitur
1680 2372 1760 2402 alter
1788 2373 1911 2414 legendi

132 2433 242 2463 modus
267 2434 344 2474 &2:¹5
373 2433 444 2474 &⁸²-
496 2434 571 2464 Vox
589 2430 659 2480 5⁸35
688 2433 820 2473 lapidem
847 2435 919 2465 viae
946 2438 1040 2477 siguo
1069 2441 1210 2467 erectum
1226 2437 1374 2478 designat
1392 2441 1425 2467 et
1440 2436 1628 2467 Dsu-Amar
1643 2444 1756 2465 nomen
1773 2434 1834 2465 loci
1851 2438 1908 2465 est.

133 2534 166 2563 3.
187 2533 256 2562 Viri
267 2534 346 2563 lenis
358 2538 492 2563 naturae
508 2544 578 2563 cum
592 2535 729 2564 sortibus
744 2537 811 2565 suis
827 2537 871 2564 ad
881 2537 1017 2566 camelos
1029 2539 1154 2575 maym's
1160 2539 1260 2575 yibbis
1266 2540 1426 2576 praeditos
1438 2538 1623 2568 accedentis.
1640 2547 1736 2566 onera
1746 2540 1909 2574 portantis.

230 2598 375 2628 Fratrem
391 2607 481 2628 suum
501 2601 591 2628 varia
611 2598 705 2629 laude
725 2605 825 2630 ornat.
853 2600 991 2632 Primum
1018 2612 1087 2632 eum
1115 2603 1216 2633 lenem
1247 2604 1417 2644 mitemque
1445 2613 1520 2634 esse
1550 2603 1636 2643 dicit,
1665 2608 1699 2633 ut
1724 2602 1802 2633 alios
1830 2603 1910 2633 haud
