2155 2892
933 114 1202 146 —107—

169 226 249 248 ova
276 218 414 258 igitur
441 226 548 257 pone
575 222 615 247 et
642 211 810 257 sibila¹)
837 218 876 245 et
910 218 1057 244 rostro
1084 213 1306 253 carpenti,
1341 214 1451 252 quod
1479 214 1549 243 vis
1579 219 1725 244 rostro
1752 211 1952 252 carpere!

164 279 269 318 Quum
298 286 410 319 postea
435 279 549 310 cameli
576 278 636 317 ipsi
663 277 774 318 ignoti,
802 277 854 316 qui
881 286 943 307 ova
971 276 1022 306 itta
1050 276 1210 317 fregisset,
1239 276 1380 316 vestigia
1408 277 1581 316 inveniret,
1611 288 1676 308 rem
1712 286 1810 318 aegre
1845 277 1954 307 serens

164 343 263 374 dixit:
293 344 352 373 Per
369 343 491 383 lapides
511 346 639 372 erectos
655 335 836 379 Vt'ajelilq)
864 339 1000 370 camelus
1019 348 1061 368 ex
1080 338 1206 369 camelis
1235 339 1341 379 gentis
1363 338 1471 377 u'ujel
1500 340 1678 370 clientelam
1705 351 1805 370 meam
1833 341 1954 371 violare

163 405 248 436 haud
275 414 375 435 ausus
402 409 461 435 est.
498 404 601 433 Tarita
627 407 733 432 autem
752 402 797 432 ira
811 402 945 439 exarsit,
971 406 1005 431 ut
1032 401 1062 431 in
1089 401 1168 431 facie
1196 405 1376 440 appareret.
1414 402 1547 431 Postero
1575 412 1663 431 mnne
1690 412 1758 432 cum
1782 404 1953 444 Djassnso,

163 472 197 499 ut
219 478 297 498 suos
326 467 463 498 camelos
489 466 694 505 inspicerent,
731 465 843 494 exiens
870 469 903 494 et
929 464 1030 494 Sahdi
1061 465 1212 495 cantelam
1241 464 1466 505 conspiciens,
1506 474 1598 503 quum
1632 474 1694 494 ova
1728 465 1778 495 illa
1812 467 1954 506 fregisse

162 530 360 570 opinabatur.
388 529 485 559 dixit:
516 530 585 558 {uro
615 528 679 564 tibi,
711 528 788 557 iure.
819 526 976 566 Opinatus
1005 537 1075 557 sum
1103 532 1136 557 et
1169 527 1196 556 si
1223 532 1333 557 certus
1349 527 1494 563 fuissem,
1522 535 1585 566 ego
1614 523 1781 556 fecissem!
1807 529 1954 559 Neliaec

162 593 283 622 camela
312 592 393 621 iuter
421 590 478 620 hos
507 590 646 620 camelos
674 584 799 619 redeat!
828 588 1007 628 Djassasus
1034 594 1161 628 putans,
1189 599 1259 619 eum
1287 590 1387 619 verba
1414 589 1538 618 nonnisi
1566 599 1603 619 ea
1629 590 1668 619 de
1685 600 1783 620 causa
1800 592 1953 630 proferre,

162 660 198 684 ut
223 654 361 684 camelos
389 662 466 683 snos
493 663 534 682 ex
562 658 652 692 prato
682 652 850 682 interdicto
880 657 1074 691 removeret,
1102 653 1180 681 iram
1209 652 1352 691 concepit
1379 656 1412 681 et
1439 651 1534 681 dixit:
1561 652 1666 692 immo,
1694 662 1749 691 per
1763 652 1883 683 Deum!
1916 664 1954 684 ea

161 722 196 747 ut
221 722 315 747 antea
344 716 457 746 redibit
485 720 516 746 et
542 716 592 746 ubi
617 716 729 746 cameli
756 715 815 744 mei
845 714 950 754 capita
977 713 1148 753 deponunt,
1178 712 1400 753 haecquoque
1430 714 1551 744 camela
1579 718 1675 753 caput
1693 724 1784 746 sniun
1801 714 1950 754 deponet.

161 778 242 808 Tum
272 778 425 808 Colaibus
453 777 540 807 dixit.
592 777 681 806 Sella
717 777 788 815 equi
823 775 867 804 tui
902 775 963 806 iam
999 776 1029 805 in
1056 776 1192 806 radicem
1219 777 1418 815 scapularum
1448 774 1691 816 praecessit³):
1723 776 1749 808 Ο
1777 774 1952 817 Djassase!

160 849 217 879 per
243 837 361 870 Deum!
390 841 418 868 si
447 838 537 876 redit,
563 848 626 879 ego
654 838 775 878 sagitta
803 846 874 866 mea
901 839 971 866 eius
999 838 1097 867 ubera
1124 834 1333 879 transfigam!
1373 839 1553 878 Djassasus
1581 845 1709 878 autem,
1748 850 1804 880 per
1831 841 1953 880 lapides

161 903 246 933 circa
273 901 422 940 templum
452 902 643 931 Meccanum
671 901 801 940 iuravit,
828 910 876 938 se,
902 901 930 930 si
950 902 1030 931 alter
1050 901 1078 931 id
1095 901 1217 938 fecerit,
1247 902 1359 933 lancea
1378 904 1446 933 eius
1465 905 1585 943 spinam
1603 904 1688 934 dorsi
1705 905 1953 936 transfossurum

161 974 247 996 esse.
299 965 378 994 Tum
404 964 586 1003 ›Djassasus
614 964 766 993 camelam
793 963 874 992 illam
902 973 974 993 cunr
1001 964 1130 995 camelis
1157 968 1227 995 suis
1261 966 1299 995 ad
1337 966 1418 997 latus
1453 968 1593 1007 regionis
1630 968 1836 1006 interdictae,
1874 974 1907 998 ut
1935 978 1954 999 a

161 1027 214 1056 via
241 1026 364 1056 Colaibi
392 1026 504 1055 remoti
531 1030 654 1062 essent,
683 1026 807 1064 repulit.
861 1026 1012 1056 Colaibus
1040 1032 1142 1058 autem
1170 1029 1209 1058 ad
1237 1029 1359 1060 domum
1393 1039 1485 1059 suam
1521 1030 1621 1060 iratus
1656 1032 1811 1070 pervenit.
1864 1031 1954 1061 Uxor

163 1088 299 1128 Djatitah
327 1089 481 1125 inaritmn,
509 1097 674 1128 quamnam
706 1089 744 1118 ob
772 1098 836 1119 rem
863 1091 962 1119 iratus
990 1095 1096 1130 esset,
1125 1091 1349 1131 interrogavit,
1378 1091 1437 1120 sed
1464 1100 1651 1130 responsum
1679 1102 1740 1122 non
1766 1093 1846 1122 tulit.
1898 1093 1954 1123 Illa

161 1155 268 1181 autem
297 1150 523 1191 interrogando
553 1160 646 1190 quum
674 1151 828 1191 instaret,
864 1151 962 1182 dixit:
1000 1153 1083 1182 Num
1117 1153 1219 1183 virum
1247 1154 1376 1193 noscis,
1407 1154 1456 1193 qui
1484 1154 1623 1184 vicinum
1649 1164 1740 1185 suum
1767 1161 1876 1185 contra
1903 1165 1954 1186 me

160 1208 335 1242 defendat?
387 1212 555 1242 Neminem
584 1221 621 1242 se
648 1222 747 1242 nosse
775 1212 867 1253 dixit,
896 1213 955 1242 nisi
983 1213 1112 1244 fratrem
1141 1226 1234 1246 suum
1263 1217 1462 1256 Djassasum.
1493 1218 1711 1257 Interrogavit
1737 1218 1852 1257 igitur,
1880 1228 1953 1249 num

162 1274 344 1313 Djassasus
374 1274 511 1304 vicinum
540 1284 633 1304 suum
662 1280 769 1305 contra
798 1277 901 1315 ipsum
929 1276 1126 1307 defenderet.
1154 1278 1210 1308 Illa
1237 1278 1411 1319 respondit,
1437 1288 1520 1319 eum,
1547 1280 1572 1309 si
1589 1279 1716 1319 dixerit,
1744 1279 1773 1308 id
1794 1279 1953 1310 facturum

161 1346 237 1367 esse
267 1343 300 1367 et
327 1347 366 1367 ea
393 1343 458 1367 tum
489 1338 717 1379 interrogavit,
754 1349 827 1369 num
868 1339 991 1369 dixerit.
1045 1339 1197 1370 Colaibus
1235 1339 1400 1379 respondit
1427 1340 1537 1378 (metr.
1564 1339 1726 1379 Redjes):
1766 1341 1803 1370 ls
1838 1340 1955 1371 dixit

163 1399 226 1439 (alti
256 1400 315 1439 1.);
354 1400 425 1430 sed
453 1401 620 1430 verbum
647 1402 694 1431 de
733 1412 788 1432 me
824 1403 1042 1432 mentiens
1080 1407 1166 1443 est3
1201 1403 1286 1432 nisi
1323 1411 1440 1441 quum
1479 1402 1720 1442 perficitur.
1775 1404 1954 1443 DJassasus

160 1468 268 1494 autem
293 1463 371 1493 dixit
389 1465 497 1502 (metr.
513 1463 671 1504 Redjes):
699 1465 910 1504 Tempore
937 1475 1013 1504 quo
1041 1475 1149 1495 unus
1178 1466 1362 1495 alterum
1391 1467 1560 1504 premit,
1589 1470 1771 1495 naturae
1797 1474 1954 1506 cogno-

161 1532 364 1564 scuntur,
392 1527 553 1556 minans
578 1526 697 1556 modo
724 1528 932 1558 mentiens
960 1527 1075 1557 modo
1102 1536 1235 1558 verax
1260 1532 1337 1558 est.
1390 1529 1492 1558 Num
1520 1533 1654 1558 autem
1684 1528 1848 1559 indoles
1875 1535 1952 1569 est,

162 1589 243 1618 nisi
271 1590 333 1619 cui
360 1594 540 1619 naturae
567 1594 680 1619 sunt.
733 1590 855 1620 Multos
891 1595 999 1620 autem
1044 1599 1162 1620 versus
1201 1589 1260 1621 hac
1300 1590 1330 1619 in
1367 1599 1400 1620 re
1436 1596 1588 1629 uterque,
1623 1600 1703 1621 unus
1731 1596 1842 1622 contra
1869 1593 1952 1623 alte-

163 1661 252 1691 rum,
295 1653 482 1691 composuit.
543 1651 806 1692 Quotiescunque
841 1658 948 1683 autem
990 1653 1143 1683 Cotaibus
1180 1662 1293 1691 equum
1329 1652 1547 1682 conscendere
1581 1653 1730 1691 volebat,
1768 1664 1836 1684 eum
1873 1664 1953 1684 uxor

162 1712 300 1752 Djalilah
327 1713 482 1743 retinebat
519 1723 653 1752 eumque
678 1714 862 1752 adiurabat,
900 1725 941 1744 ne
969 1715 1142 1754 propinquo
1170 1724 1228 1744 suo
1257 1714 1486 1744 adversaretur
1513 1719 1543 1745 et
1574 1717 1775 1756 cognationis
1791 1717 1952 1748 vincutum

163 1779 339 1814 rumperet,
368 1784 424 1804 uec
442 1785 502 1804 non
525 1776 655 1806 fratrem
676 1786 766 1806 suum
790 1777 982 1816 Djassasum
1004 1778 1179 1807 adiurabat.
1218 1778 1315 1807 Istam
1331 1787 1395 1806 rem
1411 1778 1586 1816 respiciens
1601 1778 1806 1808 Mohalhelus
1819 1779 1951 1808 Colaibo

162 1836 240 1867 dixit
267 1840 375 1875 (metr.
401 1838 573 1875 'rhawil‘jz
601 1838 651 1867 Si
676 1848 695 1868 a
721 1839 879 1869 fratre
907 1845 950 1869 et
977 1850 995 1878 p
1013 1849 1125 1869 ravo
1154 1845 1347 1880 cognato
1376 1845 1415 1869 te
1442 1850 1644 1880 separaS,
1673 1842 1951 1880 abrumpun—

164 1904 237 1928 tur
264 1899 521 1938 felicitates,
549 1909 721 1938 quarum
750 1900 1070 1931 destructiones
1098 1907 1139 1931 te
1167 1904 1300 1941 ipsum
1328 1902 1566 1932 destruunt.
1611 1904 1668 1933 Tu
1696 1908 1833 1933 autem
1861 1904 1950 1942 quid

162 1961 270 1990 inter
307 1961 378 1990 has
417 1962 519 1991 duas
561 1971 625 1992 res
664 1967 852 1992 acturus
890 1960 960 1992 es?
1013 1965 1058 1993 In
1087 1969 1273 2003 utraque
1302 1975 1342 1994 re
1369 1975 1387 1994 a
1415 1970 1530 1994 recto
1559 1966 1812 2004 prohiberis.
1866 1967 1950 2008 Ego

161 2037 265 2065 steti
293 2035 394 2072 (beat.
411 2028 675 2077 deSacyc-Ldbss)
703 2038 746 2067 ad
775 2037 886 2068 duas
915 2039 1090 2079 foveas,
1123 2048 1289 2078 quarum
1317 2050 1393 2069 una
1420 2041 1633 2081 sanguine
1661 2041 1840 2080 impleta
1867 2048 1949 2083 est,

163 2098 199 2127 in
235 2098 368 2127 altera
406 2103 542 2129 autem
577 2109 692 2138 aqua
737 2100 1108 2140 colocynthidis
1143 2106 1228 2131 est.
1294 2102 1340 2130 In
1372 2102 1814 2132 hocdetrimentum
1853 2109 1948 2144 est,

161 2165 205 2189 et
241 2159 452 2189 dedecus
488 2166 533 2191 et
569 2163 729 2192 malum
756 2163 1011 2193 vehemens
1040 2164 1171 2193 inter
1198 2173 1286 2193 vos
1313 2165 1554 2195 cumulata
1578 2170 1697 2195 sunt.
1752 2148 1798 2194 Si
1833 2166 1949 2195 iniu-

160 2223 294 2261 riam,
324 2230 441 2260 quae
469 2222 713 2255 vilitatem
742 2226 890 2266 parit,
917 2226 1162 2266 admittis,
1192 2227 1460 2265 poenitens
1488 2229 1599 2257 eris.
1653 2228 1806 2258 Colaibus
1835 2230 1863 2257 ei
1891 2237 1948 2257 se-

159 2284 327 2325 quentibus
354 2284 518 2323 respondit
545 2286 653 2324 (metr.
681 2288 840 2327 'l'hawil):
884 2287 1036 2319 Recta
1074 2289 1152 2319 via
1193 2290 1466 2329 procedam,
1508 2292 1607 2321 etsi
1648 2292 1686 2321 in
1727 2293 1949 2322 consilio

177 2364 207 2397 1)
226 2365 330 2388 Haecce
350 2366 433 2388 verba
452 2358 503 2389 &Q
519 2358 581 2389 Ei>
600 2370 649 2390 etc.
669 2368 694 2390 in
713 2368 849 2398 proverbii
869 2368 1089 2392 consuetudinem
1110 2373 1243 2392 venerunt
1262 2370 1333 2393 cons.
1352 2370 1434 2394 Meid.
1453 2371 1479 2401 7,
1498 2371 1541 2394 27.

174 2416 205 2445 2)
225 2416 254 2439 ln
274 2416 344 2439 hiere
365 2416 495 2446 lapidibus
515 2418 619 2440 Arabes
638 2420 698 2441 ante
719 2417 924 2442 ›lohammedem
945 2410 994 2441 diis
1017 2425 1096 2442 sacra
1120 2419 1220 2442 offerre
1245 2420 1386 2449 solebant,
1413 2424 1438 2444 et
1461 2428 1493 2444 ex
1518 2425 1611 2444 nostro
1637 2421 1699 2445 loco
1724 2422 1854 2446 conticere
1878 2423 1947 2452 ticet,

223 2461 335 2484 cuilibet
354 2463 426 2491 genti
447 2463 569 2490 proprios
589 2462 687 2492 lapides
705 2464 805 2486 circum
825 2463 947 2494 templum
968 2464 1125 2487 Meccauum
1145 2464 1248 2493 positos
1267 2465 1360 2489 fuisse.
1397 2468 1461 2490 Post
1480 2469 1697 2498 Monammedem,
1715 2469 1756 2498 qui
1776 2475 1829 2492 uon
1848 2470 1946 2497 omnia,

222 2518 288 2541 quae
308 2513 408 2535 cultum
430 2513 561 2535 idolorum
580 2516 744 2542 spectarent,
763 2513 852 2536 delere
870 2517 970 2543 posset.
990 2515 1022 2537 ad
1042 2514 1120 2537 hosce
1131 2514 1233 2544 lapides
1245 2515 1344 2538 verba:
1362 2509 1403 2539 &Ul
1419 2509 1453 2540 Ἢ
1473 2510 1511 2539 adl
1531 2511 1554 2541 ὃ
1574 2525 1644 2542 ‚nou
1663 2523 1703 2542 est
1718 2519 1788 2543 Deus
1808 2519 1858 2543 nisi
1871 2520 1943 2544 Deus

225 2569 322 2586 verus«
344 2564 456 2592 proferri
477 2563 562 2586 iussit.

175 2607 203 2635 8)
223 2607 276 2630 Res
295 2612 341 2630 tua
361 2608 427 2631 haud
448 2609 512 2632 bene
531 2615 558 2631 se
577 2609 671 2633 babet:
689 2610 735 2632 sed
755 2609 852 2632 vitiosa
869 2614 922 2634 est.
