2155 2892
889 125 1160 156 —560—

234 225 443 258 Clementiam
473 224 762 265 benignitatemque
789 224 849 255 viri
872 224 990 256 laudat.
1045 225 1137 264 Quod
1164 227 1313 266 captivos
1346 226 1441 257 libere
1478 226 1672 265 dimitteret,
1713 237 1812 258 causa
1849 238 1925 259 esse

136 299 198 319 non
223 293 360 329 poterat,
390 297 444 318 cur
472 289 523 318 alii
549 289 580 317 in
606 288 746 318 vinculis
772 298 848 319 esse
876 288 1006 318 vellent.
1073 289 1154 318 Eum
1188 289 1219 318 in
1254 288 1407 319 dimissos
1435 289 1531 318 simul
1560 287 1715 318 beneficia
1740 290 1928 328 contulisse,

136 351 341 381 statuendum
368 354 430 380 est.
482 349 723 380 Abu-Helalus
751 350 864 390 aliique
890 360 962 380 eum
989 355 1163 389 sequentes
1193 350 1277 381 hunc
1304 355 1421 390 poetae
1448 350 1595 390 loquendi
1623 350 1749 381 modum
1779 352 1927 382 vitiosum

136 421 212 442 esse
242 415 402 452 putarunt.
469 412 742 451 Praepositionem
778 413 808 442 in
844 413 978 443 vocibus
1003 410 1090 454 52:55
1115 410 1144 451 3
1170 413 1363 443 scholiastes
1401 422 1473 444 cum
1501 422 1583 443 voce
1612 415 1733 443 omissa
1761 407 1847 442 §0355
1876 418 1930 444 aut

134 473 228 504 §2:550
261 475 436 506 cohaerere
471 480 573 515 putat.
637 476 778 506 Similem
812 485 944 506 sensum
978 476 1296 505 Abii-'Pammamus
1324 479 1481 514 sequente
1508 484 1607 504 versu
1634 475 1797 514 expressit
1823 472 1928 517 (metr.

136 538 288 577 Camel):
313 538 570 578 Sponsor-em
598 539 858 578 pupillorum
886 548 935 567 se
963 538 1187 568 constituit
1213 537 1308 567 loco
1336 540 1522 576 patrum,
1564 536 1622 566 ita
1658 542 1698 566 ut
1733 536 1926 576 pupillos

135 610 210 631 nos
238 610 338 631 esse
364 602 590 641 cupiamus.
644 601 731 631 Loco
758 601 852 631 vocis
880 597 958 646 “3554ss
985 600 1104 641 legitur
1132 608 1255 639 quoque
1283 595 1374 643 alflll.

137 721 198 762 (p.
223 721 345 762 210.)
910 719 1137 752 xxxvl.

136 786 346 821 Alhasin
364 785 572 820 {mustra
594 787 717 821 dixit
739 783 789 818 in
806 784 1010 819 Annum
1031 785 1070 817 h.
1084 783 1326 818 Alhosaiu
1345 784 1385 818 l».
1405 783 1523 818 Auli
1549 785 1589 817 h.
1604 784 1700 818 Abi
1723 785 1931 819 Thalen·

233 859 292 888 Vir
319 858 400 887 inter
426 858 713 888 Moliammedanos
739 856 934 887 clarissimus
962 852 1111 902 &adali
1130 868 1187 902 Οὔ
1217 856 1459 898 cognominatus
1487 865 1568 886 anno
1597 857 1642 887 50
1672 862 1725 888 aut
1753 857 1798 887 33
1832 862 1925 889 natus

136 925 198 950 est.
227 921 261 950 In
287 919 402 958 oppido
430 919 559 949 Medina
586 929 666 949 anno
695 919 741 949 94
765 923 820 949 aut
848 919 894 948 92
923 918 1001 949 diem
1028 929 1214 959 supremum
1241 919 1318 950 obiit
1344 919 1461 949 conf.
1490 919 1928 951 Citab-'l'ahdsibi-l'Asmai

136 992 166 1022 p.
195 980 276 1011 433.
330 981 387 1010 Vir
415 981 496 1010 alius
524 980 658 1010 Alhasin
685 980 833 1010 Cinanita
862 989 977 1011 nomen
1004 981 1127 1011 Ahmru
1153 982 1183 1012 b.
1212 981 1305 1011 Ahbd
1333 1003 1341 1011 .
1369 1003 1376 1011 .
1404 1004 1412 1014 .
1439 981 1469 1011 h.
1497 981 1641 1011 Cinanah
1667 981 1695 1011 b.
1736 980 1929 1011 Chosaimah

137 1044 257 1074 habuit.
315 1043 409 1082 Sunt,
436 1044 490 1082 qui
519 1042 706 1073 Ferasdako
733 1051 850 1073 versus
879 1043 1019 1073 tribuant
1045 1048 1078 1073 et
1105 1053 1215 1073 ansam
1245 1053 1354 1073 eorum
1383 1043 1479 1074 talem
1508 1043 1611 1073 fuisse
1637 1043 1774 1073 tradant.
1827 1041 1931 1081 Quum

138 1105 300 1136 Alschami
330 1107 360 1135 in
388 1106 503 1144 templo
531 1106 668 1135 Meccae
697 1105 905 1136 Hischarnum
924 1106 953 1136 b.
970 1105 1233 1136 Ahbd-Almalec
1260 1108 1496 1147 interrogaret,
1525 1108 1596 1145 quis
1624 1106 1675 1135 vir
1703 1110 1810 1147 esset,
1838 1114 1931 1145 quem

136 1169 280 1199 homines
308 1168 352 1198 ita
382 1167 694 1208 magniface1·ent‚ut
721 1166 761 1197 ad
788 1167 924 1207 lapidem
951 1168 1074 1207 nigrum
1102 1167 1272 1198 accedendi
1301 1167 1425 1207 copiam
1445 1167 1600 1205 facerent,
1617 1172 1649 1198 et
1667 1166 1729 1208 ille,
1749 1176 1787 1197 se
1807 1166 1930 1197 nescire

137 1231 268 1269 diceret,
296 1229 519 1260 Ferasdakum
547 1239 617 1259 eum
645 1230 795 1259 versibus
823 1229 1052 1269 descripsisse.

136 1341 166 1369 1.
211 1341 272 1370 Hic
295 1345 352 1377 est,
377 1343 469 1371 cuias
489 1350 637 1378 yresszcm
659 1340 752 1369 vallis
783 1339 914 1368 Meccae
941 1341 1043 1375 novit,
1078 1348 1169 1378 quem
1200 1340 1285 1368 novi!
1306 1339 1402 1367 aedes
1423 1347 1519 1367 sacra
1541 1340 1573 1367 et
1595 1340 1658 1366 lam
1677 1339 1816 1376 profana
1837 1346 1932 1375 quam

926 1404 1022 1423 sacra
1046 1397 1141 1423 terru-

234 1465 314 1495 Eum
343 1470 407 1495 tam
434 1465 588 1496 celebrem
618 1474 711 1504 esse,
747 1468 780 1495 ut
813 1469 881 1496 tota
909 1468 995 1495 terra
1024 1468 1090 1494 tam
1119 1472 1213 1493 sacra
1241 1471 1335 1502 quam
1362 1461 1495 1501 profana
1525 1471 1596 1492 eum
1624 1461 1761 1491 noverit.
1819 1462 1931 1492 Voces

136 1514 204 1564 30³5
232 1531 264 1556 et
292 1517 362 1573 {⁵535
391 1527 560 1567 oppositae
587 1532 702 1558 terram
732 1527 870 1557 Arabiae
896 1531 994 1557 totam
1032 1525 1214 1566 significare
1242 1529 1389 1564 possunt.
1440 1525 1535 1555 Voce
1562 1512 1638 1571 &gl
1667 1530 1783 1566 autem,
1811 1525 1864 1554 ubi
1891 1523 1930 1554 de

137 1589 213 1618 urbe
242 1590 355 1620 Mecca
384 1599 488 1620 sermo
516 1591 573 1629 sit,
609 1591 679 1620 eius
707 1590 855 1620 dit10nem
883 1598 1034 1629 sacram,
1072 1589 1121 1619 cui
1148 1589 1211 1619 alia
1237 1576 1306 1625 „legi
1335 1587 1484 1626 opposita
1511 1591 1574 1627 est,
1602 1592 1698 1625 poeta
1723 1586 1929 1628 significavit.

137 1651 202 1681 Sed
229 1651 297 1682 fieri
324 1657 451 1693 potest,
488 1658 523 1683 ut
559 1654 720 1692 posterior
748 1661 863 1682 versus
891 1661 965 1691 pars
994 1651 1119 1680 nonnisi
1145 1652 1241 1690 priori
1268 1650 1452 1680 accuratius
1478 1650 1676 1681 definiendae
1703 1651 1868 1688 inserviat,
1897 1656 1931 1682 ut

138 1724 203 1744 vox
230 1704 301 1761 5535
330 1715 479 1754 templum
507 1725 577 1745 cum
603 1715 745 1754 partibus
774 1715 1044 1745 circumdantibus
1073 1713 1199 1753 sacris3
1228 1723 1293 1743 vox
1319 1702 1387 1750 &35
1408 1718 1513 1744 autem
1541 1719 1658 1743 terram
1685 1713 1778 1744 vallis
1799 1714 1931 1743 Meccae

138 1782 264 1816 praeter
297 1777 404 1816 templi
435 1777 598 1807 circuitum
635 1786 765 1806 sacrum
793 1776 951 1817 designet.
1005 1777 1096 1806 Duae
1122 1776 1214 1806 urbes
1242 1785 1356 1806 sacrae
1384 1775 1514 1805 Medma
1540 1780 1572 1806 et
1597 1777 1713 1806 Mecca
1739 1764 1847 1821 Οἰολὲῖ
1870 1785 1929 1814 ap-

140 1839 309 1877 pellantur.
374 1838 410 1868 Si
437 1848 548 1867 verum
577 1843 638 1878 est,
667 1837 748 1876 quod
775 1837 967 1867 scholiastes
994 1837 1033 1867 ad
1061 1847 1191 1867 versum
1219 1842 1406 1876 sequentem
1434 1838 1612 1878 adnotavit,
1641 1838 1752 1868 domos
1779 1838 1930 1868 nobilium

138 1901 169 1931 in
196 1901 292 1940 valle,
330 1900 442 1930 domus
471 1904 572 1930 autern
600 1900 841 1941 peregrinorum
869 1898 1092 1938 hominumque
1120 1898 1243 1929 mediae
1272 1898 1462 1929 conditionis
1489 1899 1519 1929 in
1546 1899 1677 1929 collibus
1713 1900 1932 1938 montibusqne

138 1963 216 1993 sitas
250 1972 348 2003 esse,
389 1968 484 2002 poeta
519 1963 611 1993 vallis
653 1962 843 1993 montionem
870 1960 993 1992 fecisse
1021 1961 1155 2003 videtur,
1185 1966 1219 1991 ut
1248 1972 1320 1992 eum
1348 1964 1428 1992 inter
1456 1961 1578 1991 nobiles
1610 1966 1719 1991 notum
1749 1970 1823 1992 esse
1861 1960 1930 2003 sig-

143 2025 298 2055 nificaret.

140 2136 172 2164 2.
218 2134 316 2170 Quem
350 2143 445 2172 quum
475 2143 555 2172 qens
584 2135 742 2164 Koraisclt
778 2135 876 2171 videt,
905 2135 996 2165 dicit:
1034 2135 1089 2164 Ad
1118 2136 1215 2164 leuius
1245 2137 1376 2164 virtutes
1404 2135 1475 2170 ipsa
1499 2135 1697 2171 generositas
1720 2137 1869 2173 tanquam
1891 2135 1934 2164 ad

907 2192 1003 2228 finem
1022 2191 1172 2227 pervenit.

241 2259 291 2289 Ex
319 2267 475 2289 consensu
503 2259 610 2300 gentis
638 2259 795 2289 Koraisch
820 2258 993 2290 virtutibus
1024 2259 1170 2289 maximis
1199 2268 1268 2289 eum
1299 2262 1442 2288 ornatum
1471 2267 1558 2296 esse,
1575 2261 1608 2288 ut
1627 2257 1697 2297 ipsa
1724 2257 1929 2298 generositas

141 2325 288 2359 tanquam
316 2330 454 2360 persona
483 2321 552 2351 eius
582 2321 718 2351 virtutes
745 2320 913 2360 adtingere
942 2320 1082 2350 studeat.
1111 2321 1146 2350 Iu
1176 2319 1333 2350 Mersukii
1362 2324 1469 2350 autem
1496 2319 1605 2350 codice
1632 2318 1683 2348 hio
1712 2327 1828 2348 versus
1855 2323 1929 2348 ante

141 2384 277 2422 priorem
305 2383 408 2413 locum
437 2382 543 2413 habet.

141 2478 173 2509 3.
218 2479 340 2508 Parum
372 2479 471 2513 abest,
506 2481 583 2518 quin
605 2479 688 2516 lapis
711 2481 853 2517 parietis,
885 2489 975 2518 quem
1007 2481 1207 2511 salutaturus
1230 2484 1347 2517 veniat,
1372 2482 1456 2520 quod
1479 2482 1548 2510 eius
1571 2489 1684 2509 mames
1706 2481 1833 2515 noverit,
1859 2489 1928 2509 eum

965 2535 1107 2563 retineat.

254 2601 382 2630 Arabes
412 2600 441 2630 in
468 2601 584 2640 templo
614 2601 746 2632 Caahba
777 2602 912 2642 lapidem
940 2603 1065 2644 nigrum
1093 2607 1147 2633 aut
1175 2602 1313 2634 osculari
1340 2605 1393 2632 aut
1420 2611 1513 2632 manu
1540 2605 1674 2641 tangere
1702 2605 1733 2631 et
1757 2601 1928 2643 detergere
