<?xml version="1.0" encoding="UTF-8"?>
<!DOCTYPE html PUBLIC "-//W3C//DTD XHTML 1.0 Transitional//EN"
    "http://www.w3.org/TR/xhtml1/DTD/xhtml1-transitional.dtd">
<html xmlns="http://www.w3.org/1999/xhtml" xml:lang="en" lang="en">
 <head>
  <title>
</title>
<meta http-equiv="Content-Type" content="text/html;charset=utf-8" />
  <meta name='ocr-system' content='tesseract 3.04.00' />
  <meta name='ocr-capabilities' content='ocr_page ocr_carea ocr_par ocr_line ocrx_word'/>
</head>
<body>
  <div class='ocr_page' id='page_1' title='image "./p2hamassaecarmin02abbiuoft_0714.png"; bbox 0 0 2155 2892; ppageno 0'>
   <div class='ocr_carea' id='block_1_1' title="bbox 864 141 1136 173">
    <p class='ocr_par' dir='ltr' id='par_1_1' title="bbox 864 141 1136 173">
     <span class='ocr_line' id='line_1_1' title="bbox 864 141 1136 173; baseline 0 -1"><span class='ocrx_word' id='word_1_1' title='bbox 864 141 1136 173; x_wconf 76' lang='lat'>-702—</span> 
     </span>
    </p>
   </div>
   <div class='ocr_carea' id='block_1_2' title="bbox 110 241 1902 599">
    <p class='ocr_par' dir='ltr' id='par_1_2' title="bbox 110 241 1902 599">
     <span class='ocr_line' id='line_1_2' title="bbox 112 241 1898 287; baseline -0.004 -11"><span class='ocrx_word' id='word_1_2' title='bbox 112 253 220 276; x_wconf 90' lang='lat' dir='ltr'><strong>exue</strong></span> <span class='ocrx_word' id='word_1_3' title='bbox 246 252 338 283; x_wconf 87' lang='lat' dir='ltr'><strong>quum</strong></span> <span class='ocrx_word' id='word_1_4' title='bbox 365 243 516 284; x_wconf 84' lang='lat' dir='ltr'><strong>ambigua</strong></span> <span class='ocrx_word' id='word_1_5' title='bbox 542 243 629 281; x_wconf 89' lang='lat' dir='ltr'><strong>sint,</strong></span> <span class='ocrx_word' id='word_1_6' title='bbox 654 242 809 282; x_wconf 85' lang='lat' dir='ltr'><strong>duplicem</strong></span> <span class='ocrx_word' id='word_1_7' title='bbox 849 242 895 273; x_wconf 86' lang='lat' dir='ltr'><strong>eis</strong></span> <span class='ocrx_word' id='word_1_8' title='bbox 925 252 1056 273; x_wconf 91' lang='lat' dir='ltr'><strong>sensum</strong></span> <span class='ocrx_word' id='word_1_9' title='bbox 1096 241 1248 273; x_wconf 78' lang='lat' dir='ltr'><strong>tribuunt.</strong></span> <span class='ocrx_word' id='word_1_10' title='bbox 1301 242 1369 273; x_wconf 86' lang='lat' dir='ltr'><strong>Aut</strong></span> <span class='ocrx_word' id='word_1_11' title='bbox 1407 253 1478 274; x_wconf 88' lang='lat' dir='ltr'><strong>cum</strong></span> <span class='ocrx_word' id='word_1_12' title='bbox 1505 249 1613 279; x_wconf 88' lang='lat' dir='ltr'><strong>verbis</strong></span> <span class='ocrx_word' id='word_1_13' title='bbox 1638 251 1898 287; x_wconf 63' lang='lat' dir='ltr'><strong>Amru-lsKm-si</strong></span> 
     </span>
     <span class='ocr_line' id='line_1_3' title="bbox 111 304 1897 355; baseline 0.004 -18"><span class='ocrx_word' id='word_1_14' title='bbox 111 307 221 346; x_wconf 84' lang='lat' dir='ltr'><strong>(metr.</strong></span> <span class='ocrx_word' id='word_1_15' title='bbox 248 305 415 345; x_wconf 61' lang='lat' dir='ltr'><strong>Themin:</strong></span> <span class='ocrx_word' id='word_1_16' title='bbox 463 306 628 336; x_wconf 83' lang='lat' dir='ltr'><strong>Vestes</strong></span> <span class='ocrx_word' id='word_1_17' title='bbox 668 314 781 335; x_wconf 88' lang='lat' dir='ltr'><strong>meas</strong></span> <span class='ocrx_word' id='word_1_18' title='bbox 820 314 838 335; x_wconf 91' lang='lat' dir='ltr'><strong>e</strong></span> <span class='ocrx_word' id='word_1_19' title='bbox 879 304 1081 335; x_wconf 87' lang='lat' dir='ltr'><strong>vestibus</strong></span> <span class='ocrx_word' id='word_1_20' title='bbox 1122 306 1214 336; x_wconf 85' lang='lat' dir='ltr'><strong>tuis</strong></span> <span class='ocrx_word' id='word_1_21' title='bbox 1240 307 1424 341; x_wconf 83' lang='lat' dir='ltr'><strong>extrahe</strong></span> <span class='ocrx_word' id='word_1_22' title='bbox 1465 312 1509 351; x_wconf 89' lang='grc' dir='ltr'><strong>(ο</strong></span> <span class='ocrx_word' id='word_1_23' title='bbox 1541 312 1746 355; x_wconf 82' lang='lat' dir='ltr'><strong>femina).</strong></span> <span class='ocrx_word' id='word_1_24' title='bbox 1774 321 1816 348; x_wconf 92' lang='lat' dir='ltr'><strong>ut</strong></span> <span class='ocrx_word' id='word_1_25' title='bbox 1856 323 1897 350; x_wconf 74' lang='lat' dir='ltr'><strong>te,</strong></span> 
     </span>
     <span class='ocr_line' id='line_1_4' title="bbox 112 363 1900 422; baseline 0.007 -22"><span class='ocrx_word' id='word_1_26' title='bbox 112 363 311 409; x_wconf 84' lang='lat' dir='ltr'><strong>separes!</strong></span> <span class='ocrx_word' id='word_1_27' title='bbox 338 368 439 399; x_wconf 82' lang='lat' dir='ltr'><strong>verba</strong></span> <span class='ocrx_word' id='word_1_28' title='bbox 467 372 672 407; x_wconf 86' lang='lat' dir='ltr'><strong>comparant,</strong></span> <span class='ocrx_word' id='word_1_29' title='bbox 700 373 733 399; x_wconf 96' lang='lat' dir='ltr'><strong>ut</strong></span> <span class='ocrx_word' id='word_1_30' title='bbox 758 378 796 399; x_wconf 91' lang='lat' dir='ltr'><strong>se</strong></span> <span class='ocrx_word' id='word_1_31' title='bbox 822 368 992 408; x_wconf 83' lang='lat' dir='ltr'><strong>separandi</strong></span> <span class='ocrx_word' id='word_1_32' title='bbox 1017 367 1284 409; x_wconf 81' lang='lat' dir='ltr'><strong>significationem</strong></span> <span class='ocrx_word' id='word_1_33' title='bbox 1311 370 1448 404; x_wconf 80' lang='lat' dir='ltr'><strong>habeant</strong></span> <span class='ocrx_word' id='word_1_34' title='bbox 1474 378 1528 406; x_wconf 89' lang='lat' dir='ltr'><strong>aut</strong></span> <span class='ocrx_word' id='word_1_35' title='bbox 1554 380 1665 407; x_wconf 79' lang='lat' dir='ltr'><strong>vestes</strong></span> <span class='ocrx_word' id='word_1_36' title='bbox 1692 380 1900 422; x_wconf 82' lang='lat' dir='ltr'><strong>succingendi</strong></span> 
     </span>
     <span class='ocr_line' id='line_1_5' title="bbox 110 430 1899 480; baseline 0.004 -19"><span class='ocrx_word' id='word_1_37' title='bbox 110 431 377 473; x_wconf 73' lang='lat' dir='ltr'><strong>significationem</strong></span> <span class='ocrx_word' id='word_1_38' title='bbox 403 432 434 462; x_wconf 91' lang='lat' dir='ltr'><strong>in</strong></span> <span class='ocrx_word' id='word_1_39' title='bbox 461 431 499 462; x_wconf 88' lang='lat' dir='ltr'><strong>iis</strong></span> <span class='ocrx_word' id='word_1_40' title='bbox 527 430 708 460; x_wconf 68' lang='lat' dir='ltr'><strong>inveniunt.&#39;</strong></span> <span class='ocrx_word' id='word_1_41' title='bbox 754 430 936 461; x_wconf 85' lang='lat' dir='ltr'><strong>Succinctis</strong></span> <span class='ocrx_word' id='word_1_42' title='bbox 967 431 1113 461; x_wconf 88' lang='lat' dir='ltr'><strong>vestibus</strong></span> <span class='ocrx_word' id='word_1_43' title='bbox 1141 431 1181 462; x_wconf 86' lang='lat' dir='ltr'><strong>ad</strong></span> <span class='ocrx_word' id='word_1_44' title='bbox 1210 432 1293 472; x_wconf 80' lang='lat' dir='ltr'><strong>iter,</strong></span> <span class='ocrx_word' id='word_1_45' title='bbox 1322 440 1378 466; x_wconf 84' lang='lat' dir='ltr'><strong>aut</strong></span> <span class='ocrx_word' id='word_1_46' title='bbox 1405 436 1444 466; x_wconf 82' lang='lat' dir='ltr'><strong>ad</strong></span> <span class='ocrx_word' id='word_1_47' title='bbox 1472 446 1553 477; x_wconf 90' lang='lat' dir='ltr'><strong>opus</strong></span> <span class='ocrx_word' id='word_1_48' title='bbox 1581 449 1624 470; x_wconf 86' lang='lat' dir='ltr'><strong>se.</strong></span> <span class='ocrx_word' id='word_1_49' title='bbox 1645 450 1758 480; x_wconf 81' lang='lat' dir='ltr'><strong>parare</strong></span> <span class='ocrx_word' id='word_1_50' title='bbox 1783 443 1899 474; x_wconf 78' lang='lat' dir='ltr'><strong>solent,</strong></span> 
     </span>
     <span class='ocr_line' id='line_1_6' title="bbox 110 492 1902 546; baseline 0.008 -23"><span class='ocrx_word' id='word_1_51' title='bbox 110 494 248 524; x_wconf 79' lang='lat' dir='ltr'><strong>Versum</strong></span> <span class='ocrx_word' id='word_1_52' title='bbox 276 493 305 523; x_wconf 89' lang='lat' dir='ltr'><strong>in</strong></span> <span class='ocrx_word' id='word_1_53' title='bbox 332 493 565 524; x_wconf 81' lang='lat' dir='ltr'><strong>Amru-l&#39;Kaisi</strong></span> <span class='ocrx_word' id='word_1_54' title='bbox 593 494 725 524; x_wconf 84' lang='lat' dir='ltr'><strong>Diwano</strong></span> <span class='ocrx_word' id='word_1_55' title='bbox 753 504 814 524; x_wconf 91' lang='lat' dir='ltr'><strong>non</strong></span> <span class='ocrx_word' id='word_1_56' title='bbox 842 492 958 523; x_wconf 87' lang='lat' dir='ltr'><strong>inveni.</strong></span> <span class='ocrx_word' id='word_1_57' title='bbox 1014 494 1138 525; x_wconf 86' lang='lat' dir='ltr'><strong>Vocem</strong></span> <span class='ocrx_word' id='word_1_58' title='bbox 1167 492 1220 542; x_wconf 53' lang='lat' dir='ltr'><strong>bf&amp;</strong></span> <span class='ocrx_word' id='word_1_59' title='bbox 1246 506 1302 536; x_wconf 88' lang='lat' dir='ltr'><strong>pro</strong></span> <span class='ocrx_word' id='word_1_60' title='bbox 1329 493 1405 542; x_wconf 60' lang='lat'><strong>²0¹9&gt;</strong></span> <span class='ocrx_word' id='word_1_61' title='bbox 1432 505 1466 530; x_wconf 92' lang='lat' dir='ltr'><strong>ut</strong></span> <span class='ocrx_word' id='word_1_62' title='bbox 1495 502 1584 533; x_wconf 86' lang='lat' dir='ltr'><strong>simili</strong></span> <span class='ocrx_word' id='word_1_63' title='bbox 1613 504 1717 542; x_wconf 84' lang='lat' dir='ltr'><strong>modo,</strong></span> <span class='ocrx_word' id='word_1_64' title='bbox 1745 514 1808 546; x_wconf 91' lang='lat' dir='ltr'><strong>quo</strong></span> <span class='ocrx_word' id='word_1_65' title='bbox 1834 516 1902 538; x_wconf 83' lang='lat' dir='ltr'><strong>vox</strong></span> 
     </span>
     <span class='ocr_line' id='line_1_7' title="bbox 110 554 1899 599; baseline 0.003 -14"><span class='ocrx_word' id='word_1_66' title='bbox 110 554 195 587; x_wconf 60' lang='lat' dir='ltr'><strong>tam</strong></span> <span class='ocrx_word' id='word_1_67' title='bbox 221 557 319 586; x_wconf 82' lang='lat' dir='ltr'><strong>statui</strong></span> <span class='ocrx_word' id='word_1_68' title='bbox 348 556 525 586; x_wconf 85' lang='lat' dir='ltr'><strong>definiendo</strong></span> <span class='ocrx_word' id='word_1_69' title='bbox 554 557 733 598; x_wconf 77' lang='lat' dir='ltr'><strong>inserviat,</strong></span> <span class='ocrx_word' id='word_1_70' title='bbox 766 557 878 587; x_wconf 86' lang='lat' dir='ltr'><strong>dictam</strong></span> <span class='ocrx_word' id='word_1_71' title='bbox 913 567 1011 596; x_wconf 78' lang='lat' dir='ltr'><strong>esse,</strong></span> <span class='ocrx_word' id='word_1_72' title='bbox 1039 557 1233 588; x_wconf 79' lang='lat' dir='ltr'><strong>scholiastes</strong></span> <span class='ocrx_word' id='word_1_73' title='bbox 1261 558 1437 594; x_wconf 82' lang='lat' dir='ltr'><strong>adnotavit.</strong></span> <span class='ocrx_word' id='word_1_74' title='bbox 1489 562 1523 592; x_wconf 88' lang='lat' dir='ltr'><strong>In</strong></span> <span class='ocrx_word' id='word_1_75' title='bbox 1556 565 1670 595; x_wconf 81' lang='lat' dir='ltr'><strong>scholii</strong></span> <span class='ocrx_word' id='word_1_76' title='bbox 1696 565 1778 597; x_wconf 72' lang='lat' dir='ltr'><strong>linea</strong></span> <span class='ocrx_word' id='word_1_77' title='bbox 1804 567 1899 599; x_wconf 62' lang='lat' dir='ltr'><strong>tertia</strong></span> 
     </span>
    </p>
   </div>
   <div class='ocr_carea' id='block_1_3' title="bbox 108 617 1836 668">
    <p class='ocr_par' dir='ltr' id='par_1_3' title="bbox 108 617 1836 668">
     <span class='ocr_line' id='line_1_8' title="bbox 108 617 1836 668; baseline 0.005 -19"><span class='ocrx_word' id='word_1_78' title='bbox 108 621 176 650; x_wconf 92' lang='lat' dir='ltr'><strong>loco</strong></span> <span class='ocrx_word' id='word_1_79' title='bbox 205 620 376 653; x_wconf 81' lang='lat' dir='ltr'><strong>verborum</strong></span> <span class='ocrx_word' id='word_1_80' title='bbox 439 619 494 651; x_wconf 53' lang='lat' dir='ltr'><strong>:ast</strong></span> <span class='ocrx_word' id='word_1_81' title='bbox 519 617 547 658; x_wconf 71' lang='grc' dir='ltr'><strong>ῥ,</strong></span> <span class='ocrx_word' id='word_1_82' title='bbox 574 624 652 666; x_wconf 63' lang='grc' dir='ltr'><strong>Ουι</strong></span> <span class='ocrx_word' id='word_1_83' title='bbox 680 622 806 661; x_wconf 77' lang='lat' dir='ltr'><strong>melius,</strong></span> <span class='ocrx_word' id='word_1_84' title='bbox 833 624 867 649; x_wconf 87' lang='lat' dir='ltr'><strong>ut</strong></span> <span class='ocrx_word' id='word_1_85' title='bbox 894 620 924 650; x_wconf 92' lang='lat' dir='ltr'><strong>in</strong></span> <span class='ocrx_word' id='word_1_86' title='bbox 951 620 1107 650; x_wconf 88' lang='lat' dir='ltr'><strong>Mersukii</strong></span> <span class='ocrx_word' id='word_1_87' title='bbox 1132 620 1252 659; x_wconf 80' lang='lat' dir='ltr'><strong>codice,</strong></span> <span class='ocrx_word' id='word_1_88' title='bbox 1273 618 1365 664; x_wconf 45' lang='lat' dir='ltr'><strong>findi</strong></span> <span class='ocrx_word' id='word_1_89' title='bbox 1392 620 1417 659; x_wconf 63' lang='lat'><em>3</em></span> <span class='ocrx_word' id='word_1_90' title='bbox 1445 623 1524 668; x_wconf 45' lang='lat'><strong>0²⁴⁰*</strong></span> <span class='ocrx_word' id='word_1_91' title='bbox 1551 626 1721 667; x_wconf 86' lang='lat' dir='ltr'><strong>legendum</strong></span> <span class='ocrx_word' id='word_1_92' title='bbox 1747 634 1836 668; x_wconf 88' lang='lat' dir='ltr'><strong>puto.</strong></span> 
     </span>
    </p>
   </div>
   <div class='ocr_carea' id='block_1_4' title="bbox 403 646 437 668">
    <p class='ocr_par' dir='ltr' id='par_1_4' title="bbox 403 646 437 668">
     <span class='ocr_line' id='line_1_9' title="bbox 403 646 437 668; baseline 0 0"><span class='ocrx_word' id='word_1_93' title='bbox 403 646 437 668; x_wconf 57' lang='grc' dir='ltr'><strong>ΕΞ</strong></span> 
     </span>
    </p>
   </div>
   <div class='ocr_carea' id='block_1_5' title="bbox 109 716 1900 762">
    <p class='ocr_par' dir='ltr' id='par_1_5' title="bbox 109 716 1900 762">
     <span class='ocr_line' id='line_1_10' title="bbox 109 716 1900 762; baseline 0.005 -16"><span class='ocrx_word' id='word_1_94' title='bbox 109 718 141 746; x_wconf 74' lang='lat'><strong>2.</strong></span> <span class='ocrx_word' id='word_1_95' title='bbox 184 716 224 746; x_wconf 81' lang='lat' dir='ltr'><strong>Si</strong></span> <span class='ocrx_word' id='word_1_96' title='bbox 235 717 278 745; x_wconf 78' lang='lat' dir='ltr'><strong>ad</strong></span> <span class='ocrx_word' id='word_1_97' title='bbox 291 720 320 746; x_wconf 85' lang='lat' dir='ltr'><strong>le</strong></span> <span class='ocrx_word' id='word_1_98' title='bbox 337 720 494 746; x_wconf 71' lang='lat' dir='ltr'><strong>venientes</strong></span> <span class='ocrx_word' id='word_1_99' title='bbox 516 718 643 745; x_wconf 72' lang='lat' dir='ltr'><strong>dicunt:</strong></span> <span class='ocrx_word' id='word_1_100' title='bbox 662 716 788 745; x_wconf 79' lang='lat' dir='ltr'><strong>Mediae</strong></span> <span class='ocrx_word' id='word_1_101' title='bbox 804 719 916 746; x_wconf 81' lang='lat' dir='ltr'><strong>aetolis</strong></span> <span class='ocrx_word' id='word_1_102' title='bbox 928 721 976 746; x_wconf 76' lang='lat' dir='ltr'><strong>est</strong></span> <span class='ocrx_word' id='word_1_103' title='bbox 986 725 994 753; x_wconf 84' lang='lat'>3</span> <span class='ocrx_word' id='word_1_104' title='bbox 1017 719 1125 755; x_wconf 81' lang='lat' dir='ltr'><strong>utique</strong></span> <span class='ocrx_word' id='word_1_105' title='bbox 1142 719 1257 754; x_wconf 79' lang='lat' dir='ltr'><strong>optima</strong></span> <span class='ocrx_word' id='word_1_106' title='bbox 1278 719 1346 746; x_wconf 76' lang='lat' dir='ltr'><strong>eius</strong></span> <span class='ocrx_word' id='word_1_107' title='bbox 1362 720 1448 748; x_wconf 80' lang='lat' dir='ltr'><strong>mula</strong></span> <span class='ocrx_word' id='word_1_108' title='bbox 1468 730 1546 757; x_wconf 81' lang='lat' dir='ltr'><strong>pars</strong></span> <span class='ocrx_word' id='word_1_109' title='bbox 1560 726 1615 758; x_wconf 79' lang='lat' dir='ltr'><strong>est,</strong></span> <span class='ocrx_word' id='word_1_110' title='bbox 1638 733 1719 762; x_wconf 80' lang='lat' dir='ltr'><strong>quae</strong></span> <span class='ocrx_word' id='word_1_111' title='bbox 1727 728 1900 761; x_wconf 71' lang='lat' dir='ltr'><strong>proeteriit.</strong></span> 
     </span>
    </p>
   </div>
   <div class='ocr_carea' id='block_1_6' title="bbox 108 785 1900 1016">
    <p class='ocr_par' dir='ltr' id='par_1_6' title="bbox 108 785 1900 1016">
     <span class='ocr_line' id='line_1_11' title="bbox 208 785 1900 835; baseline 0.006 -20"><span class='ocrx_word' id='word_1_112' title='bbox 208 786 324 816; x_wconf 86' lang='lat' dir='ltr'><strong>Eorum</strong></span> <span class='ocrx_word' id='word_1_113' title='bbox 351 787 470 826; x_wconf 84' lang='lat' dir='ltr'><strong>verba,</strong></span> <span class='ocrx_word' id='word_1_114' title='bbox 508 786 559 827; x_wconf 90' lang='lat' dir='ltr'><strong>qui</strong></span> <span class='ocrx_word' id='word_1_115' title='bbox 593 785 687 816; x_wconf 84' lang='lat' dir='ltr'><strong>talem</strong></span> <span class='ocrx_word' id='word_1_116' title='bbox 717 785 864 816; x_wconf 89' lang='lat' dir='ltr'><strong>feminam</strong></span> <span class='ocrx_word' id='word_1_117' title='bbox 892 785 1125 825; x_wconf 85' lang='lat' dir='ltr'><strong>commendant,</strong></span> <span class='ocrx_word' id='word_1_118' title='bbox 1152 786 1278 816; x_wconf 79' lang='lat' dir='ltr'><strong>refellit.</strong></span> <span class='ocrx_word' id='word_1_119' title='bbox 1315 788 1385 818; x_wconf 80' lang='lat' dir='ltr'><strong>Etsi</strong></span> <span class='ocrx_word' id='word_1_120' title='bbox 1413 789 1537 820; x_wconf 86' lang='lat' dir='ltr'><strong>mediae</strong></span> <span class='ocrx_word' id='word_1_121' title='bbox 1563 792 1680 822; x_wconf 80' lang='lat' dir='ltr'><strong>aetatis</strong></span> <span class='ocrx_word' id='word_1_122' title='bbox 1706 793 1821 825; x_wconf 85' lang='lat' dir='ltr'><strong>femina</strong></span> <span class='ocrx_word' id='word_1_123' title='bbox 1847 797 1900 835; x_wconf 86' lang='lat' dir='ltr'><strong>sit,</strong></span> 
     </span>
     <span class='ocr_line' id='line_1_12' title="bbox 110 848 1897 903; baseline 0.004 -23"><span class='ocrx_word' id='word_1_124' title='bbox 110 854 211 880; x_wconf 77' lang='lat' dir='ltr'><strong>lamen</strong></span> <span class='ocrx_word' id='word_1_125' title='bbox 240 849 414 880; x_wconf 82' lang='lat' dir='ltr'><strong>iuventutis</strong></span> <span class='ocrx_word' id='word_1_126' title='bbox 442 854 592 889; x_wconf 86' lang='lat' dir='ltr'><strong>partem,</strong></span> <span class='ocrx_word' id='word_1_127' title='bbox 631 858 713 887; x_wconf 86' lang='lat' dir='ltr'><strong>quac</strong></span> <span class='ocrx_word' id='word_1_128' title='bbox 751 848 976 889; x_wconf 72' lang='lat' dir='ltr'><strong>praeterierit,</strong></span> <span class='ocrx_word' id='word_1_129' title='bbox 1015 849 1163 889; x_wconf 83' lang='lat' dir='ltr'><strong>optimam</strong></span> <span class='ocrx_word' id='word_1_130' title='bbox 1191 850 1278 880; x_wconf 82' lang='lat' dir='ltr'><strong>vitae</strong></span> <span class='ocrx_word' id='word_1_131' title='bbox 1313 856 1434 890; x_wconf 81' lang='lat' dir='ltr'><strong>partem</strong></span> <span class='ocrx_word' id='word_1_132' title='bbox 1464 863 1550 884; x_wconf 86' lang='lat' dir='ltr'><strong>esse.</strong></span> <span class='ocrx_word' id='word_1_133' title='bbox 1603 855 1687 886; x_wconf 83' lang='lat' dir='ltr'><strong>Ante</strong></span> <span class='ocrx_word' id='word_1_134' title='bbox 1714 866 1824 888; x_wconf 84' lang='lat' dir='ltr'><strong>vocem</strong></span> <span class='ocrx_word' id='word_1_135' title='bbox 1849 853 1897 903; x_wconf 65' lang='grc' dir='ltr'><strong>ΟΒ</strong></span> 
     </span>
     <span class='ocr_line' id='line_1_13' title="bbox 108 911 1897 952; baseline 0.005 -11"><span class='ocrx_word' id='word_1_136' title='bbox 108 922 182 951; x_wconf 88' lang='lat' dir='ltr'><strong>pars</strong></span> <span class='ocrx_word' id='word_1_137' title='bbox 210 912 370 942; x_wconf 85' lang='lat' dir='ltr'><strong>sermonis</strong></span> <span class='ocrx_word' id='word_1_138' title='bbox 410 912 530 942; x_wconf 88' lang='lat' dir='ltr'><strong>omissa</strong></span> <span class='ocrx_word' id='word_1_139' title='bbox 572 917 635 944; x_wconf 92' lang='lat' dir='ltr'><strong>est.</strong></span> <span class='ocrx_word' id='word_1_140' title='bbox 688 913 815 942; x_wconf 84' lang='lat' dir='ltr'><strong>Versus</strong></span> <span class='ocrx_word' id='word_1_141' title='bbox 851 912 902 942; x_wconf 89' lang='lat' dir='ltr'><strong>hic</strong></span> <span class='ocrx_word' id='word_1_142' title='bbox 944 911 1036 952; x_wconf 85' lang='lat' dir='ltr'><strong>paulo</strong></span> <span class='ocrx_word' id='word_1_143' title='bbox 1072 917 1212 943; x_wconf 82' lang='lat' dir='ltr'><strong>mutatus</strong></span> <span class='ocrx_word' id='word_1_144' title='bbox 1244 912 1274 942; x_wconf 89' lang='lat' dir='ltr'><strong>iu</strong></span> <span class='ocrx_word' id='word_1_145' title='bbox 1301 913 1379 943; x_wconf 85' lang='lat' dir='ltr'><strong>libro</strong></span> <span class='ocrx_word' id='word_1_146' title='bbox 1406 914 1694 947; x_wconf 86' lang='lat' dir='ltr'><strong>Ebu-Challikani</strong></span> <span class='ocrx_word' id='word_1_147' title='bbox 1719 918 1799 948; x_wconf 80' lang='lat' dir='ltr'><strong>Nm.</strong></span> <span class='ocrx_word' id='word_1_148' title='bbox 1828 919 1897 952; x_wconf 74' lang='lat'><strong>780</strong></span> 
     </span>
     <span class='ocr_line' id='line_1_14' title="bbox 109 970 977 1016; baseline -0.001 -12"><span class='ocrx_word' id='word_1_149' title='bbox 109 974 272 1015; x_wconf 82' lang='lat' dir='ltr'><strong>occurrit3</strong></span> <span class='ocrx_word' id='word_1_150' title='bbox 299 974 418 1016; x_wconf 85' lang='lat' dir='ltr'><strong>legitur</strong></span> <span class='ocrx_word' id='word_1_151' title='bbox 445 974 527 1004; x_wconf 87' lang='lat' dir='ltr'><strong>enim</strong></span> <span class='ocrx_word' id='word_1_152' title='bbox 555 970 651 1012; x_wconf 42' lang='lat' dir='ltr'><strong>...e-‚4125</strong></span> <span class='ocrx_word' id='word_1_153' title='bbox 679 974 748 1005; x_wconf 93' lang='lat' dir='ltr'><strong>loco</strong></span> <span class='ocrx_word' id='word_1_154' title='bbox 776 974 868 1004; x_wconf 83' lang='lat' dir='ltr'><strong>vocis</strong></span> <span class='ocrx_word' id='word_1_155' title='bbox 893 973 977 1012; x_wconf 59' lang='lat'><strong>&amp;⁴²⁸5-</strong></span> 
     </span>
    </p>
   </div>
   <div class='ocr_carea' id='block_1_7' title="bbox 850 1084 1148 1185">
    <p class='ocr_par' dir='ltr' id='par_1_7' title="bbox 850 1084 1148 1185">
     <span class='ocr_line' id='line_1_15' title="bbox 969 1084 1051 1117; baseline 0 0"><span class='ocrx_word' id='word_1_156' title='bbox 969 1084 1051 1117; x_wconf 73' lang='lat' dir='ltr'><strong>lx.</strong></span> 
     </span>
     <span class='ocr_line' id='line_1_16' title="bbox 850 1149 1148 1185; baseline -0.007 -1"><span class='ocrx_word' id='word_1_157' title='bbox 850 1149 994 1184; x_wconf 71' lang='lat' dir='ltr'><strong>Alius</strong></span> <span class='ocrx_word' id='word_1_158' title='bbox 1016 1150 1148 1185; x_wconf 73' lang='lat' dir='ltr'><strong>«lixit.</strong></span> 
     </span>
    </p>
   </div>
   <div class='ocr_carea' id='block_1_8' title="bbox 112 1219 1903 1312">
    <p class='ocr_par' dir='ltr' id='par_1_8' title="bbox 112 1219 1903 1312">
     <span class='ocr_line' id='line_1_17' title="bbox 112 1219 1903 1263; baseline 0.002 -14"><span class='ocrx_word' id='word_1_159' title='bbox 112 1221 137 1249; x_wconf 85' lang='lat'><strong>1.</strong></span> <span class='ocrx_word' id='word_1_160' title='bbox 181 1219 318 1249; x_wconf 78' lang='lat' dir='ltr'><strong>Punclis</strong></span> <span class='ocrx_word' id='word_1_161' title='bbox 340 1221 466 1254; x_wconf 80' lang='lat' dir='ltr'><strong>notato,</strong></span> <span class='ocrx_word' id='word_1_162' title='bbox 491 1219 584 1248; x_wconf 87' lang='lat' dir='ltr'><strong>dorso</strong></span> <span class='ocrx_word' id='word_1_163' title='bbox 607 1228 746 1248; x_wconf 53' lang='lat' dir='ltr'><strong>conve-&#39;to</strong></span> <span class='ocrx_word' id='word_1_164' title='bbox 771 1222 803 1248; x_wconf 85' lang='lat' dir='ltr'><strong>et</strong></span> <span class='ocrx_word' id='word_1_165' title='bbox 818 1223 943 1256; x_wconf 75' lang='lat' dir='ltr'><strong>pectore</strong></span> <span class='ocrx_word' id='word_1_166' title='bbox 965 1230 1102 1249; x_wconf 84' lang='lat' dir='ltr'><strong>concavo</strong></span> <span class='ocrx_word' id='word_1_167' title='bbox 1120 1221 1284 1257; x_wconf 79' lang='lat' dir='ltr'><strong>praedita,</strong></span> <span class='ocrx_word' id='word_1_168' title='bbox 1310 1223 1402 1251; x_wconf 82' lang='lat' dir='ltr'><strong>cuius</strong></span> <span class='ocrx_word' id='word_1_169' title='bbox 1423 1224 1510 1252; x_wconf 78' lang='lat' dir='ltr'><strong>risus</strong></span> <span class='ocrx_word' id='word_1_170' title='bbox 1530 1224 1618 1252; x_wconf 79' lang='lat' dir='ltr'><strong>iecur</strong></span> <span class='ocrx_word' id='word_1_171' title='bbox 1639 1224 1787 1261; x_wconf 77' lang='lat' dir='ltr'><strong>ostendit,</strong></span> <span class='ocrx_word' id='word_1_172' title='bbox 1810 1224 1903 1263; x_wconf 78' lang='lat' dir='ltr'><strong>lonqo</strong></span> 
     </span>
     <span class='ocr_line' id='line_1_18' title="bbox 586 1273 1424 1312; baseline 0.002 -11"><span class='ocrx_word' id='word_1_173' title='bbox 586 1282 664 1301; x_wconf 82' lang='lat' dir='ltr'><strong>naso</strong></span> <span class='ocrx_word' id='word_1_174' title='bbox 686 1273 844 1311; x_wconf 81' lang='lat' dir='ltr'><strong>simulque</strong></span> <span class='ocrx_word' id='word_1_175' title='bbox 871 1274 933 1302; x_wconf 79' lang='lat' dir='ltr'><strong>lato</strong></span> <span class='ocrx_word' id='word_1_176' title='bbox 954 1274 1100 1310; x_wconf 82' lang='lat' dir='ltr'><strong>praedila</strong></span> <span class='ocrx_word' id='word_1_177' title='bbox 1124 1273 1290 1312; x_wconf 62' lang='lat' dir='ltr'><strong>longisque</strong></span> <span class='ocrx_word' id='word_1_178' title='bbox 1313 1274 1424 1305; x_wconf 80' lang='lat' dir='ltr'><strong>oculis.</strong></span> 
     </span>
    </p>
   </div>
   <div class='ocr_carea' id='block_1_9' title="bbox 108 1329 1904 1748">
    <p class='ocr_par' dir='ltr' id='par_1_9' title="bbox 111 1329 1900 1420">
     <span class='ocr_line' id='line_1_19' title="bbox 111 1329 1900 1370; baseline 0.002 -10"><span class='ocrx_word' id='word_1_179' title='bbox 111 1332 144 1360; x_wconf 78' lang='lat'><strong>2.</strong></span> <span class='ocrx_word' id='word_1_180' title='bbox 191 1329 252 1360; x_wconf 82' lang='lat' dir='ltr'><strong>Cui</strong></span> <span class='ocrx_word' id='word_1_181' title='bbox 271 1340 307 1359; x_wconf 87' lang='lat' dir='ltr'><strong>os</strong></span> <span class='ocrx_word' id='word_1_182' title='bbox 328 1333 393 1367; x_wconf 83' lang='lat' dir='ltr'><strong>est,</strong></span> <span class='ocrx_word' id='word_1_183' title='bbox 422 1331 514 1359; x_wconf 81' lang='lat' dir='ltr'><strong>cuius</strong></span> <span class='ocrx_word' id='word_1_184' title='bbox 535 1330 596 1358; x_wconf 83' lang='lat' dir='ltr'><strong>duo</strong></span> <span class='ocrx_word' id='word_1_185' title='bbox 621 1329 734 1367; x_wconf 63' lang='lat' dir='ltr'><strong>anguli</strong></span> <span class='ocrx_word' id='word_1_186' title='bbox 760 1331 794 1358; x_wconf 80' lang='lat' dir='ltr'><strong>in</strong></span> <span class='ocrx_word' id='word_1_187' title='bbox 820 1330 963 1366; x_wconf 76' lang='lat' dir='ltr'><strong>accipitis</strong></span> <span class='ocrx_word' id='word_1_188' title='bbox 991 1329 1153 1367; x_wconf 78' lang='lat' dir='ltr'><strong>inferioris</strong></span> <span class='ocrx_word' id='word_1_189' title='bbox 1181 1329 1290 1357; x_wconf 80' lang='lat' dir='ltr'><strong>scrobe</strong></span> <span class='ocrx_word' id='word_1_190' title='bbox 1312 1333 1527 1364; x_wconf 78' lang='lat' dir='ltr'><strong>concurrunt,</strong></span> <span class='ocrx_word' id='word_1_191' title='bbox 1560 1333 1655 1370; x_wconf 79' lang='lat' dir='ltr'><strong>quasi</strong></span> <span class='ocrx_word' id='word_1_192' title='bbox 1687 1331 1802 1361; x_wconf 83' lang='lat' dir='ltr'><strong>labium</strong></span> <span class='ocrx_word' id='word_1_193' title='bbox 1831 1335 1900 1363; x_wconf 76' lang='lat' dir='ltr'><strong>eius</strong></span> 
     </span>
     <span class='ocr_line' id='line_1_20' title="bbox 879 1383 1129 1420; baseline -0.004 -8"><span class='ocrx_word' id='word_1_194' title='bbox 879 1383 1058 1420; x_wconf 79' lang='lat' dir='ltr'><strong>elephantis</strong></span> <span class='ocrx_word' id='word_1_195' title='bbox 1078 1384 1129 1412; x_wconf 83' lang='lat' dir='ltr'><strong>sit.</strong></span> 
     </span>
    </p>

    <p class='ocr_par' dir='ltr' id='par_1_10' title="bbox 108 1452 1904 1748">
     <span class='ocr_line' id='line_1_21' title="bbox 207 1452 1904 1495; baseline -0.001 -7"><span class='ocrx_word' id='word_1_196' title='bbox 207 1457 390 1488; x_wconf 81' lang='lat' dir='ltr'><strong>Deformem</strong></span> <span class='ocrx_word' id='word_1_197' title='bbox 417 1455 580 1485; x_wconf 86' lang='lat' dir='ltr'><strong>mulierem</strong></span> <span class='ocrx_word' id='word_1_198' title='bbox 608 1453 770 1484; x_wconf 85' lang='lat' dir='ltr'><strong>describit.</strong></span> <span class='ocrx_word' id='word_1_199' title='bbox 822 1453 909 1483; x_wconf 91' lang='lat' dir='ltr'><strong>Num</strong></span> <span class='ocrx_word' id='word_1_200' title='bbox 937 1453 1045 1492; x_wconf 89' lang='lat' dir='ltr'><strong>leprae</strong></span> <span class='ocrx_word' id='word_1_201' title='bbox 1071 1452 1217 1493; x_wconf 77' lang='lat' dir='ltr'><strong>punctis,</strong></span> <span class='ocrx_word' id='word_1_202' title='bbox 1247 1457 1282 1483; x_wconf 90' lang='lat' dir='ltr'><strong>ut</strong></span> <span class='ocrx_word' id='word_1_203' title='bbox 1309 1452 1500 1484; x_wconf 87' lang='lat' dir='ltr'><strong>scholiastes</strong></span> <span class='ocrx_word' id='word_1_204' title='bbox 1526 1454 1606 1495; x_wconf 78' lang='lat' dir='ltr'><strong>vult,</strong></span> <span class='ocrx_word' id='word_1_205' title='bbox 1633 1463 1673 1484; x_wconf 80' lang='lat' dir='ltr'><strong>an</strong></span> <span class='ocrx_word' id='word_1_206' title='bbox 1699 1455 1770 1484; x_wconf 85' lang='lat' dir='ltr'><strong>aliis</strong></span> <span class='ocrx_word' id='word_1_207' title='bbox 1795 1459 1904 1487; x_wconf 81' lang='lat' dir='ltr'><strong>notata</strong></span> 
     </span>
     <span class='ocr_line' id='line_1_22' title="bbox 109 1515 1903 1563; baseline -0.002 -11"><span class='ocrx_word' id='word_1_208' title='bbox 109 1521 164 1563; x_wconf 73' lang='lat' dir='ltr'><strong>sit,</strong></span> <span class='ocrx_word' id='word_1_209' title='bbox 191 1520 252 1551; x_wconf 89' lang='lat' dir='ltr'><strong>dici</strong></span> <span class='ocrx_word' id='word_1_210' title='bbox 278 1528 339 1549; x_wconf 91' lang='lat' dir='ltr'><strong>non</strong></span> <span class='ocrx_word' id='word_1_211' title='bbox 367 1522 487 1558; x_wconf 88' lang='lat' dir='ltr'><strong>potest.</strong></span> <span class='ocrx_word' id='word_1_212' title='bbox 522 1516 693 1547; x_wconf 86' lang='lat' dir='ltr'><strong>Ridentem</strong></span> <span class='ocrx_word' id='word_1_213' title='bbox 722 1525 791 1546; x_wconf 89' lang='lat' dir='ltr'><strong>eam</strong></span> <span class='ocrx_word' id='word_1_214' title='bbox 811 1525 960 1557; x_wconf 86' lang='lat' dir='ltr'><strong>magnum</strong></span> <span class='ocrx_word' id='word_1_215' title='bbox 980 1524 1017 1544; x_wconf 87' lang='lat' dir='ltr'><strong>os</strong></span> <span class='ocrx_word' id='word_1_216' title='bbox 1037 1519 1205 1555; x_wconf 83' lang='lat' dir='ltr'><strong>tantopere</strong></span> <span class='ocrx_word' id='word_1_217' title='bbox 1224 1518 1361 1557; x_wconf 73' lang='lat' dir='ltr'><strong>aperire,</strong></span> <span class='ocrx_word' id='word_1_218' title='bbox 1388 1520 1420 1546; x_wconf 90' lang='lat' dir='ltr'><strong>ut</strong></span> <span class='ocrx_word' id='word_1_219' title='bbox 1440 1516 1527 1546; x_wconf 84' lang='lat' dir='ltr'><strong>iecur</strong></span> <span class='ocrx_word' id='word_1_220' title='bbox 1542 1515 1705 1556; x_wconf 81' lang='lat' dir='ltr'><strong>adpareat,</strong></span> <span class='ocrx_word' id='word_1_221' title='bbox 1727 1515 1903 1557; x_wconf 63' lang='lat' dir='ltr'><strong>hyperbole</strong></span> 
     </span>
     <span class='ocr_line' id='line_1_23' title="bbox 108 1579 1903 1621; baseline -0.002 -7"><span class='ocrx_word' id='word_1_222' title='bbox 108 1587 168 1614; x_wconf 86' lang='lat' dir='ltr'><strong>est.</strong></span> <span class='ocrx_word' id='word_1_223' title='bbox 218 1583 329 1613; x_wconf 85' lang='lat' dir='ltr'><strong>Nasus</strong></span> <span class='ocrx_word' id='word_1_224' title='bbox 361 1585 465 1612; x_wconf 75' lang='lat' dir='ltr'><strong>aulem</strong></span> <span class='ocrx_word' id='word_1_225' title='bbox 493 1581 546 1621; x_wconf 92' lang='lat' dir='ltr'><strong>qui</strong></span> <span class='ocrx_word' id='word_1_226' title='bbox 572 1580 660 1610; x_wconf 88' lang='lat' dir='ltr'><strong>simul</strong></span> <span class='ocrx_word' id='word_1_227' title='bbox 687 1579 803 1620; x_wconf 86' lang='lat' dir='ltr'><strong>longus</strong></span> <span class='ocrx_word' id='word_1_228' title='bbox 831 1579 978 1618; x_wconf 79' lang='lat' dir='ltr'><strong>lutusque</strong></span> <span class='ocrx_word' id='word_1_229' title='bbox 1005 1582 1081 1618; x_wconf 83' lang='lat' dir='ltr'><strong>est,</strong></span> <span class='ocrx_word' id='word_1_230' title='bbox 1121 1584 1227 1609; x_wconf 83' lang='lat' dir='ltr'><strong>rostro</strong></span> <span class='ocrx_word' id='word_1_231' title='bbox 1267 1581 1333 1609; x_wconf 82' lang='lat' dir='ltr'><strong>suis</strong></span> <span class='ocrx_word' id='word_1_232' title='bbox 1365 1579 1540 1609; x_wconf 87' lang='lat' dir='ltr'><strong>simillimus</strong></span> <span class='ocrx_word' id='word_1_233' title='bbox 1579 1582 1638 1609; x_wconf 85' lang='lat' dir='ltr'><strong>est.</strong></span> <span class='ocrx_word' id='word_1_234' title='bbox 1689 1579 1794 1621; x_wconf 84' lang='lat' dir='ltr'><strong>Longi</strong></span> <span class='ocrx_word' id='word_1_235' title='bbox 1820 1581 1903 1611; x_wconf 79' lang='lat' dir='ltr'><strong>oculi</strong></span> 
     </span>
     <span class='ocr_line' id='line_1_24' title="bbox 109 1631 1903 1690; baseline -0.001 -15"><span class='ocrx_word' id='word_1_236' title='bbox 109 1644 231 1685; x_wconf 77' lang='lat' dir='ltr'><strong>pulchri</strong></span> <span class='ocrx_word' id='word_1_237' title='bbox 257 1654 318 1674; x_wconf 93' lang='lat' dir='ltr'><strong>non</strong></span> <span class='ocrx_word' id='word_1_238' title='bbox 344 1645 513 1674; x_wconf 84' lang='lat' dir='ltr'><strong>habentur.</strong></span> <span class='ocrx_word' id='word_1_239' title='bbox 564 1643 655 1673; x_wconf 87' lang='lat' dir='ltr'><strong>Loco</strong></span> <span class='ocrx_word' id='word_1_240' title='bbox 682 1643 851 1673; x_wconf 85' lang='lat' dir='ltr'><strong>verborum</strong></span> <span class='ocrx_word' id='word_1_241' title='bbox 879 1641 992 1671; x_wconf 88' lang='lat' dir='ltr'><strong>scholii</strong></span> <span class='ocrx_word' id='word_1_242' title='bbox 1018 1639 1096 1684; x_wconf 48' lang='grc' dir='ltr'><strong>ριζϋῖ</strong></span> <span class='ocrx_word' id='word_1_243' title='bbox 1127 1643 1182 1683; x_wconf 51' lang='grc' dir='ltr'><strong>3.ρέ</strong></span> <span class='ocrx_word' id='word_1_244' title='bbox 1210 1642 1240 1672; x_wconf 84' lang='grc' dir='ltr'><strong>ἰι]</strong></span> <span class='ocrx_word' id='word_1_245' title='bbox 1265 1642 1424 1672; x_wconf 81' lang='lat' dir='ltr'><strong>Mersukii</strong></span> <span class='ocrx_word' id='word_1_246' title='bbox 1451 1641 1562 1672; x_wconf 87' lang='lat' dir='ltr'><strong>codice</strong></span> <span class='ocrx_word' id='word_1_247' title='bbox 1580 1631 1678 1688; x_wconf 52' lang='lat' dir='ltr'><strong>fij-32</strong></span> <span class='ocrx_word' id='word_1_248' title='bbox 1704 1641 1799 1675; x_wconf 49' lang='lat' dir='ltr'><strong>„cols</strong></span> <span class='ocrx_word' id='word_1_249' title='bbox 1835 1642 1903 1690; x_wconf 67' lang='lat'><strong>015</strong></span> 
     </span>
     <span class='ocr_line' id='line_1_25' title="bbox 110 1694 1859 1748; baseline 0 -12"><span class='ocrx_word' id='word_1_250' title='bbox 110 1706 238 1748; x_wconf 83' lang='lat' dir='ltr'><strong>legitur,</strong></span> <span class='ocrx_word' id='word_1_251' title='bbox 270 1694 353 1745; x_wconf 72' lang='lat' dir='ltr'><strong>quae</strong></span> <span class='ocrx_word' id='word_1_252' title='bbox 379 1705 479 1734; x_wconf 88' lang='lat' dir='ltr'><strong>verba</strong></span> <span class='ocrx_word' id='word_1_253' title='bbox 505 1704 545 1734; x_wconf 85' lang='lat' dir='ltr'><strong>ad</strong></span> <span class='ocrx_word' id='word_1_254' title='bbox 572 1713 636 1734; x_wconf 88' lang='lat' dir='ltr'><strong>rem</strong></span> <span class='ocrx_word' id='word_1_255' title='bbox 663 1703 787 1743; x_wconf 82' lang='lat' dir='ltr'><strong>aptiora</strong></span> <span class='ocrx_word' id='word_1_256' title='bbox 814 1708 899 1733; x_wconf 91' lang='lat' dir='ltr'><strong>sunt.</strong></span> <span class='ocrx_word' id='word_1_257' title='bbox 949 1704 1092 1744; x_wconf 82' lang='lat' dir='ltr'><strong>Largum</strong></span> <span class='ocrx_word' id='word_1_258' title='bbox 1120 1713 1157 1733; x_wconf 89' lang='lat' dir='ltr'><strong>os</strong></span> <span class='ocrx_word' id='word_1_259' title='bbox 1185 1708 1217 1734; x_wconf 91' lang='lat' dir='ltr'><strong>et</strong></span> <span class='ocrx_word' id='word_1_260' title='bbox 1243 1712 1354 1736; x_wconf 84' lang='lat' dir='ltr'><strong>crassa</strong></span> <span class='ocrx_word' id='word_1_261' title='bbox 1381 1713 1504 1744; x_wconf 86' lang='lat' dir='ltr'><strong>quoque</strong></span> <span class='ocrx_word' id='word_1_262' title='bbox 1532 1704 1615 1736; x_wconf 82' lang='lat' dir='ltr'><strong>labia</strong></span> <span class='ocrx_word' id='word_1_263' title='bbox 1640 1705 1670 1736; x_wconf 86' lang='lat' dir='ltr'><strong>ei</strong></span> <span class='ocrx_word' id='word_1_264' title='bbox 1696 1705 1859 1737; x_wconf 85' lang='lat' dir='ltr'><strong>adscribit.</strong></span> 
     </span>
    </p>
   </div>
   <div class='ocr_carea' id='block_1_10' title="bbox 108 1801 1904 1886">
    <p class='ocr_par' dir='ltr' id='par_1_11' title="bbox 108 1801 1904 1886">
     <span class='ocr_line' id='line_1_26' title="bbox 108 1801 1904 1842; baseline -0.001 -9"><span class='ocrx_word' id='word_1_265' title='bbox 108 1804 143 1834; x_wconf 82' lang='lat'><strong>3.</strong></span> <span class='ocrx_word' id='word_1_266' title='bbox 186 1803 270 1833; x_wconf 83' lang='lat' dir='ltr'><strong>Eius</strong></span> <span class='ocrx_word' id='word_1_267' title='bbox 290 1804 409 1838; x_wconf 80' lang='lat' dir='ltr'><strong>dentes,</strong></span> <span class='ocrx_word' id='word_1_268' title='bbox 433 1812 528 1842; x_wconf 74' lang='lat' dir='ltr'><strong>quum</strong></span> <span class='ocrx_word' id='word_1_269' title='bbox 551 1806 724 1840; x_wconf 82' lang='lat' dir='ltr'><strong>crearetur,</strong></span> <span class='ocrx_word' id='word_1_270' title='bbox 748 1811 878 1831; x_wconf 83' lang='lat' dir='ltr'><strong>numero</strong></span> <span class='ocrx_word' id='word_1_271' title='bbox 901 1803 1042 1839; x_wconf 80' lang='lat' dir='ltr'><strong>duplices</strong></span> <span class='ocrx_word' id='word_1_272' title='bbox 1060 1804 1143 1842; x_wconf 81' lang='lat' dir='ltr'><strong>facti</strong></span> <span class='ocrx_word' id='word_1_273' title='bbox 1162 1805 1246 1837; x_wconf 82' lang='lat' dir='ltr'><strong>sunt,</strong></span> <span class='ocrx_word' id='word_1_274' title='bbox 1272 1803 1328 1840; x_wconf 83' lang='lat' dir='ltr'><strong>qui</strong></span> <span class='ocrx_word' id='word_1_275' title='bbox 1348 1802 1493 1831; x_wconf 71' lang='lat' dir='ltr'><strong>dentibus</strong></span> <span class='ocrx_word' id='word_1_276' title='bbox 1514 1801 1693 1841; x_wconf 73' lang='lat' dir='ltr'><strong>duplicibus</strong></span> <span class='ocrx_word' id='word_1_277' title='bbox 1706 1804 1801 1842; x_wconf 70' lang='lat' dir='ltr'><strong>qim-31¹</strong></span> <span class='ocrx_word' id='word_1_278' title='bbox 1819 1806 1904 1833; x_wconf 71' lang='lat' dir='ltr'><strong>veste</strong></span> 
     </span>
     <span class='ocr_line' id='line_1_27' title="bbox 799 1858 1211 1886; baseline 0.002 -1"><span class='ocrx_word' id='word_1_279' title='bbox 799 1860 935 1885; x_wconf 71' lang='lat' dir='ltr'><strong>eaelerna</strong></span> <span class='ocrx_word' id='word_1_280' title='bbox 956 1858 1107 1886; x_wconf 80' lang='lat' dir='ltr'><strong>instructi</strong></span> <span class='ocrx_word' id='word_1_281' title='bbox 1126 1859 1211 1886; x_wconf 83' lang='lat' dir='ltr'><strong>sunt.</strong></span> 
     </span>
    </p>
   </div>
   <div class='ocr_carea' id='block_1_11' title="bbox 110 1921 1902 2046">
    <p class='ocr_par' dir='ltr' id='par_1_12' title="bbox 110 1921 1902 2046">
     <span class='ocr_line' id='line_1_28' title="bbox 207 1921 1902 1975; baseline -0.001 -17"><span class='ocrx_word' id='word_1_282' title='bbox 207 1927 346 1958; x_wconf 80' lang='lat' dir='ltr'><strong>Foedum</strong></span> <span class='ocrx_word' id='word_1_283' title='bbox 374 1927 444 1957; x_wconf 86' lang='lat' dir='ltr'><strong>eius</strong></span> <span class='ocrx_word' id='word_1_284' title='bbox 471 1935 506 1957; x_wconf 89' lang='lat' dir='ltr'><strong>os</strong></span> <span class='ocrx_word' id='word_1_285' title='bbox 534 1925 695 1956; x_wconf 86' lang='lat' dir='ltr'><strong>describit.</strong></span> <span class='ocrx_word' id='word_1_286' title='bbox 749 1926 871 1956; x_wconf 84' lang='lat' dir='ltr'><strong>Vocem</strong></span> <span class='ocrx_word' id='word_1_287' title='bbox 900 1921 1024 1972; x_wconf 49' lang='lat' dir='ltr'><strong>wife-iza</strong></span> <span class='ocrx_word' id='word_1_288' title='bbox 1050 1925 1166 1966; x_wconf 83' lang='lat' dir='ltr'><strong>duplici</strong></span> <span class='ocrx_word' id='word_1_289' title='bbox 1196 1924 1289 1956; x_wconf 89' lang='lat' dir='ltr'><strong>modo</strong></span> <span class='ocrx_word' id='word_1_290' title='bbox 1318 1925 1504 1967; x_wconf 79' lang='lat' dir='ltr'><strong>explicant,</strong></span> <span class='ocrx_word' id='word_1_291' title='bbox 1540 1929 1596 1956; x_wconf 85' lang='lat' dir='ltr'><strong>aut</strong></span> <span class='ocrx_word' id='word_1_292' title='bbox 1621 1935 1640 1956; x_wconf 81' lang='lat' dir='ltr'><strong>a</strong></span> <span class='ocrx_word' id='word_1_293' title='bbox 1667 1925 1791 1956; x_wconf 88' lang='lat' dir='ltr'><strong>nomine</strong></span> <span class='ocrx_word' id='word_1_294' title='bbox 1817 1923 1902 1975; x_wconf 41' lang='lat' dir='ltr'><strong>&amp;ygh</strong></span> 
     </span>
     <span class='ocr_line' id='line_1_29' title="bbox 110 1989 1900 2046; baseline 0 -14"><span class='ocrx_word' id='word_1_295' title='bbox 110 2000 170 2039; x_wconf 73' lang='grc'><strong>(1)-</strong></span> <span class='ocrx_word' id='word_1_296' title='bbox 192 1997 305 2036; x_wconf 69' lang='lat'>8¹8.)</span> <span class='ocrx_word' id='word_1_297' title='bbox 348 2003 501 2041; x_wconf 80' lang='lat' dir='ltr'><strong>(externa</strong></span> <span class='ocrx_word' id='word_1_298' title='bbox 529 2003 635 2031; x_wconf 89' lang='lat' dir='ltr'><strong>vestis</strong></span> <span class='ocrx_word' id='word_1_299' title='bbox 662 2000 754 2041; x_wconf 86' lang='lat' dir='ltr'><strong>pars)</strong></span> <span class='ocrx_word' id='word_1_300' title='bbox 795 2000 929 2030; x_wconf 89' lang='lat' dir='ltr'><strong>verbum</strong></span> <span class='ocrx_word' id='word_1_301' title='bbox 948 1989 1036 2046; x_wconf 43' lang='grc' dir='ltr'><strong>Σεὲ,</strong></span> <span class='ocrx_word' id='word_1_302' title='bbox 1076 2006 1112 2031; x_wconf 80' lang='lat' dir='ltr'><strong>ut</strong></span> <span class='ocrx_word' id='word_1_303' title='bbox 1149 2011 1168 2032; x_wconf 84' lang='lat' dir='ltr'><strong>a</strong></span> <span class='ocrx_word' id='word_1_304' title='bbox 1201 2001 1327 2030; x_wconf 86' lang='lat' dir='ltr'><strong>nomine</strong></span> <span class='ocrx_word' id='word_1_305' title='bbox 1352 1996 1440 2029; x_wconf 62' lang='lat' dir='ltr'><strong>biii-[2³</strong></span> <span class='ocrx_word' id='word_1_306' title='bbox 1477 2000 1611 2031; x_wconf 86' lang='lat' dir='ltr'><strong>verbum</strong></span> <span class='ocrx_word' id='word_1_307' title='bbox 1632 1990 1705 2046; x_wconf 56' lang='lat' dir='ltr'><strong>OE?</strong></span> <span class='ocrx_word' id='word_1_308' title='bbox 1741 2002 1900 2044; x_wconf 79' lang='lat' dir='ltr'><strong>provenit,</strong></span> 
     </span>
    </p>
   </div>
   <div class='ocr_carea' id='block_1_12' title="bbox 111 2059 1900 2302">
    <p class='ocr_par' dir='ltr' id='par_1_13' title="bbox 111 2059 1900 2302">
     <span class='ocr_line' id='line_1_30' title="bbox 111 2059 1900 2124; baseline 0 -18"><span class='ocrx_word' id='word_1_309' title='bbox 111 2076 306 2115; x_wconf 77' lang='lat' dir='ltr'><strong>derivantes,</strong></span> <span class='ocrx_word' id='word_1_310' title='bbox 335 2082 368 2107; x_wconf 92' lang='lat' dir='ltr'><strong>ut</strong></span> <span class='ocrx_word' id='word_1_311' title='bbox 395 2076 509 2106; x_wconf 82' lang='lat' dir='ltr'><strong>dentes</strong></span> <span class='ocrx_word' id='word_1_312' title='bbox 533 2075 625 2106; x_wconf 86' lang='lat' dir='ltr'><strong>modo</strong></span> <span class='ocrx_word' id='word_1_313' title='bbox 652 2077 755 2105; x_wconf 78' lang='lat' dir='ltr'><strong>vestis</strong></span> <span class='ocrx_word' id='word_1_314' title='bbox 782 2074 962 2115; x_wconf 80' lang='lat' dir='ltr'><strong>duplicatae</strong></span> <span class='ocrx_word' id='word_1_315' title='bbox 988 2076 1052 2106; x_wconf 86' lang='lat' dir='ltr'><strong>sint</strong></span> <span class='ocrx_word' id='word_1_316' title='bbox 1078 2080 1134 2106; x_wconf 90' lang='lat' dir='ltr'><strong>aut</strong></span> <span class='ocrx_word' id='word_1_317' title='bbox 1162 2085 1231 2106; x_wconf 89' lang='lat' dir='ltr'><strong>cum</strong></span> <span class='ocrx_word' id='word_1_318' title='bbox 1258 2084 1340 2105; x_wconf 88' lang='lat' dir='ltr'><strong>voce</strong></span> <span class='ocrx_word' id='word_1_319' title='bbox 1368 2071 1439 2117; x_wconf 37' lang='grc' dir='ltr'><strong>,ᾗς-Ε</strong></span> <span class='ocrx_word' id='word_1_320' title='bbox 1465 2074 1642 2106; x_wconf 80' lang='lat' dir='ltr'><strong>adiutor</strong></span> <span class='ocrx_word' id='word_1_321' title='bbox 1676 2080 1709 2106; x_wconf 88' lang='lat' dir='ltr'><strong>et</strong></span> <span class='ocrx_word' id='word_1_322' title='bbox 1727 2059 1811 2121; x_wconf 50' lang='grc' dir='ltr'><strong><em>ΙΞ-ῗυ</em></strong></span> <span class='ocrx_word' id='word_1_323' title='bbox 1829 2087 1900 2124; x_wconf 36' lang='grc' dir='ltr'><strong>βαρ</strong></span> 
     </span>
     <span class='ocr_line' id='line_1_31' title="bbox 112 2136 1900 2179; baseline -0.001 -11"><span class='ocrx_word' id='word_1_324' title='bbox 112 2138 274 2177; x_wconf 78' lang='lat' dir='ltr'><strong>(camelus</strong></span> <span class='ocrx_word' id='word_1_325' title='bbox 302 2138 397 2168; x_wconf 90' lang='lat' dir='ltr'><strong>dorso</strong></span> <span class='ocrx_word' id='word_1_326' title='bbox 424 2138 556 2167; x_wconf 84' lang='lat' dir='ltr'><strong>robusto</strong></span> <span class='ocrx_word' id='word_1_327' title='bbox 585 2137 791 2178; x_wconf 82' lang='lat' dir='ltr'><strong>praeditus),</strong></span> <span class='ocrx_word' id='word_1_328' title='bbox 827 2138 999 2169; x_wconf 85' lang='lat' dir='ltr'><strong>cohaerere</strong></span> <span class='ocrx_word' id='word_1_329' title='bbox 1026 2144 1189 2179; x_wconf 82' lang='lat' dir='ltr'><strong>putantes.</strong></span> <span class='ocrx_word' id='word_1_330' title='bbox 1240 2139 1330 2169; x_wconf 89' lang='lat' dir='ltr'><strong>Prior</strong></span> <span class='ocrx_word' id='word_1_331' title='bbox 1356 2137 1536 2178; x_wconf 81' lang='lat' dir='ltr'><strong>explicandi</strong></span> <span class='ocrx_word' id='word_1_332' title='bbox 1561 2136 1672 2167; x_wconf 90' lang='lat' dir='ltr'><strong>modus</strong></span> <span class='ocrx_word' id='word_1_333' title='bbox 1699 2137 1770 2167; x_wconf 90' lang='lat' dir='ltr'><strong>mihi</strong></span> <span class='ocrx_word' id='word_1_334' title='bbox 1797 2137 1900 2179; x_wconf 85' lang='lat' dir='ltr'><strong>magis</strong></span> 
     </span>
     <span class='ocr_line' id='line_1_32' title="bbox 111 2198 1900 2245; baseline -0.002 -14"><span class='ocrx_word' id='word_1_335' title='bbox 111 2201 225 2240; x_wconf 86' lang='lat' dir='ltr'><strong>placet.</strong></span> <span class='ocrx_word' id='word_1_336' title='bbox 254 2200 457 2231; x_wconf 85' lang='lat' dir='ltr'><strong>Scholiastes</strong></span> <span class='ocrx_word' id='word_1_337' title='bbox 478 2200 607 2230; x_wconf 89' lang='lat' dir='ltr'><strong>formam</strong></span> <span class='ocrx_word' id='word_1_338' title='bbox 626 2202 716 2230; x_wconf 89' lang='lat' dir='ltr'><strong>vocis</strong></span> <span class='ocrx_word' id='word_1_339' title='bbox 733 2198 834 2245; x_wconf 39' lang='lat'><strong>3292)</strong></span> <span class='ocrx_word' id='word_1_340' title='bbox 853 2201 1020 2240; x_wconf 82' lang='lat' dir='ltr'><strong>explicans</strong></span> <span class='ocrx_word' id='word_1_341' title='bbox 1038 2200 1138 2232; x_wconf 86' lang='lat' dir='ltr'><strong>verba</strong></span> <span class='ocrx_word' id='word_1_342' title='bbox 1159 2205 1275 2241; x_wconf 87' lang='lat' dir='ltr'><strong>poetae</strong></span> <span class='ocrx_word' id='word_1_343' title='bbox 1293 2199 1405 2232; x_wconf 81' lang='lat' dir='ltr'><strong>adtulit</strong></span> <span class='ocrx_word' id='word_1_344' title='bbox 1432 2198 1714 2240; x_wconf 77' lang='lat' dir='ltr'><strong>(metr.Redjes):</strong></span> <span class='ocrx_word' id='word_1_345' title='bbox 1743 2198 1770 2230; x_wconf 91' lang='grc' dir='ltr'>Ο</span> <span class='ocrx_word' id='word_1_346' title='bbox 1784 2208 1803 2229; x_wconf 90' lang='lat' dir='ltr'><strong>c</strong></span> <span class='ocrx_word' id='word_1_347' title='bbox 1816 2199 1900 2229; x_wconf 85' lang='lat' dir='ltr'><strong>ulis</strong></span> 
     </span>
     <span class='ocr_line' id='line_1_33' title="bbox 111 2262 1001 2302; baseline -0.001 -9"><span class='ocrx_word' id='word_1_348' title='bbox 111 2263 321 2294; x_wconf 82' lang='lat' dir='ltr'><strong>festucas</strong></span> <span class='ocrx_word' id='word_1_349' title='bbox 357 2267 558 2302; x_wconf 83' lang='lat' dir='ltr'><strong>tanquam</strong></span> <span class='ocrx_word' id='word_1_350' title='bbox 587 2262 812 2301; x_wconf 84' lang='lat' dir='ltr'><strong>collyrium</strong></span> <span class='ocrx_word' id='word_1_351' title='bbox 841 2263 1001 2293; x_wconf 85' lang='lat' dir='ltr'><strong>illevit.</strong></span> 
     </span>
    </p>
   </div>
   <div class='ocr_carea' id='block_1_13' title="bbox 851 2369 1153 2456">
    <p class='ocr_par' dir='ltr' id='par_1_14' title="bbox 851 2369 1153 2456">
     <span class='ocr_line' id='line_1_34' title="bbox 975 2369 1033 2401; baseline -0.017 0"><span class='ocrx_word' id='word_1_352' title='bbox 975 2369 1033 2401; x_wconf 67' lang='lat' dir='ltr'><strong>X.</strong></span> 
     </span>
     <span class='ocr_line' id='line_1_35' title="bbox 851 2420 1153 2456; baseline -0.007 -1"><span class='ocrx_word' id='word_1_353' title='bbox 851 2420 992 2456; x_wconf 57' lang='lat' dir='ltr'><strong>,Anus</strong></span> <span class='ocrx_word' id='word_1_354' title='bbox 1015 2420 1153 2454; x_wconf 73' lang='lat' dir='ltr'><strong>«lixit.</strong></span> 
     </span>
    </p>
   </div>
   <div class='ocr_carea' id='block_1_14' title="bbox 116 2487 1727 2532">
    <p class='ocr_par' dir='ltr' id='par_1_15' title="bbox 116 2487 1727 2532">
     <span class='ocr_line' id='line_1_36' title="bbox 116 2487 1727 2532; baseline -0.004 -9"><span class='ocrx_word' id='word_1_355' title='bbox 116 2494 142 2522; x_wconf 85' lang='lat' dir='ltr'><strong>I.</strong></span> <span class='ocrx_word' id='word_1_356' title='bbox 188 2493 249 2523; x_wconf 74' lang='lat' dir='ltr'><strong>Abi</strong></span> <span class='ocrx_word' id='word_1_357' title='bbox 268 2504 286 2522; x_wconf 89' lang='grc' dir='ltr'><em>α</em></span> <span class='ocrx_word' id='word_1_358' title='bbox 308 2503 355 2522; x_wconf 87' lang='lat' dir='ltr'><strong>me</strong></span> <span class='ocrx_word' id='word_1_359' title='bbox 379 2497 425 2532; x_wconf 74' lang='lat' dir='ltr'><strong>lu,</strong></span> <span class='ocrx_word' id='word_1_360' title='bbox 450 2495 504 2531; x_wconf 82' lang='lat' dir='ltr'><strong>qui</strong></span> <span class='ocrx_word' id='word_1_361' title='bbox 524 2494 655 2529; x_wconf 79' lang='lat' dir='ltr'><strong>porielis</strong></span> <span class='ocrx_word' id='word_1_362' title='bbox 673 2493 809 2531; x_wconf 76' lang='lat' dir='ltr'><strong>formam</strong></span> <span class='ocrx_word' id='word_1_363' title='bbox 833 2491 930 2520; x_wconf 78' lang='lat' dir='ltr'><strong>lmbes</strong></span> <span class='ocrx_word' id='word_1_364' title='bbox 951 2494 981 2520; x_wconf 82' lang='lat' dir='ltr'><strong>et</strong></span> <span class='ocrx_word' id='word_1_365' title='bbox 1002 2491 1206 2528; x_wconf 62' lang='lat' dir='ltr'><strong>lonqinqmmz</strong></span> <span class='ocrx_word' id='word_1_366' title='bbox 1229 2491 1378 2518; x_wconf 49' lang='lat' dir='ltr'><strong>recitandi</strong></span> <span class='ocrx_word' id='word_1_367' title='bbox 1397 2490 1498 2519; x_wconf 80' lang='lat' dir='ltr'><strong>Iocum</strong></span> <span class='ocrx_word' id='word_1_368' title='bbox 1520 2491 1600 2519; x_wconf 79' lang='lat' dir='ltr'><strong>milti</strong></span> <span class='ocrx_word' id='word_1_369' title='bbox 1621 2487 1727 2519; x_wconf 81' lang='lat' dir='ltr'><strong>dona!</strong></span> 
     </span>
    </p>
   </div>
   <div class='ocr_carea' id='block_1_15' title="bbox 213 2555 1892 2603">
    <p class='ocr_par' dir='ltr' id='par_1_16' title="bbox 213 2555 1892 2603">
     <span class='ocr_line' id='line_1_37' title="bbox 213 2555 1892 2603; baseline -0.004 -10"><span class='ocrx_word' id='word_1_370' title='bbox 213 2562 321 2603; x_wconf 75' lang='lat' dir='ltr'><strong>Optat,</strong></span> <span class='ocrx_word' id='word_1_371' title='bbox 349 2567 381 2593; x_wconf 85' lang='lat' dir='ltr'><strong>ut</strong></span> <span class='ocrx_word' id='word_1_372' title='bbox 409 2572 498 2599; x_wconf 82' lang='lat' dir='ltr'><strong>uxor,</strong></span> <span class='ocrx_word' id='word_1_373' title='bbox 527 2561 578 2592; x_wconf 85' lang='lat' dir='ltr'><strong>cui</strong></span> <span class='ocrx_word' id='word_1_374' title='bbox 606 2560 717 2591; x_wconf 85' lang='lat' dir='ltr'><strong>foedus</strong></span> <span class='ocrx_word' id='word_1_375' title='bbox 745 2560 922 2600; x_wconf 81' lang='lat' dir='ltr'><strong>adspectus</strong></span> <span class='ocrx_word' id='word_1_376' title='bbox 949 2561 1013 2597; x_wconf 82' lang='lat' dir='ltr'><strong>sit,</strong></span> <span class='ocrx_word' id='word_1_377' title='bbox 1042 2560 1070 2589; x_wconf 90' lang='lat' dir='ltr'><strong>in</strong></span> <span class='ocrx_word' id='word_1_378' title='bbox 1090 2559 1193 2590; x_wconf 84' lang='lat' dir='ltr'><strong>locum</strong></span> <span class='ocrx_word' id='word_1_379' title='bbox 1212 2559 1307 2601; x_wconf 85' lang='lat' dir='ltr'><strong>longe</strong></span> <span class='ocrx_word' id='word_1_380' title='bbox 1327 2564 1480 2590; x_wconf 81' lang='lat' dir='ltr'><strong>remotum</strong></span> <span class='ocrx_word' id='word_1_381' title='bbox 1499 2559 1602 2591; x_wconf 84' lang='lat' dir='ltr'><strong>abeat.</strong></span> <span class='ocrx_word' id='word_1_382' title='bbox 1634 2558 1668 2587; x_wconf 93' lang='lat' dir='ltr'><strong>In</strong></span> <span class='ocrx_word' id='word_1_383' title='bbox 1688 2557 1779 2588; x_wconf 85' lang='lat' dir='ltr'><strong>vocis</strong></span> <span class='ocrx_word' id='word_1_384' title='bbox 1800 2555 1892 2599; x_wconf 51' lang='lat'><strong>&gt;⁸0⁵5</strong></span> 
     </span>
    </p>
   </div>
  </div>
 </body>
</html>
