2155 2892
928 149 1193 180 —123—

169 252 245 282 des
273 260 471 291 proceres
500 252 613 281 inter
642 250 829 280 homines
858 249 1011 279 Fudhlo
1039 249 1277 278 submissos
1299 249 1635 287 quotiescunque
1660 252 1858 288 apparet3
1887 248 1954 277 sed

168 314 345 344 Fadhlus
374 314 454 343 Deo
481 313 730 342 submissus
759 316 844 349 0⁸¹3
882 321 925 339 se
952 311 1171 348 submisit,
1200 320 1315 350 quum
1344 311 1456 340 nous
1485 321 1570 341 eum
1600 312 1734 351 magis
1762 311 1954 342 exaltas-

166 383 232 407 set
259 382 295 406 et
323 376 430 416 apud
458 376 568 405 illum
597 373 780 413 quilibet
807 374 924 404 altus
952 373 1196 403 submissus
1225 378 1302 404 est.

169 474 193 502 1.
220 474 288 503 Heu
311 474 360 502 le!
378 474 414 502 ob
433 474 581 510 yerm'lum
607 473 761 509 timentis,
791 473 846 509 qni
867 473 1054 499 vicinitatem
1078 475 1162 499 litam
1186 472 1358 501 desideral.
1385 471 1508 508 qmrmln
1533 480 1620 498 nemo
1643 475 1702 505 est,
1731 469 1745 510 (
1757 479 1800 510 ΙΙ.
1825 467 1955 511 18¹.)

772 527 827 562 qui
847 527 878 552 in
903 527 1090 553 rii-initatmn
1113 535 1181 553 eum
1207 527 1346 561 reciflial.

266 583 331 613 Viri
365 587 492 612 mortem
521 580 663 619 deplorat
692 580 917 610 benoth-‚iorum
956 582 1146 610 mentionem
1185 582 1315 612 faciens,
1356 582 1468 619 quibus
1506 581 1614 620 egenis
1651 581 1801 610 auxilium
1838 582 1955 612 tulerit.

167 646 214 675 De
240 655 321 675 voce
347 641 428 691 25⁹³}
457 644 605 673 conseras
636 645 724 673 llam.
756 653 784 682 p.
815 644 834 672 ΙἹ
864 654 893 673 v.
929 644 955 673 l.
1021 644 1295 683 l'rnepositionent
1319 641 1337 678 ὁ
1366 644 1393 672 in
1433 653 1512 672 voce
1544 640 1615 672 xxi-U
1649 652 1720 672 cum
1755 652 1870 679 sensu,
1907 643 1957 681 qui

165 709 238 738 voci
263 705 342 754 &²24
371 709 452 744 insit,
481 709 663 739 cohaerere.
693 707 887 737 scholiastes
915 707 1003 737 dixit.
1057 708 1196 737 Sensum
1226 707 1396 736 verborum
1425 708 1474 735 sic
1503 705 1758 735 constituendum
1787 715 1879 734 esse:
1911 705 1957 734 Te

166 780 261 812 gemo
288 770 327 800 ob
354 771 505 812 gemitum
523 771 593 809 viri,
622 773 686 809 qui,
715 780 809 809 quum
832 776 943 800 contra
972 771 1124 810 temporis
1153 769 1366 800 calamitatem
1396 769 1434 799 ad
1464 774 1495 799 te
1515 768 1690 809 confugere
1711 768 1817 808 vellet,
1847 774 1878 797 te
1897 778 1958 797 uon

165 834 294 863 invenit.
347 833 545 864 scholiastes
573 834 657 872 dicit,
683 843 794 863 vocem
822 843 903 879 04>
931 834 1029 863 verbo
1056 845 1139 879 ‹5³⁴9-
1171 834 1303 872 tempori
1332 832 1510 863 deliniendo
1538 834 1706 874 inservire,
1735 842 1846 863 vocem
1873 837 1958 879 6³²²*

166 901 273 926 autem
303 896 372 925 voci
400 893 507 931 Q&
533 897 603 926 loco
631 896 779 926 adiectivi
808 906 894 937 esse,
923 896 1137 935 praedicatum
1166 896 1300 935 denique
1330 896 1419 925 verbi
1446 894 1518 936 0⁸:⁴23
1548 897 1701 926 omissum
1736 906 1829 938 esse,
1871 901 1960 937 quasi

167 959 298 989 dixerit:
339 969 421 989 »non
448 964 498 989 est
525 959 553 988 in
581 959 775 988 vicinitatem
803 958 963 997 recipiens
991 958 1028 986 in
1057 957 1196 987 mundo
1224 963 1277 987 aut
1306 960 1369 996 qui
1400 968 1487 987 eum
1514 958 1730 988 cadentem
1759 958 1878 988 tollat
1905 962 1958 989 aut

166 1023 241 1053 huic
268 1023 370 1052 simile
397 1022 501 1061 quid«.
555 1022 673 1051 Vocem
702 1032 783 1066 04>
810 1021 968 1050 Mersukii
997 1020 1095 1049 verba
1123 1020 1276 1049 adhibens
1304 1020 1495 1050 scholiastes
1523 1021 1571 1050 sic
1600 1021 1756 1060 explicat:
1786 1022 1860 1051 Vox
1877 1032 1958 1067 0³²>

167 1095 239 1115 cum
277 1095 360 1115 voce
389 1082 461 1126 &2³5
496 1086 661 1115 coniuncta
696 1090 756 1115 est.
818 1085 895 1114 'l'um
930 1083 1155 1113 indeclinabilis
1194 1081 1310 1124 (conf.
1340 1082 1450 1113 Grani.
1481 1084 1536 1113 Ar.
1565 1084 1601 1113 Τ.
1630 1085 1652 1113 Ι.
1681 1094 1710 1123 p.
1740 1081 1839 1127 394.)
1874 1084 1960 1115 tacta

169 1153 240 1186 est,
280 1147 362 1187 quod
396 1158 461 1178 vox
499 1145 571 1188 oe-ej
611 1157 681 1178 cum
717 1158 755 1178 ea
790 1150 957 1178 coniuncta
994 1156 1124 1176 casuum
1163 1147 1366 1176 mutationem
1403 1156 1464 1176 non
1499 1146 1635 1177 admittit
1670 1146 1792 1185 (conf.
1830 1147 1958 1177 Anthol.

169 1219 271 1250 gram.
304 1220 332 1250 p.
361 1213 406 1240 θ’θ’
434 1211 452 1240 l.
482 1210 503 1240 9
531 1216 561 1240 et
589 1220 618 1250 p.
647 1211 676 1238 Ἰν
705 1210 805 1249 infr.).
861 1209 934 1239 lude
962 1219 1028 1239 vox
1055 1208 1285 1238 indeclinabilis
1314 1208 1400 1238 sacta
1428 1214 1480 1238 est
1511 1214 1541 1239 et
1572 1209 1694 1239 vocatis
1729 1208 1832 1239 Fatha
1861 1218 1959 1239 causa

169 1276 199 1303 in
228 1282 266 1302 eo
296 1273 477 1312 quaerenda
504 1278 573 1313 est,
613 1273 695 1312 quod
723 1272 947 1302 indeclinabilis
975 1272 1029 1309 sit,
1058 1272 1147 1310 quasi
1177 1272 1259 1312 eius,
1288 1271 1372 1312 quod
1400 1272 1559 1312 regularis
1587 1274 1649 1312 sit,
1687 1272 1810 1301 nonnisi
1839 1271 1960 1301 ratione

169 1334 287 1376 habita,
316 1344 426 1365 vocern
454 1345 523 1366 cum
550 1340 709 1374 sequente
737 1335 935 1365 coniunctam
962 1343 1022 1363 non
1051 1343 1127 1363 esse
1155 1334 1326 1372 putaverit.

171 1433 201 1461 2.
226 1431 382 1469 Sepulcra
400 1435 529 1469 propter
551 1433 740 1460 ricinilatem
763 1432 904 1468 sepulcri
926 1433 973 1460 Ιιιί
990 1433 1194 1470 frequentata
1215 1434 1300 1463 sunt,
1327 1431 1399 1460 dum
1423 1432 1534 1460 (lomus
1557 1431 1705 1468 sepulcra
1727 1434 1812 1460 sunl.

272 1500 377 1539 Quum
405 1507 544 1531 mortuus
573 1502 716 1530 omuibus
744 1501 920 1530 hominibus
947 1501 1165 1539 benefecerit,
1201 1500 1239 1530 ad
1267 1501 1447 1539 sepulerum
1477 1501 1642 1531 visitatum
1672 1501 1822 1540 veniunt,
1858 1501 1901 1530 ita
1929 1504 1963 1530 ut

171 1564 293 1603 domus,
321 1563 431 1593 incolis
459 1563 659 1600 abeuntibus,
696 1563 854 1593 hominum
884 1563 1061 1602 frequentia
1089 1562 1264 1592 destitutae
1290 1564 1449 1602 sepulcris
1477 1563 1597 1593 similes
1635 1564 1708 1593 sint.
1761 1562 1962 1593 Scholiastes

171 1626 307 1666 putavit,
334 1631 472 1665 poetam,
502 1626 576 1656 licet
604 1636 668 1656 vox
690 1629 737 1670 :03
764 1627 894 1668 generis
923 1626 1086 1656 masculini
1111 1626 1170 1662 sit,
1200 1624 1337 1654 feminini
1365 1625 1516 1663 pluralem
1542 1624 1637 1665 Qus-3335
1667 1634 1735 1655 cum
1763 1634 1802 1654 ea
1828 1625 1963 1654 coniun-

172 1688 282 1726 xisse,
320 1688 403 1726 quod
437 1688 537 1718 formu
572 1688 703 1728 pluralis
739 1690 808 1731 ,543
846 1690 943 1719 multa
977 1688 1126 1727 sepulcra
1160 1684 1256 1729 (conf.
1285 1686 1395 1717 Gram.
1422 1687 1478 1716 Ar.
1507 1687 1543 1716 T.
1572 1688 1596 1727 1,
1624 1697 1653 1726 p.
1686 1683 1785 1729 372.)
1813 1687 1964 1727 designet

173 1750 297 1788 (conf.
330 1749 440 1781 Gram.
462 1751 517 1780 Ar.
537 1752 573 1781 T.
590 1752 625 1780 11.
643 1762 671 1791 p.
690 1752 760 1782 265
777 1753 854 1791 sq).
910 1751 988 1781 Voci
1018 1749 1114 1791 w&
1143 1750 1305 1780 Nunnatio
1334 1750 1425 1779 metri
1453 1759 1550 1779 causa
1578 1749 1650 1780 data
1677 1754 1737 1779 est.
1764 1748 1966 1779 Scholiastes

174 1811 352 1852 adnotavit,
381 1819 507 1851 poetam
535 1813 564 1842 in
593 1815 770 1853 posteriore
799 1822 916 1843 versus
946 1817 1036 1851 parte
1063 1812 1162 1842 verba
1193 1821 1252 1841 non
1280 1812 1477 1853 adhibuisse,
1506 1821 1587 1851 quae
1614 1813 1723 1842 verbis
1751 1812 1907 1851 oppositis
1935 1812 1966 1841 in

175 1875 279 1914 priore
307 1880 397 1914 parta
423 1883 498 1914 apta
517 1882 626 1904 essent
643 1874 734 1917 (eon
746 1876 766 1905 f.
783 1876 987 1916 Darstellung
999 1876 1032 1915 d,
1045 1877 1141 1906 Arab.
1155 1877 1273 1923 Versk.
1290 1886 1318 1915 p.
1333 1875 1445 1915 532),
1474 1876 1532 1905 sed
1561 1885 1643 1905 voce
1671 1885 1764 1905 usum
1784 1885 1854 1905 eum
1881 1884 1964 1916 esse,

175 1944 254 1975 quae
283 1946 410 1967 sensum
437 1938 477 1966 illi
507 1943 614 1976 aptum
643 1937 804 1967 indicaret.
859 1938 973 1967 Dicere
993 1938 1071 1975 vult,
1099 1947 1191 1977 quum
1218 1948 1283 1968 vox
1295 1940 1364 1983 „73
1392 1938 1421 1967 in
1448 1938 1625 1976 posteriore
1652 1942 1742 1976 parte
1772 1946 1871 1967 seusu
1896 1939 1968 1968 voci

174 1997 271 2038 &3³9⁸
299 1999 444 2038 opposita
471 2009 532 2028 non
558 2000 612 2039 sit,
640 2005 766 2039 poetam
794 2000 904 2030 melius
934 2010 1046 2030 vocem
1076 2001 1177 2041 3⁹²²»
1207 2001 1415 2031 adhibiturum
1444 2000 1554 2030 fuisse.
1620 1999 1795 2038 Quominus
1831 2000 1966 2041 faceret,

176 2061 413 2091 homoioteleuti
440 2065 518 2092 ratio
545 2063 720 2102 impedivit.

175 2157 206 2186 3.
231 2156 349 2185 Jlerila
372 2159 438 2185 eins
461 2167 554 2196 quum
579 2161 756 2188 communia
779 2162 851 2193 sint,
878 2170 974 2191 casus
998 2162 1064 2188 eius
1087 2162 1258 2189 communis
1281 2163 1336 2189 est.
1382 2159 1498 2189 Omnes
1519 2162 1616 2197 iyitnr
1639 2160 1780 2188 homines
1801 2162 1868 2188 eius
1891 2170 1968 2188 casu

982 2215 1185 2252 mlsliqunlur.

276 2267 420 2296 Maxima
447 2268 512 2298 eius
542 2272 652 2300 merita
679 2270 707 2299 in
737 2270 878 2300 homines
907 2279 983 2299 esse
1012 2269 1096 2308 dicit,
1125 2276 1159 2300 ut
1185 2280 1294 2300 omnes
1325 2270 1467 2300 homines
1493 2270 1563 2300 eius
1591 2279 1669 2300 casu
1698 2269 1817 2299 adflicti
1847 2269 1917 2298 sint.

178 2365 210 2393 4.
239 2364 319 2393 Eius
341 2374 461 2402 quoque.
485 2365 604 2401 linqua,
627 2368 659 2394 in
683 2377 772 2405 quem
797 2368 943 2405 beneficia
968 2376 1030 2396 mm
1043 2369 1213 2398 contulisti.
1240 2372 1268 2396 te
1280 2368 1397 2402 laudat,
1422 2371 1589 2405 propterea
1602 2367 1686 2405 qnod
1695 2367 1788 2394 laude
1799 2366 1914 2402 dignus
1925 2375 1967 2395 εε.

302 2437 338 2467 Si
375 2444 527 2468 mortuum
566 2448 656 2468 nemo
695 2440 818 2482 laudat,
856 2442 915 2471 nisi
950 2442 1001 2480 qui
1039 2441 1229 2471 heneficium
1263 2441 1301 2470 ab
1328 2450 1366 2471 eo
1401 2441 1540 2479 accepit,
1569 2440 1627 2469 hoc
1654 2443 1745 2480 grato
1773 2439 1842 2468 eius
1868 2439 1968 2468 animo

178 2500 270 2529 tribui
300 2506 407 2540 potest
434 2505 465 2531 et
491 2487 557 2530 sieri
586 2502 682 2541 solet,
710 2507 744 2532 ut
769 2503 923 2533 interdum
951 2503 1029 2532 hanc
1056 2503 1095 2532 ob
1121 2511 1248 2532 causam
1276 2501 1423 2541 indignus
1451 2501 1614 2535 laudetur:
1650 2499 1709 2529 sed
1734 2509 1774 2529 ex
1801 2509 1858 2539 eo,
1888 2500 1969 2539 quod

179 2562 209 2598 ii,
236 2562 264 2590 in
294 2571 375 2601 quos
403 2562 555 2592 beneficia
583 2573 642 2592 uon
670 2565 870 2605 contulisset,
898 2564 991 2595 laude
1019 2574 1091 2594 eum
1120 2569 1280 2602 ornarent,
1309 2571 1380 2591 eum
1409 2572 1450 2591 ex
1478 2564 1562 2591 omni
1590 2566 1681 2601 parte
1696 2565 1826 2600 propter
1853 2561 1968 2591 merita

179 2631 238 2652 sua
268 2623 469 2662 virtutesque
497 2625 589 2654 laude
617 2624 746 2665 dignum
773 2634 861 2666 esse,
891 2612 1046 2667 cogn⁰osci
1074 2630 1193 2665 potest.
