2155 2892
877 155 1147 186 —537—

118 259 261 297 loeus,
313 256 377 286 ubi
416 256 507 286 eius
549 255 702 288 cameli
728 254 904 294 cubant,
947 258 1111 284 amatus
1150 257 1233 294 est3
1276 255 1350 285 sed
1389 258 1576 286 camelae
1614 267 1757 298 niagno
1785 259 1911 298 gibbo

122 321 354 362 praeditae
381 330 562 360 exosus;
581 325 620 350 at
645 328 749 349 vero
777 319 897 348 «initis
916 317 1176 358 prudentior
1205 321 1280 347 est.
1300 318 1409 347 eont'.
1427 318 1583 347 nanum.
1605 320 1636 347 tn
1658 320 1825 358 proverbio
1840 325 1909 351 est:

123 384 243 414 »Canis
279 393 320 412 ex
347 383 492 412 omnibus
526 382 633 422 gentis
669 391 749 410 suae
777 381 953 410 hominibus
981 381 1118 410 maxime
1144 380 1247 419 diligit
1275 383 1335 410 iter
1363 382 1553 410 facientem«
1571 404 1578 413 ,
1621 383 1700 421 qnod
1736 386 1766 412 in
1799 384 1911 414 itinere

121 456 196 477 caro
225 447 424 485 pereuntium
452 443 641 474 camelorum
669 442 736 472 cani
765 443 835 472 cibo
863 446 912 472 est
933 442 1034 480 (cons.
1066 443 1161 473 Meid.
1191 444 1228 472 C.
1259 444 1291 481 6,
1321 444 1395 481 43.)
1424 450 1455 473 et
1487 446 1682 475 »annmde
1709 447 1787 475 vivit
1823 449 1910 476 tanis

121 514 265 547 tempore
297 506 486 537 calamitatis
512 505 663 546 gentis3tt
695 505 802 546 gentis
830 507 911 534 enim
942 508 1078 536 maxima
1106 505 1271 535 calamitas
1293 515 1330 535 eo
1355 507 1511 545 consistit,
1534 508 1614 546 quod
1642 508 1750 537 cameli
1778 515 1912 548 pereunt

123 570 229 600 conl.
258 569 355 599 Meid.
387 568 424 598 C.
453 568 512 610 25,
544 567 596 596 19.

980 664 1060 696 ΧΙ.

562 729 713 764 sunm
743 730 782 763 b.
814 730 1023 764 Kolss'an
1047 730 1328 765 Annibal-ita
1352 731 1489 766 «lixit.

123 804 151 832 1.
194 802 245 833 ,Ne
268 812 316 831 me
339 802 422 830 dorm
442 801 566 829 dantem
590 803 747 837 vituperes
767 803 797 828 el
818 802 903 828 omni
924 800 1049 833 caniolo,
1074 809 1163 838 quem
1187 802 1257 838 quis
1279 811 1298 829 a
1320 810 1369 829 me
1387 803 1476 840 pem,
1496 803 1606 840 sunem
1629 807 1776 839 paralum
1800 805 1897 833 habe!

236 871 374 901 Uxorem
409 870 598 909 alloquitur,
636 878 718 908 quae
745 869 814 898 eius
843 869 1022 899 liberalitati
1050 868 1132 898 band
1160 869 1266 899 statim
1295 879 1386 909 opem
1415 870 1521 899 serens
1558 877 1683 910 poetam
1725 874 1762 902 ob
1790 874 1915 904 nimiam

122 934 337 965 liberalitatem
365 932 616 970 vituperaverat.
681 931 729 960 Ad
765 936 891 970 poetam
925 941 1038 971 nempe
1066 932 1164 961 frater
1199 932 1308 961 uxoris
1336 933 1497 963 accedens
1525 936 1679 964 camelum
1710 935 1791 965 dono
1819 946 1916 966 acce-

125 1000 305 1036 perat,tuin
336 995 466 1023 alterum
494 997 525 1022 et
552 992 686 1031 denique
714 993 852 1022 tertium.
881 992 968 1022 Uxor
987 994 1073 1023 iussa
1092 994 1130 1023 ad
1159 994 1239 1024 duos
1266 995 1387 1034 priores
1415 995 1603 1035 adligandos
1629 997 1734 1027 sunem
1764 998 1916 1037 adporta-

127 1062 240 1096 verat3
269 1056 326 1086 sed
354 1057 383 1085 in
412 1056 505 1086 tertio
534 1064 570 1084 se
598 1055 716 1084 nullum
744 1054 860 1084 habere
887 1054 997 1085 dicens
1026 1061 1238 1086 recusaverat
1266 1062 1297 1086 et
1328 1066 1418 1095 quum
1452 1058 1560 1087 verbis
1592 1059 1685 1088 »milii
1714 1061 1837 1097 cameli,
1865 1059 1918 1089 tibi

124 1120 217 1150 funes
246 1119 374 1159 parandi
401 1121 508 1158 sunt,«
527 1127 597 1147 eam
625 1117 784 1146 allocutus
812 1120 912 1155 esset,
940 1118 1045 1148 velum
1074 1119 1102 1148 ei
1130 1119 1319 1159 projecerat.
1348 1120 1418 1149 liae
1433 1126 1538 1151 autem
1564 1132 1616 1151 res
1645 1123 1792 1152 versibus
1810 1132 1917 1153 ansam

125 1183 290 1213 dederuut.

125 1269 157 1297 2.
201 1267 285 1296 *Yam
314 1269 383 1296 eius
411 1267 525 1296 cameli
550 1268 675 1296 iuvenci
705 1276 753 1295 me
782 1275 844 1295 non
873 1266 1095 1304 deplorabunt,
1131 1275 1226 1304 quum
1255 1267 1288 1294 in
1309 1269 1415 1303 pralo,
1447 1267 1501 1295 ubi
1529 1272 1775 1304 commorantur,
1816 1270 1921 1299 herbis

916 1322 1026 1349 satiati
1053 1324 1137 1349 sunl.

232 1389 391 1431 Causam,
427 1401 482 1421 cur
510 1391 638 1420 camelis
666 1390 750 1420 haud
776 1394 917 1429 paroeat,
946 1389 1042 1419 addit.
1096 1389 1310 1431 SclioliasteS,
1338 1390 1495 1430 duplicem
1523 1391 1551 1420 in
1579 1392 1687 1422 verbis
1715 1401 1846 1422 sensnm
1873 1393 1923 1422 in-

127 1453 227 1482 veniri
258 1462 366 1492 posse,
395 1453 562 1483 adnotavit
589 1458 643 1483 aut
671 1453 812 1482 camelos
841 1453 996 1481 iuvencos
1024 1453 1128 1490 ipsum
1157 1455 1330 1492 mortuum,
1358 1451 1411 1491 qui
1439 1452 1560 1482 ratione
1588 1458 1735 1493 careant,
1759 1453 1843 1483 haud
1864 1453 1923 1483 de-

129 1513 310 1552 ploraturus
341 1522 427 1554 esse,
455 1518 487 1544 ut
515 1514 702 1553 prudentiae
730 1515 830 1554 magis
858 1513 1042 1547 conveniat,
1063 1514 1190 1542 camelis
1217 1516 1362 1543 mactatis
1391 1514 1548 1544 hominum
1581 1524 1718 1544 amorem
1747 1515 1805 1543 sibi
1833 1524 1922 1545 corn-

129 1584 244 1614 parare
271 1580 324 1605 aut
351 1584 428 1613 eos,
459 1575 509 1614 qui
547 1577 651 1614 ipsum
684 1581 840 1606 mortuum
873 1577 956 1606 haud
985 1576 1178 1616 deploraturi
1204 1577 1279 1617 sint,
1307 1578 1413 1616 potius
1442 1578 1556 1618 gaudio
1584 1578 1693 1619 adfici,
1722 1579 1839 1618 quippe
1866 1589 1923 1609 ac-

131 1635 238 1665 cidere
265 1636 380 1676 possit,
408 1640 441 1666 ut
470 1636 500 1665 in
531 1641 726 1676 potestatem
757 1638 814 1667 viri
844 1640 984 1679 veniant,
1013 1639 1063 1677 qui
1091 1648 1150 1668 eos
1178 1648 1240 1668 non
1267 1644 1398 1669 mactet.

129 1733 161 1763 3.
205 1733 276 1770 qu
299 1737 405 1762 antem
427 1743 511 1770 opes,
535 1744 616 1772 quae
645 1736 774 1765 camelis
798 1736 1008 1774 conferendae
1029 1737 1108 1770 sint,
1145 1739 1192 1775 ei,
1215 1739 1271 1775 qui
1291 1747 1364 1774 opes
1385 1737 1447 1765 sibi
1466 1738 1630 1774 acquirere
1653 1736 1728 1774 vult,
1768 1745 1830 1764 mm
1858 1746 1927 1765 esse

169 1789 244 1824 puto
263 1790 294 1814 el
309 1787 429 1815 nullum
451 1790 602 1817 rationem
625 1799 734 1818 earum
756 1792 944 1819 utendarum
967 1791 1074 1819 diebus
1093 1793 1345 1831 praeferendmn,
1365 1793 1477 1830 quibus
1499 1793 1602 1830 nfficia
1624 1792 1780 1819 servanda
1802 1793 1887 1819 sunt.

251 1854 401 1884 Camelos
435 1855 554 1894 quidem
591 1857 727 1887 omnium
755 1868 847 1898 opum
875 1862 1025 1898 optimam
1053 1865 1171 1899 partem
1198 1870 1291 1900 esse;
1328 1861 1385 1890 sed
1413 1861 1442 1890 in
1469 1861 1647 1899 hospitibus
1675 1858 1871 1897 excipiendis
1894 1863 1927 1889 et

133 1918 224 1948 donis
252 1917 376 1958 dandis,
403 1923 436 1947 ut
464 1927 622 1957 pauperes
648 1919 849 1959 adiuventur,
877 1921 914 1949 iis
943 1922 1130 1960 parcendum
1159 1932 1219 1952 nou
1247 1933 1331 1952 esse,
1384 1922 1444 1960 Qui
1473 1924 1561 1952 alteri
1584 1922 1735 1951 camelum
1765 1921 1828 1958 dat,
1858 1931 1925 1951 eum

134 1981 172 2011 ab
201 1981 329 2011 interitu
359 1982 480 2022 liberat,
509 1982 623 2021 quippe
650 1982 680 2011 in
708 1982 841 2012 desertis
869 1985 1020 2012 viventes
1048 1984 1172 2014 Arabes
1201 1986 1323 2014 nonnisi
1345 1994 1361 2014 e
1379 1984 1507 2014 camelis
1535 1984 1685 2013 alimenta
1715 1986 1768 2012 aut.
1795 1983 1842 2013 lae
1872 1989 1927 2014 aut

133 2051 255 2073 carnem
283 2043 450 2082 accipiant.

984 2139 1091 2172 xn.

533 2205 667 2240 Uxor
688 2205 1004 2248 sequentibus
1020 2204 1182 2238 verbis
1205 2203 1249 2238 ei
1269 2203 1531 2245 respondit.

139 2274 167 2302 1.
212 2274 238 2304 0
261 2274 530 2312 Ebez-Koltsane!
549 2277 653 2304 Iurat-i
670 2285 728 2312 per
750 2285 830 2309 eum,
856 2278 911 2313 qm·
931 2277 963 2303 in
987 2276 1107 2310 campis
1128 2274 1346 2310 montibusque
1368 2273 1586 2302 alimentorum
1610 2283 1744 2309 sponsor
1765 2277 1828 2302 est.-

138 2328 170 2355 2.
215 2326 346 2363 Semper
367 2327 502 2355 tulerunt
519 2327 618 2363 semes
636 2329 730 2365 firmi,
755 2338 832 2366 quos
854 2330 892 2356 tis
912 2331 1042 2364 parulos
1065 2327 1172 2363 liabeo,
1197 2329 1344 2365 quamdin
1369 2328 1509 2356 camelus
1532 2327 1662 2363 tmyulis
1683 2328 1750 2354 suis
1773 2327 1896 2355 incedit.

136 2381 168 2409 3.
219 2381 310 2409 Dona
340 2382 437 2417 iye'mr
478 2389 578 2419 neque
608 2391 726 2410 avarus
755 2385 820 2410 eslo
849 2392 926 2418 crya
957 2391 1044 2418 eum,
1078 2383 1133 2419 qui
1161 2385 1334 2418 myram-ns
1366 2382 1510 2416 mli-em't‚·
1543 2389 1616 2408 nam
1638 2380 1727 2415 apud
1747 2389 1794 2408 me
1813 2389 1871 2414 pro
1893 2381 1934 2409 iis

602 2431 772 2474 (cautelis)
797 2437 939 2471 capistra
960 2437 1036 2463 sunl
1057 2438 1088 2462 e!
1109 2436 1335 2463 eaecusationes
1353 2432 1482 2471 finilue!
1711 2428 1774 2470 sl).
1799 2430 1933 2471 695.)

275 2502 345 2532 Hos
371 2511 508 2543 versuS,
543 2502 593 2541 qui
629 2503 712 2542 apud
739 2503 935 2533 Mersukium
962 2503 1022 2532 hoc
1048 2502 1117 2532 loco
1145 2501 1315 2530 desiderati
1344 2511 1372 2540 p,
1398 2503 1445 2530 vot*
1474 2501 1644 2541 leguntur,
1672 2500 1836 2529 'l'ebrisius
1873 2499 1933 2529 ad-

141 2564 288 2603 posuisse
316 2565 456 2605 videtur,
476 2570 511 2594 ut
537 2574 654 2595 versus
681 2565 813 2595 eandem
842 2575 907 2595 rem
933 2569 1117 2605 spectantes
1147 2572 1207 2593 uno
1236 2562 1305 2592 loco
1335 2563 1459 2592 collecti
1476 2563 1711 2602 invenirentur3
1742 2562 1812 2601 sed,
1840 2571 1931 2601 quem

141 2627 182 2654 iis
221 2625 323 2656 locum
350 2627 537 2657 Mersukius
579 2627 701 2667 tribuit,
739 2627 784 2656 rei
819 2626 920 2666 aptior
946 2627 1081 2659 videtur.
1132 2626 1273 2656 Meti-um
1299 2624 1440 2654 secunda
1466 2625 1594 2663 species
1622 2626 1714 2654 metri
1751 2625 1776 2653 Τ
1792 2624 1933 2654 liawil
