2155 2892
893 144 1159 174 -197—

150 241 182 270 2.
224 240 329 270 Noctu
350 241 584 270 advenientibus
605 242 673 277 ipse
694 236 786 278 (eir)
808 238 896 267 locuta
915 238 1060 276 pulcher,
1083 239 1136 268 ubi
1156 242 1287 278 quietem
1312 244 1468 276 cuperent,
1493 245 1562 269 ern!
1581 244 1612 269 e!
1628 243 1779 270 malenino
1793 245 1928 280 tempore

562 293 797 323 advenientibus
818 292 907 321 Iocus
926 293 1070 330 pulcher,
1096 294 1149 322 ubi
1167 294 1294 322 meridie
1316 296 1520 332 quiescerent.

246 364 484 404 Hospitalitatis
509 362 633 394 modum
659 361 820 392 describit.
872 361 949 391 Non
974 362 1078 392 solum
1105 368 1202 392 noctu
1221 362 1442 403 advenientes,
1470 364 1728 403 quemadmodum
1751 376 1819 397 mos
1846 367 1927 400 serre

147 426 283 466 solebat,
311 426 510 466 hospitaliter
539 426 733 466 excipiebat,
760 436 873 456 verum
900 426 996 456 ctiam
1024 434 1116 454 mane
1143 424 1362 455 advenientes.
1416 426 1448 454 ln
1476 425 1533 455 hoc
1552 427 1677 456 maioris
1701 429 1926 469 hospitalitatis

146 487 294 519 indicium
321 490 458 520 invenio.
510 488 544 518 ln
571 488 729 519 Mersukii
755 488 981 519 commentario
1008 487 1157 528 legimus,
1183 497 1282 517 voces
1300 499 1392 531 &⁴5⁸⁸
1403 489 1449 528 ὁὶ
1478 499 1554 519 csse
1582 500 1637 528 pro
1656 504 1747 534 U'f‘
1758 492 1820 533 ὑί,
1837 494 1927 540 ’,Ὃκ

146 555 179 580 et
205 551 251 581 sio
275 548 416 590 3.stth
444 558 518 580 esse
546 559 602 589 pro
629 547 787 590 μω,
807 547 907 590 δὶᾼὺο,
937 550 1050 589 quibus
1077 550 1185 579 verbis
1212 550 1383 580 admirandi
1409 560 1524 581 sensus
1552 552 1637 592 insit,
1667 560 1699 583 ut
1727 555 1926 594 hospitalitas

145 616 216 644 eius
243 613 449 644 vehementer
476 612 631 643 laudetur.

147 710 179 740 3.
221 709 344 739 Blemor
365 712 411 739 eie
428 709 566 747 filiorum
588 710 754 739 mulierum
773 711 978 748 pudicarum,
1004 711 1152 740 nobilium
1176 720 1192 739 e
1213 714 1306 748 yeme
1326 710 1456 749 itlalici,
1480 720 1560 749 quae
1579 712 1661 749 filios
1685 715 1796 748 optimo
1817 717 1927 743 marito

965 766 1109 794 educant.

247 832 413 871 Quomodo
440 843 558 864 versus
586 833 636 865 hic
663 843 762 865 sensu
783 844 850 865 cum
868 834 1129 865 antecedentibus
1151 834 1335 875 cohaereat,
1364 844 1425 864 non
1442 834 1545 864 video.
1599 835 1816 866 Accusativus
1836 840 1927 868 vocis

145 903 197 938 ,ἄλ-,ι
228 906 269 928 ex
294 898 414 928 omisso
442 900 540 929 verbo
558 898 632 944 5535
661 899 790 941 pendet,
821 906 855 930 ut
883 899 980 930 verba
1005 897 1088 929 laudi
1116 898 1302 928 inserviant.

953 1006 1124 1040 εἰη.

642 1062 1026 1107 χωικι-Λιιιωιειιι
1050 1071 1262 1114 nnljma
1286 1071 1420 1107 uixit.

245 1145 331 1175 Ante
349 1144 601 1175 Mohammedem
614 1145 706 1186 vixit,
734 1155 829 1185 quum
846 1145 1095 1186 Almocassirus,
1123 1145 1211 1176 cuius
1227 1149 1358 1175 mortem
1373 1145 1528 1187 deplorat,
1557 1146 1606 1177 die
1623 1147 1780 1177 Dsu-Kar
1807 1144 1837 1190 (c
1849 1157 1895 1177 on
1908 1147 1928 1177 f.

146 1207 243 1238 Meid.
271 1208 307 1238 T.
335 1208 388 1239 111.
413 1208 448 1238 Ρ.
474 1208 497 1237 1.
529 1217 558 1247 p.
587 1208 668 1238 557.
695 1213 727 1238 et
754 1208 893 1238 Pocock.
921 1208 1053 1248 specim.
1081 1217 1110 1248 p.
1141 1206 1222 1237 438.
1250 1207 1351 1247 461.)
1379 1208 1506 1238 vixerit.

147 1305 175 1334 1.
219 1303 337 1334 Eheu!
357 1304 597 1334 Almocassirus
616 1307 719 1343 periit,
742 1315 759 1334 ο
781 1314 862 1343 qens
883 1304 999 1335 Becri!
1017 1308 1048 1334 et
1069 1305 1214 1335 nobilitas
1233 1307 1330 1343 perii!
1349 1308 1380 1334 et
1399 1304 1504 1343 qloria
1525 1307 1666 1344 antiqua.

244 1375 396 1416 Magnam
422 1374 633 1405 calamitatem
661 1379 762 1406 morte
789 1375 848 1405 viri
875 1373 1032 1406 accidisse
1060 1375 1154 1415 dicit,
1182 1383 1274 1414 quum
1303 1374 1363 1414 ipsi
1389 1376 1491 1404 omnis
1517 1374 1664 1404 nobilitas
1688 1379 1721 1405 et
1747 1375 1846 1416 gloria
1872 1386 1931 1406 an-

145 1438 231 1478 tiqua
258 1446 329 1468 cum
356 1439 428 1477 ipso
454 1437 524 1467 viro
554 1438 691 1476 periisse
718 1437 878 1468 videatur.
943 1438 1020 1470 Sine
1054 1437 1146 1468 dubio
1181 1435 1362 1477 significare
1398 1436 1484 1472 vult,
1520 1436 1627 1477 gentis
1662 1437 1856 1468 nobilitatem
1891 1449 1931 1469 eo

146 1505 268 1531 mortuo
295 1500 489 1530 imminutam
517 1510 602 1530 esse.
656 1501 757 1531 Simili
785 1502 877 1532 modo
906 1507 1001 1542 poeta
1028 1501 1120 1531 Ham.
1143 1511 1174 1541 p.
1203 1501 1256 1530 ΜΛ
1283 1509 1316 1533 v.
1344 1499 1377 1529 2.
1405 1504 1437 1529 et
1463 1509 1493 1538 p.
1519 1498 1565 1528 l²l⁸⁶l
1593 1509 1625 1529 v.
1653 1500 1686 1530 2.
1714 1500 1842 1531 locutus
1869 1506 1930 1532 est.

145 1564 263 1594 Verbis
281 1563 336 1609 Δίς
363 1560 402 1599 δὲ·
424 1564 455 1594 in
481 1564 629 1594 auxilium
655 1565 763 1595 vocari
790 1565 868 1595 dixit
893 1565 1081 1596 Mersukius
1108 1569 1141 1594 ct
1167 1564 1331 1594 discrimen
1357 1559 1472 1592 statuit
1498 1572 1574 1593 esse
1592 1565 1673 1593 inter
1689 1563 1770 1593 hunc
1786 1564 1932 1603 loquendi

146 1627 272 1658 modum
299 1632 332 1658 et
351 1625 418 1673 523]
447 1625 482 1667 La,
512 1629 562 1667 qui
585 1628 824 1659 admirationem
851 1629 1009 1668 exprimat
1039 1628 1149 1658 conf.
1178 1625 1288 1657 Gram.
1303 1626 1411 1658 Ar.'1'.
1431 1626 1455 1657 1.
1476 1635 1505 1665 p.
1525 1625 1608 1656 475.
1662 1625 1736 1656 vox
1750 1622 1787 1675 gb
1805 1627 1932 1665 proprie

145 1691 284 1730 spatium
310 1691 390 1721 inter
417 1691 496 1721 duas
523 1700 636 1722 manus
664 1696 819 1721 extensas
845 1690 1019 1732 significat.
1071 1690 1148 1720 Inde
1165 1691 1266 1720 verba
1281 1687 1352 1740 ξψῑ
1369 1685 1464 1730 „iq-,10
1492 1689 1544 1719 »is
1571 1689 1658 1719 cuius
1685 1691 1824 1728 spatium
1851 1691 1933 1719 inter

146 1763 257 1784 manus
285 1758 439 1784 extensas
466 1753 590 1794 longum
617 1759 689 1784 est«
723 1757 882 1793 potentem
911 1759 944 1784 et
970 1756 1078 1784 contra
1098 1749 1265 1804 εἰμί-’ῥῶ
1291 1754 1494 1792 impotentem
1520 1751 1678 1793 designat.
1731 1752 1808 1780 'l'um
1833 1751 1932 1781 minus

145 1815 227 1845 bene
251 1814 340 1845 bisce
366 1815 475 1844 verbis
502 1815 640 1845 liberalis
668 1815 897 1856 beneficusque
923 1820 956 1846 et
981 1822 1093 1848 contra
1125 1824 1246 1847 avam<
1281 1815 1460 1857 significari
1495 1815 1643 1855 videtur,
1680 1815 1769 1854 quasi
1806 1823 1869 1843 vox
1895 1810 1932 1863 Cb

145 1876 278 1907 eandem
306 1875 572 1917 significationem
599 1885 687 1915 quam
702 1881 827 1912 vexo-‚t
857 1887 1011 1908 »manus«
1041 1878 1197 1909 habuerit.
1226 1878 1354 1908 Minime
1380 1877 1573 1917 probandum
1600 1877 1738 1914 videtur,
1766 1876 1848 1916 quod
1873 1877 1933 1907 de-

147 1940 239 1979 nique
266 1939 440 1980 potentiam
468 1940 565 1978 ipsam
594 1945 625 1969 et
653 1940 872 1970 liberalitatem
899 1950 983 1971 voce
1009 1938 1046 1990 fil?
1073 1942 1305 1982 significarint,
1346 1945 1380 1970 ut
1419 1941 1447 1970 in
1482 1945 1591 1969 nostro
1626 1949 1726 1969 versu
1765 1939 1812 1969 sic
1848 1939 1933 1978 apud

146 2001 251 2031 Harir.
278 2011 307 2040 p.
336 2002 392 2030 l³vv
419 2001 499 2030 conf.
528 2000 599 2031 ibid.
630 2012 658 2041 p.
677 1999 741 2032 fun.
794 2002 901 2033 Verba
926 1992 1159 2042 mlssl
1187 2003 1321 2044 gloriam
1348 2011 1366 2031 a
1393 2001 1536 2041 patribus
1563 2000 1738 2030 hereditate
1765 2005 1932 2039 acceptam

148 2063 342 2106 significant,
369 2062 485 2103 duplex
511 2065 593 2094 euim
621 2064 720 2094 honor
746 2070 815 2095 erat
841 2069 895 2095 aut
922 2065 971 2095 hic
1001 2070 1056 2094 aut
1079 2065 1171 2095 factis
1197 2064 1365 2105 generosis
1392 2068 1533 2103 paratus,

147 2175 180 2203 2.
203 2172 319 2203 Eheu!
337 2172 575 2202 Almocassirus
594 2174 710 2212 periit!
733 2173 809 2203 Tum
833 2176 956 2202 attritos
974 2174 1072 2211 pedes
1084 2173 1233 2202 habentes
1246 2175 1319 2211 equi
1329 2173 1529 2211 quiescebant
1540 2175 1571 2201 et
1579 2181 1660 2209 qens
1672 2172 1709 2200 ab
1721 2172 1792 2200 αΙιϊε
1804 2174 1932 2201 remota.

247 2243 358 2273 Virum
387 2241 573 2273 laudaturus
599 2244 629 2273 in
658 2248 758 2274 terras
787 2248 927 2273 remotas
954 2243 1152 2273 incursiones
1180 2242 1283 2272 factas
1304 2247 1423 2283 narrat,
1450 2241 1564 2282 quibus
1585 2242 1680 2282 longo
1700 2241 1811 2270 itinere
1831 2240 1931 2280 pedes

150 2306 221 2345 equi
248 2309 470 2336 attererentur.
497 2304 545 2334 Eo
572 2310 696 2334 mortuo
713 2305 835 2345 utrique
848 2304 929 2344 parti
946 2306 1032 2344 quies
1048 2311 1109 2336 est.
1140 2305 1327 2350 Vociexg?
1343 2305 1531 2345 separati
1551 2309 1590 2334 et
1609 2305 1654 2334 ab
1673 2304 1770 2333 aliis
1791 2303 1932 2333 remoti

149 2368 416 2410 significationem
441 2376 537 2406 esse,
571 2366 762 2398 scholiastes
788 2376 888 2398 versu
915 2367 1031 2407 Djeriri
1056 2369 1192 2408 probare
1218 2369 1339 2400 studuit
1368 2369 1476 2407 (metr.
1505 2367 1649 2406 Camel):
1686 2367 1728 2396 ln
1755 2366 1846 2397 viae
1874 2366 1931 2396 la-

151 2435 241 2461 tere
266 2430 412 2461 domos
438 2434 610 2459 nostras
638 2429 899 2460 exstruimus
926 2439 1057 2470 neque
1082 2431 1260 2462 aliorum
1287 2431 1554 2461 vicinitatem
1574 2433 1777 2468 petentes
1799 2438 1931 2468 neque

149 2493 328 2525 seorsim
356 2493 603 2523 habitantes
631 2497 663 2522 et
690 2491 1046 2532 versumetriRedjes:
1075 2493 1118 2524 Si
1145 2493 1224 2524 duo
1253 2498 1409 2524 noctem
1441 2491 1618 2521 nubibus
1646 2491 1783 2532 nigris
1811 2500 1931 2530 prae-

151 2554 277 2586 ditam
305 2556 344 2585 in
371 2555 630 2585 servitutem
659 2553 862 2595 redigunt
888 2563 940 2584 ex
966 2555 1196 2594 proposito
1224 2564 1295 2594 per
1323 2563 1471 2583 omnem
1491 2552 1664 2582 stellam
1684 2557 1930 2592 separatam

151 2617 389 2648 etversualius
406 2616 514 2656 (metr.
533 2615 751 2655 Motakarib):
778 2614 1022 2655 Separatim
1048 2617 1087 2646 in
1114 2617 1202 2647 loco
1230 2614 1503 2656 subsistens,
1532 2615 1671 2656 solus)
1701 2614 1930 2655 zelotypus
