2155 2892
1018 177 1260 208 -17-

203 282 389 315 definiendis
415 288 562 323 tunquam
588 278 744 319 appositio
773 278 879 308 addita
907 281 967 307 est.
1019 277 1095 307 Vox
1121 276 1356 306 Nunnationcm
1386 276 1511 315 amisit,
1549 279 1664 316 quippe
1693 277 1791 307 verba
1818 280 1982 315 sequentia

202 351 349 386 tanquam
377 356 490 376 nomen
517 354 586 375 cum
613 352 651 373 co
679 342 856 372 cohaerens
884 341 1073 380 cogitantur.
1136 337 1245 368 verba
1279 341 1381 367 autem
1417 335 1467 368 A&
1499 339 1669 376 specialem
1703 351 1741 370 se
1774 340 1982 380 praeparandi

202 410 465 450 significationem
499 407 629 446 habere,
664 405 859 435 scholiastes
894 403 968 433 dicit
1001 407 1031 432 et
1059 400 1149 430 verbi
1176 398 1349 429 illustrandi
1385 400 1482 429 cansii
1518 400 1617 431 locum
1645 402 1760 433 Corani
1788 406 1860 436 Sur.
1889 407 1922 448 5,
1948 407 1981 438 8.

202 472 377 502 adnotavit.
429 471 461 500 ln
489 469 549 499 hoc
576 477 654 498 vero
681 467 748 497 loco
775 466 969 506 praepositio
996 463 1028 500 ,ὲῑ
1056 464 1211 502 sequitur,
1239 467 1272 492 ut
1299 472 1367 492 cnm
1395 467 1505 492 nostro
1533 473 1592 493 non
1622 474 1797 505 congruere
1825 471 1981 502 videatur.

202 533 269 563 Sed
296 534 326 562 in
350 541 411 562 uno
441 532 605 569 alteroque
633 530 702 558 loco
729 528 835 558 standi
862 527 1057 568 significatio
1087 527 1214 556 retineri
1250 530 1374 566 potest,
1411 536 1480 556 nain
1517 531 1642 557 stantes
1677 539 1742 559 rem
1778 534 1982 573 peragebant,

203 595 276 624 Vox
287 590 465 626 vtswtet
481 591 628 621 mulieres
642 590 777 620 familiae
791 590 983 629 plangentes
997 592 1027 617 et
1042 587 1197 626 praefices
1212 588 1396 627 significare
1413 592 1530 627 potest.
1560 589 1633 619 illae
1648 591 1685 620 ab
1702 591 1750 620 his
1765 592 1792 621 in
1808 594 1982 634 plangendo

203 655 442 686 adiuvabantnr.
478 655 505 684 E
533 656 662 694 regione
690 653 824 682 invicem
852 657 974 682 stantes
1003 660 1062 680 una
1089 660 1163 688 pars
1191 650 1280 680 alteri
1310 651 1433 690 planctu
1462 652 1666 691 respondisse
1702 654 1850 698 videtur,
1889 666 1984 692 sexta

203 716 284 746 enim
316 716 406 745 verbi
440 715 539 745 forma
570 715 660 766 32OE
687 713 863 743 adhibetur.
927 712 1036 742 Sinum
1065 720 1228 751 genasque
1255 712 1432 743 lacerabant
1460 714 1550 752 (con
1563 715 1581 745 s.
1610 717 1715 747 Taras.
1743 719 1849 750 Moall.
1877 732 1906 751 v.
1939 723 1981 754 91

202 783 236 808 et
261 777 371 808 Caahb
397 778 425 807 b.
451 777 566 807 Sohuir
593 787 624 806 v.
653 776 709 806 33.
737 777 869 806 namus.
896 774 981 813 eft).
1034 774 1099 805 Sed
1127 774 1285 814 practicae
1312 786 1426 818 genas,
1455 787 1494 807 nc
1522 779 1654 810 vulnera
1681 783 1874 825 acciperent„
1901 788 1986 816 corio

201 839 286 878 ..λὶς
300 842 459 880 appellato
474 841 533 870 sibi
549 840 767 880 percutiebant
781 839 863 869 cons.
880 838 1022 878 Djeuhar
1036 848 1062 867 s.
1077 848 1108 867 v.
1123 836 1201 874 Ab>
1213 864 1220 871 .
1247 839 1332 869 Istas
1351 840 1510 878 mulieres,
1533 851 1623 881 quum
1639 844 1711 873 velo
1725 850 1879 887 carerent,
1895 848 1986 886 pileis

203 903 346 943 oblongis
375 907 479 932 tectas
508 902 607 932 fuisse
635 901 781 930 videmus
811 901 901 929 llam.
929 910 958 939 p.
986 898 1029 929 ft·-
1058 909 1090 929 ν.
1120 899 1152 929 3.
1205 900 1370 939 Lugentes
1406 901 1537 932 feminae
1573 905 1672 945 nigris
1707 908 1853 938 vestibus
1882 914 1986 940 tectae

204 969 293 995 erant
320 965 423 994 conf.
455 963 653 994 Abu-l'Ahla
679 967 709 992 et
734 962 832 992 schol.
862 962 994 991 Hamas.
1022 971 1052 1000 p.
1069 960 1128 992 vielM
1146 971 1178 990 v.
1199 962 1230 990 6.
1283 964 1353 992 llae
1372 970 1484 993 vestes
1505 966 1612 1006 nigrae
1631 964 1720 1002 ...ablu
1749 970 1987 1009 appellabantur

204 1028 308 1057 Ram.
324 1027 495 1056 Bohlenins
523 1031 632 1055 auctor
653 1030 716 1065 cst,
743 1029 856 1053 vestes
874 1024 943 1053 illas
959 1025 1078 1064 nigra&
1106 1024 1261 1064 siquidem
1277 1031 1370 1055 antea
1385 1028 1541 1057 caeruleis
1557 1034 1732 1072 uterentur,
1758 1033 1887 1071 primum
1914 1042 1988 1074 post

206 1090 338 1120 nosaini
365 1090 384 1119 b
424 1089 496 1119 Ahli
524 1092 655 1118 moriem
684 1088 712 1117 in
741 1097 832 1117 usum
860 1087 990 1116 venisse
1018 1085 1100 1115 conf.
1129 1087 1177 1116 De
1204 1087 1406 1117 Motenabbio
1433 1094 1527 1127 poeta
1555 1100 1585 1129 p.
1613 1092 1689 1131 64.;
1718 1094 1774 1124 sed
1810 1101 1842 1126 et
1876 1101 1988 1136 postea

206 1155 304 1189 (atino
335 1151 423 1189 616)
451 1151 480 1180 in
510 1150 595 1180 luctu
621 1150 779 1179 caeruleis
807 1149 951 1179 vestibus
982 1148 1123 1178 homines
1143 1149 1283 1178 vestitos
1306 1149 1408 1180 fuisse
1425 1152 1452 1180 in
1469 1152 1538 1182 loco
1556 1154 1734 1197 Abuts.1v,
1759 1158 1823 1188 182
1840 1160 1986 1202 legimus,

204 1248 236 1278 3.
259 1248 304 1277 E!
322 1251 352 1277 si
373 1250 487 1276 alrimn
511 1250 598 1276 {uum
621 1255 706 1275 nuuc
729 1248 874 1275 relictum
895 1249 951 1282 est,
977 1249 1099 1283 tempus
1121 1249 1199 1280 erat,
1224 1257 1283 1285 quo
1306 1248 1348 1276 ibi
1368 1251 1520 1278 rialorum
1543 1254 1683 1288 aymina,
1717 1264 1816 1284 unum
1844 1260 1916 1292 post
1937 1258 1988 1287 al..

970 1302 1069 1327 terum
1092 1300 1225 1328 slabant.

293 1368 457 1410 Queritur,
487 1368 567 1408 quod
587 1378 669 1398 nnnc
687 1368 746 1398 viri
774 1370 889 1398 mortui
916 1367 1029 1398 atrium
1059 1373 1154 1399 antea
1181 1369 1414 1410 frequentatum
1441 1372 1686 1406 advenientibus
1710 1387 1847 1409 vacuum
1875 1380 1927 1411 sit.
1954 1383 1989 1412 In

205 1431 555 1462 hocliberalitatislaus
572 1436 632 1471 est>
645 1441 739 1471 quum
759 1432 894 1461 maxime
915 1432 952 1460 ob
972 1431 1124 1462 beneficia
1144 1438 1293 1472 potentes
1310 1434 1488 1474 divitesque
1508 1437 1592 1467 adire
1606 1439 1755 1471 solerent.
1786 1442 1989 1475 Scholiastes

206 1495 333 1536 legendi
361 1494 484 1524 modum
513 1492 587 1535 kq,
615 1494 766 1534 praefert,
797 1494 879 1532 quod
907 1494 1081 1533 particulae
1111 1494 1299 1525 conditionis
1326 1498 1403 1537 υκώ
1417 1492 1466 1541 ΟΒ
1485 1500 1644 1530 sententia
1662 1511 1861 1542 consequens
1881 1507 1989 1537 verbis

206 1553 280 1588 54⁴3
297 1564 358 1588 ete.
386 1559 416 1587 in
446 1568 543 1587 versu
571 1562 722 1598 sequente
745 1558 964 1596 contineatur3
995 1558 1095 1587 verba
1121 1562 1228 1587 autem
1245 1555 1318 1604 ῑ-ιρ),
1335 1562 1396 1587 etc.
1424 1559 1612 1599 principatui
1639 1562 1753 1594 laudati
1782 1565 1989 1598 describendo

206 1602 392 1650 inserviant.
445 1620 501 1650 Sin
530 1630 608 1649 vero
637 1618 708 1664 kq)
736 1620 864 1661 legitur,
900 1620 977 1650 haec
1007 1620 1105 1650 verba
1131 1620 1323 1650 sententiam
1354 1627 1603 1660 consequentem
1638 1625 1823 1657 conditionis
1856 1638 1990 1667 praece-

208 1681 311 1711 dentis
339 1681 477 1711 efficiunt
504 1686 537 1711 et
563 1681 661 1711 verba
687 1678 712 1714 λ
738 1676 812 1710 εἱᾶο
840 1681 879 1711 de
907 1692 991 1712 novo
1027 1685 1214 1713 sententiam
1250 1683 1418 1723 incipiunt,
1454 1688 1488 1713 ut
1521 1685 1741 1717 coniunctione
1766 1690 1804 1720 Q
1830 1692 1990 1722 sententia

210 1753 279 1774 cum
315 1746 476 1774 sententia
511 1749 729 1774 connectatur.
791 1744 857 1774 Sed
885 1746 914 1774 si
949 1745 1015 1784 quis
1051 1745 1127 1775 dicit
1164 1745 1263 1783 (hunc
1298 1754 1428 1775 versum
1463 1749 1742 1791 vituperaturus),
1780 1752 1990 1784 conditionem

208 1810 241 1834 et
268 1805 397 1844 phrasin
425 1806 526 1843 ipsam
554 1810 802 1843 consequentem
830 1814 891 1834 non
918 1806 978 1835 nisi
1005 1806 1034 1835 in
1062 1807 1156 1836 rebus
1192 1806 1304 1837 futuris
1340 1813 1429 1837 recte
1466 1809 1605 1839 adhiberi
1639 1816 1672 1841 et
1699 1812 1766 1843 fleri
1792 1823 1852 1843 nou
1879 1824 1989 1857 posse,

209 1872 245 1898 ut
272 1867 341 1906 quis
370 1866 473 1896 dicat:
510 1867 545 1896 Si
573 1866 723 1896 hesterno
751 1867 802 1897 die
829 1869 948 1909 exiisti,
976 1870 1031 1900 tibi
1058 1870 1120 1899 isto
1148 1869 1198 1899 die
1224 1870 1404 1900 drachmam
1433 1871 1549 1913 dediu3
1579 1878 1721 1913 tempore
1740 1878 1801 1905 iam
1817 1880 1989 1916 praeterito

211 1927 419 1957 conditionem
447 1928 543 1968 igitur
571 1933 601 1957 et
629 1928 757 1967 phrasin
786 1935 1033 1968 consequentem
1061 1940 1131 1960 cum
1170 1931 1231 1960 isto
1267 1935 1407 1971 tempore
1441 1934 1589 1975 coniungi
1624 1945 1684 1965 non
1720 1947 1839 1979 posse,
1875 1940 1991 1980 quippe

211 1998 293 2028 quae
319 1998 440 2029 semper
467 1995 609 2029 tempore
638 1992 697 2019 iam
726 1990 830 2021 futuro
866 1997 1113 2033 connectantur,
1152 1993 1196 2022 ita
1231 1998 1265 2022 nt
1296 2003 1398 2035 agens
1433 1995 1462 2025 in
1496 1997 1579 2026 illius
1614 2000 1762 2038 temporis
1794 2002 1898 2040 spatio
1926 2013 1991 2034 rem

212 2060 305 2081 suam
332 2056 466 2092 peragat
493 2056 525 2081 et
552 2052 578 2081 is
609 2052 647 2081 ob
675 2062 744 2082 eam
774 2053 1009 2083 retributionem
1037 2060 1228 2095 mereatum(
1268 2055 1296 2084 ei
1325 2054 1552 2100 (vituperanti)
1579 2059 1742 2091 dicendum
1778 2068 1848 2093 est:
1888 2063 1990 2102 Quam

212 2123 278 2143 rem
306 2114 557 2144 commemorasti
584 2114 613 2143 in
639 2114 830 2154 conditione,
858 2125 896 2145 ea
922 2125 960 2145 se
986 2117 1030 2146 ita
1058 2116 1164 2158 habet,
1192 2118 1252 2147 nisi
1279 2118 1308 2147 in
1334 2128 1415 2149 voce
1433 2118 1509 2165 ΦΚ,
1527 2131 1596 2151 nam
1624 2123 1684 2152 dici
1711 2124 1828 2155 licitum
1852 2126 1988 2159 habent:

213 2176 249 2206 Si
276 2175 343 2204 heri
370 2175 406 2204 ad
434 2176 524 2205 talem
552 2176 650 2206 locum
677 2177 804 2218 exiisti,
832 2178 924 2208 hodie
952 2179 1007 2208 tibi
1034 2180 1097 2209 tale
1124 2179 1268 2220 donabo,
1296 2183 1369 2213 dum
1396 2185 1564 2215 verborum
1591 2195 1708 2216 sensus
1736 2193 1802 2218 est:
1837 2189 1874 2218 Si
1903 2195 1990 2219 certe

213 2238 295 2275 scio,
321 2243 353 2266 te
381 2237 445 2266 heri
473 2238 592 2267 exiisse
603 2240 641 2278 ¹).
668 2239 748 2269 Rem
779 2246 885 2269 autem
912 2242 942 2270 in
971 2242 1067 2271 verbo
1094 2240 1157 2286 ΟΒ
1174 2243 1288 2275 licitam
1317 2255 1393 2276 esse
1420 2247 1550 2288 obvim,
1578 2257 1636 2287 qua
1653 2250 1783 2279 verbum
1803 2251 1990 2281 instructum

212 2301 253 2330 sit
279 2299 317 2330 ad
345 2309 397 2329 res
428 2299 649 2340 contingentes
676 2311 840 2341 novasque
867 2302 1104 2334 describendas.
1156 2305 1354 2337 Sententiam
1381 2315 1626 2348 consequentem
1646 2317 1750 2340 autem
1770 2321 1872 2350 neque
1890 2312 1989 2341 verbo

212 2361 278 2408 ΟΞ
304 2362 441 2392 adhibito
469 2372 570 2401 neque
597 2364 657 2393 alio
684 2365 776 2395 modo
798 2369 845 2396 sic
872 2367 1005 2397 describi
1035 2378 1143 2408 posse.
1196 2369 1267 2398 Dici
1293 2379 1354 2398 nou
1374 2379 1489 2409 posse:
1521 2371 1577 2401 »Si
1604 2371 1695 2402 hodie
1722 2372 1760 2402 ad
1788 2383 1837 2402 me
1863 2374 1989 2414 venies,

215 2427 269 2455 tibi
299 2426 364 2455 heri
392 2425 499 2466 dedi«,
527 2426 570 2455 ita
598 2432 629 2456 ut
659 2427 771 2458 donum
800 2430 828 2459 in
856 2436 1073 2470 consequente
1099 2432 1259 2462 sententia
1286 2433 1333 2471 (iu
1361 2433 1579 2473 retribuendo)
1607 2434 1824 2476 antefactum,
1854 2436 1892 2465 ob
1907 2435 1990 2475 quod

214 2487 318 2526 detur,
347 2487 396 2516 sit.
450 2486 613 2524 Quomodo
640 2488 737 2528 igitur
765 2487 969 2533 (vituperans
996 2489 1089 2535 dicit)
1116 2493 1177 2524 dici
1204 2494 1274 2525 licet
1300 2492 1345 2538 (in
1372 2493 1486 2537 versu)
1521 2496 1556 2542 ΓΒ
1579 2494 1667 2540 '⁸⁴³3’
1707 2506 1801 2536 quum
1827 2499 1926 2528 verbo
1955 2497 1990 2545 ΓΞ

233 2568 265 2600 l)
282 2570 320 2593 Re
340 2577 404 2593 vern
422 2570 503 2600 igitur
521 2570 628 2599 ellipsin
648 2575 780 2602 statuunt,
808 2580 859 2603 qua
878 2575 966 2605 ellipsi
981 2577 1128 2606 propositio
1147 2577 1279 2607 completa
1298 2578 1335 2607 tit,
1363 2582 1390 2601 ut
1409 2577 1522 2601 conditio
1541 2584 1591 2602 nun
1612 2578 1726 2608 amptius
1744 2585 1800 2603 rein
1820 2580 1989 2609 praeteritum

239 2644 252 2652 Ι,
281 2617 426 2645 eontineat,
446 2615 489 2639 sed
508 2623 562 2639 rein
582 2617 662 2640 futuri
682 2619 822 2648 temporis3
841 2621 952 2645 scientia
970 2622 1048 2652 enim,
1067 2629 1178 2653 quacum
1197 2622 1310 2646 conditio
1329 2623 1509 2654 coniungitur,
1529 2627 1652 2654 tanquam
1671 2625 1762 2648 futura
1778 2625 1943 2656 proponitur,
1962 2629 1990 2649 ut

250 2649 255 2654 λ
283 2666 447 2692 consequens
466 2668 498 2685 ex
518 2662 563 2685 illa
581 2669 609 2686 re
627 2663 718 2686 sutura
737 2665 855 2694 pendeat.

1723 2719 1744 2750 3
