2155 2892
910 168 1080 198 —267
1135 184 1176 190 —

256 266 489 297 Liberalitatem
514 275 603 298 suam
630 266 748 304 laudat,
775 275 837 306 qua
861 268 992 296 aliorum
1018 265 1182 296 commodo
1201 267 1303 305 magis
1319 276 1410 305 quam
1427 276 1487 297 suo
1502 269 1665 299 inserviat.
1694 271 1766 301 noc
1789 273 1935 312 exemplo

157 327 278 368 probat.
339 330 384 358 Se
415 334 487 358 ante
514 329 618 358 socios
645 327 683 358 ad
710 337 822 367 aquam
849 338 909 358 non
938 330 1102 368 festinare,
1137 333 1170 358 ut
1203 329 1343 358 camelus
1371 340 1449 359 suns
1478 337 1550 361 arne
1577 334 1656 362 alios
1684 334 1778 364 bibat.
1845 336 1933 366 Prior

162 400 235 429 pars
264 391 303 421 ad
337 391 468 421 verbum
503 391 545 420 ita
576 390 731 420 vertenda
759 396 830 421 est:
862 402 944 430 »ego
972 403 1032 422 non
1059 402 1148 423 curro
1174 404 1229 433 per
1258 399 1379 433 partem
1408 395 1634 427 redundantem
1662 398 1804 429 habenae
1831 400 1934 431 oium«

161 454 238 484 Pars
270 459 374 484 autem
409 453 586 484 redundans
622 453 764 483 habenae
793 458 844 483 est
872 464 944 493 pars
979 454 1121 484 habenae
1148 460 1313 487 attractae.
1342 466 1422 495 (pure
1466 458 1636 497 nimiaest3
1690 461 1810 491 habena
1853 465 1935 493 enim

160 516 283 557 longior
310 526 386 546 esse
412 516 505 555 solet,
534 521 567 546 ut
594 520 625 545 et
653 515 764 545 attrahi
793 520 825 545 et
853 515 965 545 dimitti
994 517 1105 555 possit.
1159 517 1249 554 Quod
1277 521 1305 548 si
1333 519 1426 558 igilur
1453 519 1534 549 illam
1564 525 1683 558 partem
1712 522 1937 554 redundantem

160 581 282 610 vehens
307 580 440 613 dimittit,
467 579 610 609 earnelus
638 579 676 609 ad
703 588 814 619 aquam
840 578 979 608 festinat.
1032 579 1188 609 Suffixum
1216 580 1253 610 ad
1287 582 1451 622 carnelum,
1471 583 1560 611 cuius
1589 585 1618 612 in
1647 585 1821 622 posteriore
1849 592 1938 626 parte

159 642 272 671 mentio
299 642 344 681 tit,
380 640 578 671 referendum
611 646 682 675 esu
719 642 842 671 ⁴&robes
877 642 957 671 enirn
989 641 1143 671 interdum
1177 642 1296 671 suffixo
1333 648 1479 684 utuntur,
1508 650 1675 683 antequam
1704 648 1759 686 rei,
1786 648 1823 677 ad
1851 659 1941 687 quam

163 706 310 745 pertinet,
332 705 449 735 mentio
464 704 518 734 luit
546 705 665 742 (cons.
695 704 802 735 Grani.
821 705 877 734 Ar.
904 704 1152 744 '1'.11p.4.··›2.),
1179 705 1211 733 ln
1239 705 1349 734 scholii
1369 706 1449 736 linea
1477 707 1569 736 tertia
1598 708 1665 737 loco
1692 709 1782 738 vocis
1809 709 1941 755 3.ϋὸρΚ

160 766 328 808 legendum
356 771 407 795 est
432 756 578 808 &ql-Els,
605 771 639 796 ut
665 767 693 796 in
718 766 874 796 Mersukii
901 766 1007 796 codice
1034 766 1157 807 legitur.
1200 767 1232 795 ln
1259 776 1340 796 voce
1356 766 1389 795 tn
1406 769 1614 807 posteriorem
1640 771 1795 810 syllabam
1814 782 1942 813 semper

160 831 289 860 brevem
317 839 401 870 esse,
431 830 549 860 moneri
576 831 631 860 vix
659 839 740 870 opus
767 833 826 860 est.

159 930 190 957 2.
244 928 314 965 qu
341 928 490 965 pulvinar
512 928 609 957 sellae
638 930 705 957 eius
736 937 798 957 non
829 928 988 966 complica,
1019 932 1061 961 nl,
1097 938 1192 966 quum
1217 929 1309 957 lei-ior
1333 931 1382 962 sii,
1407 939 1475 958 eam
1497 930 1621 967 adiqam
1644 934 1674 958 et
1695 933 1813 960 socium
1843 942 1944 962 meum

964 982 1149 1020 relinquam.

272 1050 398 1092 Agendi
426 1054 577 1081 rationem
605 1060 690 1081 suam
719 1054 747 1081 in
774 1051 884 1081 itinere
910 1050 1027 1080 laudat.
1080 1052 1125 1081 Se
1152 1052 1229 1081 socii
1256 1052 1305 1080 sui
1333 1061 1440 1082 curam
1469 1053 1597 1088 habere,
1626 1058 1657 1083 ut
1686 1054 1817 1093 pedibus
1855 1055 1945 1086 ince-

160 1112 286 1143 dentem
314 1116 343 1143 iu
370 1113 489 1144 camelo
517 1123 577 1143 suo
604 1113 706 1143 locum
734 1113 865 1143 sedendi
894 1113 1055 1149 concedat,
1071 1123 1185 1153 neque,
1201 1118 1234 1143 ut
1261 1114 1383 1143 camelo
1411 1120 1551 1153 parceat,
1574 1124 1611 1144 se
1638 1125 1708 1145 eum
1739 1121 1811 1154 post
1838 1125 1875 1145 se
1893 1126 1948 1146 re-

161 1176 309 1216 linquere.
362 1177 437 1207 Vox
462 1180 564 1205 ma>
591 1177 778 1216 pulvinaris,
805 1176 886 1215 quod
914 1180 987 1215 post
1013 1175 1123 1205 sellam
1150 1175 1362 1215 alligabatur,
1400 1185 1510 1205 nomen
1549 1181 1627 1206 erat.
1688 1177 1742 1206 Sic
1778 1178 1806 1206 in
1844 1177 1947 1207 hemi-

162 1240 276 1270 stichio
305 1240 396 1269 metri
423 1240 550 1270 Camel:
579 1240 722 1270 Pietas
749 1239 939 1278 optimum
967 1237 1163 1278 pulvinar
1191 1244 1293 1278 post
1320 1239 1470 1269 sellam
1498 1243 1574 1269 est.
1628 1240 1660 1268 ln
1688 1239 1746 1269 hoc
1773 1240 1863 1270 alteri
1890 1250 1948 1270 se-

162 1301 255 1332 dendi
282 1303 370 1332 locus
397 1307 476 1335 erat.
528 1302 599 1332 1100
626 1307 731 1332 autem
758 1301 943 1340 complicato
969 1304 1001 1331 et
1028 1307 1149 1331 remoto
1178 1301 1257 1331 alter
1282 1300 1397 1331 sedere
1423 1310 1485 1331 non
1513 1306 1631 1340 potest.
1669 1302 1745 1332 Vox
1764 1298 1827 1330 tas
1847 1302 1948 1333 statui

162 1365 274 1394 cameli
300 1364 511 1394 describendo
539 1364 683 1394 inservit.
710 1364 827 1394 Dicere
853 1373 914 1393 non
941 1364 1023 1402 vult,
1048 1364 1099 1393 illo
1126 1363 1282 1402 pulvinari
1314 1368 1454 1404 remot07
1492 1363 1602 1393 cameli
1629 1373 1709 1393 onus
1740 1364 1871 1394 multum
1900 1365 1950 1395 le·-

163 1432 272 1458 vatum
299 1436 395 1469 esse3
423 1427 481 1458 sed
507 1427 597 1457 socio
619 1437 690 1458 cum
717 1427 787 1466 ipso
814 1427 905 1457 simul
931 1427 1071 1457 vehente
1095 1432 1229 1457 remoto.

162 1524 194 1554 3.
240 1523 343 1560 Quum
357 1524 510 1553 camelum
526 1526 685 1553 iuvencum
705 1523 859 1560 possides,
872 1532 912 1553 ne
933 1524 1052 1551 socium
1075 1526 1161 1551 tuum
1179 1527 1252 1560 post
1265 1532 1342 1557 eam,
1360 1522 1434 1551 dum
1454 1531 1516 1551 non
1538 1522 1669 1559 vellitur,
1685 1524 1830 1552 incedere
1842 1523 1954 1553 sinas!

161 1592 194 1620 4.
238 1590 316 1620 Sine
337 1600 405 1619 eam
426 1590 616 1625 decumbere,
640 1593 675 1618 ul
696 1589 748 1618 ille
769 1593 843 1626 post
863 1592 892 1618 le
910 1589 1078 1617 inscendat
1098 1592 1128 1617 el
1148 1591 1177 1617 si
1198 1592 1364 1627 utrumque
1382 1592 1499 1626 portal,
1531 1589 1607 1617 bene
1628 1591 1706 1627 eri!;
1729 1586 1796 1628 (p.
1820 1588 1951 1630 519.)

618 1646 669 1673 sin
690 1644 869 1672 alternatim
892 1643 1063 1672 vellendum
1088 1646 1151 1678 esl,
1173 1643 1354 1671 ailernalim
1376 1643 1487 1671 cellere
1500 1641 1514 1670 .'

287 1713 328 1743 Hi
355 1712 416 1743 duo
442 1722 560 1743 versus
590 1713 619 1743 in
646 1713 803 1742 Mersukii
830 1712 936 1742 codice
962 1721 1023 1741 non
1049 1712 1261 1742 inveniuntur.
1314 1712 1415 1742 Poeta
1447 1713 1495 1742 sic
1522 1711 1658 1753 agendi,
1693 1711 1952 1750 quemadmodum

165 1776 399 1816 descripserat,
435 1776 598 1805 consilium
626 1776 811 1814 proposuit,
848 1780 883 1805 ut
910 1775 990 1805 alter
1016 1782 1071 1806 aut
1098 1780 1171 1815 post
1198 1775 1299 1814 ipsum
1326 1775 1495 1814 insideret,
1533 1775 1605 1804 dum
1632 1774 1773 1804 camelus
1802 1775 1950 1814 genubus

166 1838 196 1867 in
223 1843 338 1868 terram
363 1837 569 1867 decumberet
598 1842 652 1866 aut
680 1837 708 1866 si
735 1837 906 1866 iumentum
934 1837 1026 1867 nimis
1053 1836 1206 1867 infirmum
1234 1836 1355 1867 duobus
1378 1837 1541 1876 portandis
1568 1842 1670 1877 esset,
1699 1837 1823 1876 utrique
1851 1837 1951 1867 alter-

167 1900 263 1928 natim
291 1897 495 1928 veherentur.

986 2016 1134 2050 XXX.

909 2082 1051 2117 Alius
1073 2082 1209 2116 «lixit.

170 2152 197 2182 1.
242 2151 311 2189 Eyo
329 2161 408 2181 sane
431 2156 463 2181 in
485 2155 570 2182 omni
589 2154 769 2192 defensione
790 2152 931 2190 lionoris,
954 2162 1049 2191 quum
1069 2153 1201 2181 dicitur:
1223 2153 1328 2179 socius
1351 2150 1448 2180 Inus!
1467 2151 1529 2180 odii
1549 2152 1710 2181 obliviscor
1721 2152 1735 2181 J

280 2220 476 2260 Quamquam
512 2223 619 2252 socius
655 2224 736 2252 male
771 2234 849 2264 erga
876 2223 976 2262 ipsum
1004 2222 1118 2263 egerit,
1155 2226 1199 2258 ut,
1225 2230 1318 2260 quem
1346 2220 1416 2250 odio
1443 2227 1664 2261 persequatur,
1692 2221 1807 2262 dignus
1834 2221 1887 2261 sit,
1914 2230 1951 2250 se

170 2288 274 2314 tamen
302 2293 372 2312 eum
399 2282 600 2313 defensurum
632 2294 717 2315 esse.
769 2286 844 2316 Vox
870 2280 982 2321 52:392>
1012 2284 1071 2314 hoc
1094 2285 1126 2313 in
1151 2292 1247 2313 versu
1274 2287 1392 2312 statum
1420 2282 1590 2323 significat,
1618 2292 1676 2321 quo
1704 2291 1878 2322 generosus
1911 2282 1950 2311 ob

170 2347 313 2377 iniuriam
340 2347 453 2377 illatam
480 2347 631 2376 irascitur.
684 2349 759 2378 Vox
784 2345 876 2389 253)ae
907 2358 924 2377 e
952 2347 1049 2377 verbo
1077 2347 1196 2376 omisso
1224 2356 1265 2376 ex
1292 2356 1340 2387 gr.
1361 2344 1435 2389 55&
1462 2345 1646 2383 (recordare
1660 2340 1685 2383 Σ)
1716 2344 1841 2383 pendet.
1882 2345 1948 2375 Ac-

171 2409 334 2439 cusativus
370 2407 483 2443 3„;;>‹
518 2419 536 2439 a
565 2409 664 2438 verbo
690 2410 780 2456 &mat
809 2411 939 2452 regitur.
1002 2409 1136 2439 Pluralis
1163 2405 1295 2455 &Lm-'t
1330 2414 1385 2438 aut
1413 2417 1559 2448 magnum
1590 2407 1692 2437 odium
1723 2407 1872 2448 designat
1897 2413 1951 2438 aut.

167 2469 405 2501 homoioteleuti
430 2480 526 2501 causa
555 2470 712 2501 adhibitus
738 2478 800 2503 est.

172 2567 204 2595 2.
225 2567 302 2596 Etsi
320 2569 426 2596 socius
447 2571 502 2599 est.
527 2569 582 2606 qui
602 2569 636 2596 in
657 2570 742 2597 omm'
761 2577 795 2597 re
813 2569 892 2598 milti
912 2571 1151 2606 superveniente
1169 2576 1268 2605 neque
1289 2567 1358 2602 spei
1379 2566 1535 2603 satisfacit
1556 2574 1655 2604 neque
1678 2566 1834 2595 auxilium
1853 2568 1929 2605 fert.

278 2636 324 2665 Se
356 2636 400 2666 ita
426 2641 570 2667 acturum
596 2645 684 2677 esse,
710 2639 774 2667 etsi
799 2636 879 2667 alter
904 2638 1019 2668 auxilio
1051 2637 1214 2678 indiguum
1239 2644 1277 2665 se
1303 2633 1488 2664 ostenderit.
1556 2635 1665 2666 Talem
1700 2640 1806 2665 autem
1836 2633 1950 2676 agendi
