2155 2892
887 126 1158 158 -496—

130 234 236 274 potius
265 233 370 263 addita
397 231 556 268 videntur,
583 234 618 260 ut
646 227 841 268 comparatio
868 228 1048 268 conveniat,
1093 237 1278 268 quamquam
1319 227 1400 258 enim
1428 227 1679 258 struthiocameli
1705 237 1820 268 corpus
1843 238 1916 259 cum

130 296 232 326 aheno
252 294 425 334 comparari
445 293 560 334 possit,
578 297 683 322 tamen
710 291 825 321 collum
854 290 981 330 longum
1008 290 1215 330 comparandi
1239 290 1330 320 modo
1358 290 1442 321 baud
1472 291 1633 322 convenit.
1662 290 1801 321 Similem
1829 300 1920 321 com-

130 357 260 397 parandi
287 356 410 386 modum
438 355 618 385 invenimus
645 355 739 384 Ham.
765 352 819 383 γῆς
846 363 878 383 v.
908 353 937 384 1.

129 455 159 483 7.
204 454 244 482 In
266 455 334 482 eius
356 452 504 481 lateribus
526 453 614 480 dorsi
634 450 794 479 vertebrae
816 450 970 479 candidae-
992 454 1069 479 sunt
1091 451 1169 480 lacte
1193 451 1403 489 abundantes,
1425 460 1560 489 quarum
1582 451 1677 489 quasi
1698 450 1794 479 ubera
1817 451 1919 478 strin-

797 505 849 532 atit
867 506 936 533 eius
958 514 1040 542 aqna
1059 506 1254 543 ferrumque.

246 576 337 615 Quae
364 577 393 605 in
420 575 521 606 aheno
550 579 636 611 sunt,
664 573 824 603 describit.
889 573 1067 603 Vertebras
1096 574 1234 604 camelae
1262 578 1421 603 mactatae
1448 574 1597 604 candidas
1625 573 1809 613 appellavit,
1837 572 1920 611 quod

129 639 222 679 adipe
247 644 354 669 tectae
382 642 464 668 sunt.
492 639 561 667 Has
589 641 695 667 autem
724 635 893 665 vertebras
921 644 989 665 cum
1017 637 1139 666 animali
1160 637 1240 665 lacte
1268 636 1448 666 abundante
1475 637 1670 676 comparavit
1690 632 1816 683 Egisti&
1837 634 1921 674 quod

130 702 201 732 inde
229 701 339 730 humor
366 700 468 739 adipis
495 700 606 729 effluit.
651 700 737 728 Loco
759 700 850 727 vocis
877 694 991 741 ζῶμα
1019 698 1134 738 legitur
1152 695 1276 741 225⁹&
1298 700 1349 728 cui
1376 699 1450 729 voci
1471 699 1658 729 Mersukius
1679 699 1807 730 similem
1827 707 1921 738 quam

129 765 201 794 voci
229 760 354 810 &215³ss
370 773 464 802 quum
493 763 627 791 ebriatas
643 772 661 791 a
677 760 870 800 plenitudiue
897 760 1026 800 oriatur,
1048 761 1312 801 significationem
1341 760 1519 800 adscripsit.
1548 761 1641 800 Aqua
1665 766 1782 800 autem,
1811 762 1840 790 in
1860 769 1922 799 qua

129 827 271 865 coquitur
299 836 384 866 cai-0,
415 831 446 855 et
473 825 621 854 cochlear
648 824 759 860 efficit,
788 827 821 853 ut
847 823 947 862 adeps
975 822 1098 853 effluat.
1146 823 1222 852 Vox
1247 823 1330 853 enim
1358 821 1503 859 φὼρ»
1529 823 1664 862 (ferrum
1695 824 1779 863 eius]
1807 823 1866 853 hoc
1891 825 1922 852 in

131 899 228 919 versu
256 888 430 919 cochlearis
460 887 729 928 significationem
758 887 877 917 habere
907 886 1092 916 Mersukius
1123 889 1224 925 putat.

128 988 161 1017 8.
205 988 356 1015 ΠΙιέἰηιιιε
380 987 460 1015 duos
484 988 574 1022 viros,
602 988 658 1024 qni
677 987 710 1015 z‘d
730 987 767 1015 ab
789 988 862 1023 iyne
884 989 1084 1016 removerent.
1113 987 1159 1015 Et
1180 995 1306 1021 operam
1327 984 1488 1018 dederunt,
1514 986 1549 1012 ut
1569 983 1602 1011 td
1621 985 1821 1017 removerent,
1847 983 1919 1010 dum

823 1043 892 1070 eius
914 1042 1013 1069 lutera
1034 1042 1157 1080 feri-ida
1181 1043 1280 1068 erunt.

227 1110 333 1140 Carne
369 1113 399 1140 in
434 1111 534 1140 aheno
562 1116 656 1141 cocta
684 1111 744 1141 duo
772 1110 852 1150 viri,
882 1120 942 1150 qua
970 1121 1003 1140 re
1034 1110 1205 1140 maximum
1231 1118 1308 1138 esse
1335 1107 1497 1145 indicatur,
1524 1106 1555 1136 id
1581 1105 1784 1136 removebant
1813 1110 1864 1144 et,
1891 1109 1924 1135 ut

128 1177 225 1213 poeta
251 1173 485 1204 festinationem
516 1175 545 1203 in
573 1183 670 1213 opere
698 1173 909 1214 significaret,
938 1174 1031 1202 aheni
1060 1174 1161 1202 latera
1188 1171 1312 1201 fervida
1328 1170 1429 1200 fuisse
1449 1169 1577 1199 addidit.
1605 1168 1716 1198 Voces
1738 1163 1836 1213 &35³2
1855 1163 1922 1212 &KB

128 1239 191 1266 tam
218 1245 290 1266 cum
318 1236 418 1265 verbo
447 1234 533 1276 LQ7
563 1245 656 1275 quam
685 1245 752 1265 cum
780 1235 879 1264 verbo
907 1231 989 1274 391>
1016 1234 1163 1275 coniungi
1191 1237 1336 1272 possunt.
1390 1232 1462 1261 Hoc
1491 1228 1730 1269 praeferendum
1760 1232 1844 1268 puto·
1889 1229 1923 1257 ln

128 1299 242 1329 scholii
268 1300 348 1329 linea
376 1300 469 1328 tertia
497 1298 566 1328 loeo
594 1298 684 1328 vocis
710 1294 819 1337 abtim
845 1307 913 1328 cum
942 1297 1109 1327 Mersukio
1137 1292 1244 1324 »ΞΕ-ιο
1271 1294 1440 1336 legendum
1468 1298 1554 1333 puto,

130 1395 163 1425 9.
207 1396 270 1424 Illa
293 1398 395 1424 autem
424 1399 518 1423 noctu
542 1396 675 1424 adstans
704 1396 817 1424 stellas
846 1397 878 1423 in
906 1393 1085 1434 (seutella)
1113 1394 1255 1433 impleta,
1282 1401 1362 1430 quae
1384 1393 1416 1419 in
1439 1391 1583 1419 manibus
1602 1390 1757 1419 edentium
1781 1387 1924 1417 celeriter

791 1449 958 1486 couqulata
981 1453 1057 1485 erut,
1080 1451 1272 1478 nmnembat.

227 1520 365 1549 Matrem
395 1523 511 1558 poetae
537 1519 640 1557 ipsum
669 1518 881 1557 vituperantis
901 1518 938 1548 ad
967 1518 1102 1549 ahenum
1131 1523 1270 1549 stantem
1297 1517 1381 1553 dicit,
1407 1519 1440 1545 ut
1459 1515 1557 1545 cibum
1577 1513 1734 1552 accipiat3
1762 1511 1831 1551 sed,
1850 1521 1922 1541 num

130 1591 165 1611 re
180 1591 258 1611 vera
278 1582 339 1611 ista
355 1581 501 1622 adfuerit,
519 1591 558 1610 an
574 1591 640 1610 rem
669 1581 806 1620 finxerit,
825 1581 975 1610 affirmari
1005 1590 1064 1609 non
1092 1585 1209 1620 potest.
1237 1581 1315 1609 Eam
1332 1587 1458 1608 carnem
1479 1579 1630 1617 pinguem
1657 1575 1804 1614 accipere
1823 1574 1925 1614 signi-

132 1641 297 1679 ficaturuS,
313 1643 412 1681 ipsam
433 1642 471 1671 ob
487 1642 586 1681 adipis
610 1642 786 1671 albedinem
816 1647 849 1671 et
876 1642 1074 1681 splendorem
1102 1642 1213 1671 stellas
1232 1642 1338 1671 inesse
1355 1646 1489 1680 putasse
1507 1640 1594 1669 dixit.
1622 1640 1799 1669 Maximum
1818 1643 1924 1667 autem

130 1704 233 1745 frigus
270 1709 304 1734 ut
339 1704 466 1744 indicet,
495 1703 618 1742 adipem
647 1707 678 1733 in
706 1705 847 1734 manibus
876 1705 1023 1734 celeriter
1051 1704 1213 1745 coagulari
1241 1703 1370 1733 addidit.
1408 1704 1441 1732 ln
1469 1703 1572 1741 priore
1599 1711 1715 1731 versus
1744 1705 1834 1740 parte
1861 1710 1922 1729 ex-

130 1765 274 1805 plicanda
302 1767 488 1805 interpretes
518 1765 727 1795 vehementer
754 1765 954 1795 dissentiunt.
983 1765 1047 1794 Alii
1076 1763 1176 1796 bullas
1203 1776 1273 1795 cum
1299 1766 1401 1795 stellis
1421 1765 1608 1805 comparari,
1632 1765 1684 1794 alii
1710 1772 1793 1793 voce
1821 1759 1922 1807 psi-ll

130 1831 279 1866 tanquam
309 1827 475 1857 collectivo
504 1827 636 1867 stellas,
676 1828 727 1857 alii
755 1827 904 1866 Plejades
933 1827 1108 1868 significari
1144 1833 1261 1868 putant.
1290 1829 1489 1869 Mersukius,
1518 1828 1569 1858 cui
1596 1827 1785 1857 scholiastes
1814 1830 1924 1856 noster

129 1890 327 1929 adsentitur,
368 1889 476 1919 stellas
515 1890 689 1930 significari
718 1894 829 1929 putat,
863 1889 935 1918 dum
970 1890 1308 1921 Abu—Moliammedes
1338 1892 1489 1922 Alahrabi
1519 1890 1677 1930 Plejadum
1710 1888 1924 1930 significatio-

129 1963 199 1982 nem
229 1953 376 1991 praefert.
414 1953 730 1983 Abu-Alibd-Allahi
753 1953 945 1984 sententiam
976 1953 1123 1982 reiiciens
1152 1963 1238 1983 more
1265 1963 1324 1983 suo
1355 1953 1589 1992 proverbialem
1618 1951 1763 1990 loquendi
1792 1950 1918 1980 modum

131 2015 234 2044 adfert
249 2015 355 2052 (metr.
374 2015 521 2054 Camel):
552 2015 804 2046 Gener-osae
832 2016 955 2045 filius
984 2016 1216 2056 generosis
1243 2015 1448 2045 auxilium
1475 2014 1587 2054 fert,
1603 2014 1708 2043 vilis
1737 2013 1920 2043 feminae

130 2076 237 2106 flius
266 2076 430 2105 vilibus
458 2077 703 2107 auxiliator
732 2081 801 2106 est
829 2077 946 2115 (Meid.
976 2078 1012 2106 Τ.
1041 2078 1082 2106 111
1114 2078 1146 2107 P.
1180 2078 1192 2106 l
1224 2078 1303 2106 Nro.
1334 2077 1469 2114 2641.)
1520 2076 1581 2105 Hic
1607 2085 1736 2105 sensum
1764 2075 1921 2105 occultum

130 2138 160 2166 in
188 2146 283 2166 versu
313 2146 386 2166 esse
412 2139 559 2176 opinatus
589 2139 737 2178 Plcjades
765 2139 907 2168 nonnissi
937 2144 1080 2178 tempore
1107 2139 1303 2170 vehementis
1331 2139 1444 2168 hiemis
1473 2148 1568 2178 quum
1595 2148 1694 2177 super
1711 2138 1822 2177 capitis
1844 2147 1921 2167 ver-

130 2201 194 2229 tice
224 2199 252 2227 in
280 2199 368 2228 coelo
396 2199 497 2229 locum
526 2200 680 2239 habeant,
720 2203 750 2230 in
786 2201 943 2231 scutellae
980 2201 1074 2231 fundo
1108 2210 1261 2240 apparere
1295 2209 1394 2239 posse
1427 2200 1519 2237 dicit,
1548 2210 1683 2240 quacum
1712 2209 1745 2229 re
1773 2198 1921 2239 loquendi

130 2262 241 2291 modus
270 2250 456 2305 5-512355235
486 2262 659 2291 cohaereat
685 2262 714 2290 in
742 2262 911 2292 Alcomaiti
939 2264 1046 2292 verbis
1075 2261 1161 2306 (finis
1188 2272 1305 2291 versus
1333 2262 1422 2292 metri
1449 2263 1609 2304 'l'hawil):
1640 2262 1764 2300 Quum
1782 2260 1869 2300 Plej
1883 2269 1920 2290 a·

132 2324 206 2354 des
234 2326 272 2353 in
302 2324 432 2354 fundo
460 2325 681 2354 scutellae
720 2323 935 2362 adparent.
976 2324 1123 2354 Indicium
1152 2324 1221 2363 puri
1249 2323 1349 2362 adipis
1378 2333 1464 2364 esse,
1481 2324 1508 2352 si
1536 2325 1605 2363 quis
1631 2325 1661 2353 in
1688 2323 1821 2353 scutella
1846 2322 1922 2351 Ple-

126 2387 236 2426 jadum
265 2396 428 2416 numerum
457 2392 645 2427 cognoscat,
670 2386 784 2425 quippe
809 2385 971 2425 Plejadum
998 2396 1159 2416 numerum
1187 2386 1310 2415 nonnisi
1329 2390 1422 2415 acuto
1446 2386 1520 2415 visu
1543 2384 1704 2424 praeditus
1728 2388 1916 2424 cognoscat.

129 2449 218 2478 Hanc
242 2450 280 2478 ob
319 2458 448 2479 causam
478 2454 604 2488 poetam
631 2449 755 2479 dixisse
783 2448 889 2485 (metr.
916 2448 1079 2486 ThawiIJ:
1110 2448 1471 2488 Quotiescunque
1499 2447 1702 2488 Plejades
1730 2447 1768 2476 in
1795 2447 1913 2476 coelo

130 2518 230 2538 sese
261 2510 466 2548 offerunt,
506 2520 580 2540 eas
609 2516 732 2541 acuto
760 2511 855 2541 visu
883 2510 1121 2550 praeditus
1149 2516 1314 2550 septem
1351 2511 1508 2541 stellas
1547 2509 1676 2539 videt.
1730 2508 1838 2538 Verbo
1866 2513 1918 2537 ,λε

128 2571 188 2601 hoc
215 2572 244 2601 in
271 2582 367 2602 versu
396 2578 447 2603 aut
476 2573 660 2603 numerandi
688 2578 742 2603 aut
768 2573 899 2613 putandi
924 2573 1118 2614 significatio
1149 2574 1304 2603 tribuitur.
1350 2573 1458 2603 Verbo
1491 2571 1621 2612 putandi
1648 2570 1914 2611 significationem
