2155 2892
730 464 949 508 CAPUT
998 462 1323 507 ΒΕΟΙΜΠΜ.
1721 478 1916 520 (μεως.)

535 570 706 628 Caput,
741 571 785 612 in
827 585 915 627 quo
953 570 1144 613 feminac
1183 571 1513 626 vituperantur.

1012 689 1053 722 Ι.

841 754 1051 800 Quidam
1083 754 1213 788 dixit.

132 827 161 857 1.
205 826 233 857 0
257 828 332 856 urbs
355 825 558 856 Damascus!
598 824 694 855 Sume
714 835 781 854 eam
804 827 944 863 scitoque
966 828 1094 855 noctem.
1119 835 1199 863 quae
1221 824 1308 861 layna
1332 825 1392 854 duo
1411 826 1525 863 serclri
1547 836 1616 855 rum
1634 828 1750 866 funere
1771 831 1838 858 eius
1861 830 1917 859 ab·

771 879 883 913 ducat,
907 882 1028 907 not-lem
1053 879 1176 908 AIA-adr
1198 889 1276 908 esse.

247 948 357 988 Optat,
386 954 418 978 ut
447 958 526 978 uxor
552 953 654 978 morte
683 948 855 988 abripiatur
882 953 914 977 et
941 948 1049 978 urbem
1078 948 1277 987 Damascum,
1305 949 1355 979 ubi
1382 955 1599 987 commoratur,
1628 957 1775 992 tanquam
1804 963 1920 993 perso-

134 1023 204 1043 nam
233 1013 409 1052 alloquitur.
438 1012 590 1052 Narrant,
618 1012 753 1041 Arabcm
782 1016 995 1050 campestrem
1024 1019 1155 1040 uxorem
1182 1011 1241 1041 sibi
1268 1011 1351 1041 baud
1377 1013 1567 1053 placentem,
1595 1014 1772 1045 dicentibus
1800 1018 1920 1058 amicis,

134 1075 251 1105 febrem
280 1075 427 1106 Damasci
456 1075 637 1104 mulieribus
664 1074 872 1114 perniciosam
900 1083 986 1112 esse,
1003 1073 1193 1103 Damascum
1221 1072 1355 1103 duxisse
1382 1080 1414 1104 et
1434 1074 1529 1105 hosce
1553 1086 1668 1106 versus
1688 1079 1918 1117 composuisse.

134 1138 252 1168 Noctis
280 1138 467 1167 mentionem
496 1137 587 1175 fecit,
626 1137 708 1176 quod
742 1137 926 1166 feminarum
955 1135 1065 1165 sunera
1092 1135 1232 1166 fortasse
1259 1138 1358 1167 noctis
1387 1142 1528 1177 tempore
1556 1139 1778 1169 efferebantur.
1830 1142 1917 1172 Illam

136 1206 274 1238 noctem,
290 1210 352 1241 qua
371 1200 462 1230 funus
482 1201 590 1230 uxoris
615 1200 794 1239 efferretur,
819 1199 878 1238 ipsi
910 1199 1055 1237 optimam
1081 1208 1167 1236 esse,
1182 1208 1220 1228 co
1248 1198 1411 1236 indicavit,
1439 1199 1520 1238 quod
1551 1210 1619 1230 eam
1647 1208 1770 1232 noctem
1799 1203 1922 1234 Alkadr

135 1271 207 1293 esse
225 1262 313 1292 dixit.
333 1262 469 1292 Noctem
487 1261 607 1292 Alkadr
626 1261 812 1301 appellatam
839 1261 996 1291 meliorem
1016 1270 1103 1301 esse,
1122 1270 1211 1300 quam
1240 1261 1322 1291 mille
1350 1270 1472 1291 menses
1492 1262 1520 1291 in
1536 1262 1660 1292 Corano
1686 1264 1758 1294 Sur.
1771 1265 1829 1300 97,
1846 1275 1877 1295 v.
1888 1264 1920 1296 3.

136 1324 278 1364 legimus.
306 1324 445 1355 Causam
475 1326 504 1354 in
532 1333 571 1353 eo
598 1324 770 1361 inveniunt,
795 1322 878 1363 quod
905 1323 968 1352 ista
994 1325 1087 1351 nocte
1106 1322 1194 1352 Deus
1214 1325 1310 1352 totum
1339 1322 1454 1352 Corani
1480 1323 1590 1353 librum
1619 1325 1647 1353 in
1676 1326 1795 1356 coelum
1816 1326 1922 1357 mundi

137 1386 310 1427 demiserit,
329 1386 410 1416 unde
430 1387 498 1416 eius
519 1386 663 1426 singulae
687 1391 795 1426 partes
815 1391 962 1425 tanquam
981 1384 1094 1414 stellae
1113 1392 1168 1422 pro
1188 1385 1311 1413 ratione
1329 1384 1470 1414 utilitatis
1492 1385 1521 1415 in
1541 1386 1687 1416 mundum
1708 1387 1831 1418 delatae
1851 1388 1924 1419 sint.

137 1484 171 1512 2.
213 1482 409 1519 sanquinem
432 1483 531 1516 edam,
555 1486 586 1512 si
605 1484 709 1512 altera*
731 1492 832 1511 uxore
853 1482 978 1518 maynis·
999 1479 1164 1509 inauribus
1185 1480 1307 1514 arnald,
1335 1481 1408 1509 boni
1428 1482 1532 1511 odoris
1554 1485 1584 1511 te
1606 1492 1669 1512 non
1690 1483 1848 1514 terream!

238 1551 364 1581 Ponens
393 1561 462 1581 eam
490 1552 672 1582 morituram
701 1561 762 1581 non
789 1560 878 1591 esse,
905 1551 934 1580 ei
963 1550 1065 1580 altera
1091 1558 1192 1579 uxore
1220 1548 1367 1579 ducenda
1394 1550 1539 1581 minatur.
1591 1552 1684 1582 Hanc
1709 1562 1838 1583 uxorem
1865 1563 1926 1583 no·
1969 1584 1975 1585 c

138 1613 243 1652 bilem,
271 1613 434 1653 pulchram
462 1614 599 1644 futuram
628 1624 712 1644 esse.
739 1615 846 1644 Verba
875 1611 963 1660 „bij-³¹3
990 1624 1083 1654 &Ji-⁴⁶
1109 1617 1203 1641 &cb-su
1231 1612 1379 1652 ambigua
1405 1618 1487 1643 sunt.
1516 1613 1566 1643 Ad
1587 1614 1719 1644 verbum
1747 1624 1784 1644 ea
1812 1620 1925 1645 verto:

140 1685 190 1717 ea,
217 1676 306 1706 cuius
334 1676 442 1712 locus,
472 1677 522 1706 ubi
549 1676 666 1706 inauris
694 1676 829 1717 decidit,
868 1680 1006 1706 remotus
1040 1681 1101 1706 est.
1152 1676 1284 1705 Poetam
1311 1684 1443 1715 magnas
1471 1680 1503 1705 et
1530 1676 1688 1715 pretiosas
1715 1677 1842 1706 inaures
1869 1676 1927 1708 de-

142 1739 296 1779 scribere,
328 1740 358 1768 in
385 1739 485 1768 animo
511 1739 663 1769 habuisse
697 1743 782 1779 puto,
833 1739 977 1778 lnaureS,
1001 1738 1114 1777 quibus
1139 1737 1280 1766 Arabum
1311 1738 1459 1767 mulieres
1478 1747 1555 1767 sese
1582 1739 1746 1776 ornabant,
1774 1739 1927 1769 interdum

142 1800 248 1841 magni
275 1799 369 1839 pretii
404 1804 502 1829 erant.
569 1798 715 1829 Omnium
750 1800 850 1839 prima
875 1800 999 1837 Maria,
1032 1798 1096 1828 filia
1123 1799 1261 1829 Alkamii
1288 1804 1342 1829 aut
1369 1800 1521 1830 Thsalimi
1551 1800 1579 1830 b.
1607 1800 1737 1831 Wahab
1764 1801 1926 1831 inauribus

142 1872 233 1892 usam
261 1871 347 1899 esse,
365 1866 502 1891 narrant.
534 1859 625 1898 Quae
653 1870 744 1900 quum
771 1862 896 1892 maximi
924 1861 1013 1901 pretii
1042 1866 1165 1901 essent,
1184 1871 1240 1891 eas
1268 1862 1384 1901 templo
1403 1862 1560 1892 Meccano
1589 1862 1669 1892 dono
1697 1863 1792 1893 dedit.
1819 1864 1926 1894 conf.

143 1922 241 1953 Meid.
270 1922 303 1963 7,
331 1921 364 1951 3.
392 1922 449 1959 25,
480 1922 558 1951 149.
610 1922 737 1952 Nomen
773 1923 892 1952 inauris
919 1921 1071 1964 generale
1095 1920 1161 1964 „1053
1187 1929 1249 1953 est.
1307 1925 1356 1954 De
1385 1935 1468 1955 voce
1494 1934 1582 1957 Q
1617 1934 1678 1954 non
1715 1927 1927 1957 consentiunt.

145 1985 211 2015 Aut
233 1985 353 2014 inauris
389 1983 489 2028 (5253)
518 1990 639 2024 partem
674 1985 871 2024 superiorem
907 1990 962 2015 aut
997 1988 1155 2026 inaurem,
1183 1995 1244 2024 qua
1277 1988 1474 2026 superiorem
1505 1988 1589 2018 auris
1617 1993 1738 2028 partem
1766 1990 1930 2028 ornabant,

144 2047 304 2088 designat.
356 2047 473 2078 Verbis
502 2044 552 2075 Lo>
577 2045 680 2086 vm,
707 2056 763 2087 pro
791 2048 904 2086 quibus
932 2046 1131 2077 Abu-1·Ah1a
1158 2045 1212 2078 bot>
1236 2050 1334 2092 &552
1362 2047 1453 2090 legit,
1482 2050 1603 2079 varium
1630 2059 1758 2081 sensnm
1779 2052 1928 2082 tribuunt.

144 2108 217 2138 Nisi
252 2108 321 2147 quis
356 2107 461 2150 dicat,
499 2118 601 2138 voces
637 2106 687 2137 La>
722 2106 813 2141 ssa-155
839 2118 916 2138 esse
943 2118 999 2148 pro
1027 2107 1071 2138 Lo>
1097 2112 1207 2153 eas-³5:22,
1234 2111 1333 2141 verba
1359 2111 1454 2142 edere
1480 2112 1668 2153 sanguinem
1694 2114 1736 2143 nil
1772 2114 1930 2154 respicere

146 2174 304 2212 possunt,
333 2171 393 2200 nisi
428 2180 568 2212 morem,
606 2181 668 2211 quo
698 2172 823 2202 Arabes
850 2173 971 2202 summa
998 2172 1103 2212 inopia
1129 2173 1234 2212 pressi
1261 2175 1450 2215 sanguinem
1478 2175 1588 2204 cameli
1616 2185 1634 2205 e
1661 2176 1745 2206 vena
1771 2177 1871 2207 incisa
1898 2177 1928 2206 in

146 2233 329 2263 intestinum
366 2232 541 2262 immissum
575 2242 645 2264 cum
681 2234 741 2264 alia
768 2244 801 2264 re
829 2236 960 2264 mixtum
985 2240 1122 2273 coquunt
1145 2241 1177 2266 et
1203 2235 1300 2266 edunt
1327 2246 1399 2266 con
1411 2237 1432 2266 f.
1460 2237 1557 2267 Meid.
1586 2237 1643 2275 23,
1679 2238 1757 2268 1¹4.
1785 2239 1841 2276 27,
1870 2239 1926 2269 76.

148 2293 210 2333 Qui
237 2299 342 2324 autem
370 2299 425 2324 aut
451 2304 565 2325 vocem
606 2295 737 2326 edere
774 2295 842 2326 loco
872 2296 960 2325 vocis
999 2296 1141 2327 bibere
1169 2297 1284 2328 dictam
1313 2307 1388 2328 esse
1415 2298 1526 2329 volunt
1551 2305 1605 2329 aut
1631 2303 1731 2346 0053-
1757 2300 1880 2341 legunt,
1909 2301 1930 2330 ii

147 2361 201 2387 aut
228 2367 293 2387 rem
320 2366 454 2397 gravem
482 2356 656 2398 significari
685 2357 808 2395 dicunt,
844 2357 925 2397 quod
961 2360 1093 2400 sanguis
1127 2370 1188 2390 non
1214 2361 1339 2391 bibatur
1365 2366 1419 2390 aut
1447 2371 1592 2401 magnam
1619 2362 1764 2402 inopiam,
1793 2368 1825 2392 ut
1861 2362 1929 2392 loco

149 2429 250 2459 aquae
277 2420 408 2459 sanguis
437 2420 522 2458 potui
551 2420 707 2450 inservire
735 2419 848 2449 debeat
875 2424 929 2450 aut
963 2423 1153 2462 sanguinem
1180 2427 1366 2461 serpentum
1392 2421 1576 2462 significari,
1603 2422 1716 2461 quippe
1742 2428 1929 2462 serpentum

148 2481 282 2522 sanguis
311 2481 424 2510 veneni
452 2480 522 2510 loco
550 2480 712 2511 habeatur.
773 2481 878 2511 lluius
906 2484 953 2512 rei
979 2483 1008 2512 in
1036 2492 1134 2512 versu
1162 2485 1352 2513 mentionem
1383 2484 1498 2514 factam
1527 2494 1602 2515 esse
1629 2488 1737 2524 (metr.
1765 2486 1930 2527 ThawilJ:

149 2543 315 2573 Leones
341 2543 497 2582 proelii
525 2548 810 2573 occurrerunt
837 2544 1042 2575 leonibus
1069 2545 1156 2576 loci
1184 2545 1404 2585 Chafijjah
1439 2546 1540 2584 (loci
1567 2548 1762 2577 leonibus
1802 2548 1929 2579 abun-

150 2604 325 2647 dantis),
353 2609 421 2646 qui
448 2616 578 2646 super
604 2597 865 2638 loricis‘sibi
892 2608 1071 2639 invicem
1098 2608 1348 2650 sanguinem
1384 2609 1605 2650 nigrorum
1641 2611 1930 2650 (serpentum)
