2155 2892
940 150 1210 180 —127-

176 246 208 275 2.
233 245 302 276 Heu
319 248 389 285 quis
401 249 523 283 pentem
542 248 624 277 vidit.
650 247 740 274 cuins
756 247 816 274 riri
822 245 937 282 palmis
953 246 1072 274 similet
1095 249 1194 279 erant.
1220 247 1263 275 ad
1283 256 1363 285 quas
1386 258 1537 278 resecans
1561 252 1651 281 renis.
1678 253 1742 279 lum
1765 260 1819 279 eus
1833 251 1965 279 deiecit?

272 317 478 356 interrogans
506 324 680 344 moerorem
709 314 860 344 ostendit.
914 315 962 344 Ex
992 314 1048 345 hoc
1076 320 1181 345 autent
1211 325 1309 345 versu
1338 316 1508 358 videmus,
1537 325 1664 358 poetam
1694 329 1754 349 non
1785 321 1876 349 unius
1904 321 1962 350 viri

177 386 310 410 mortem
338 379 467 419 lugere3
495 377 552 408 sed
581 377 688 416 piures
719 377 747 406 in
775 386 881 417 pugna
907 378 1042 407 occisos.
1097 378 1145 408 Ob
1172 388 1333 417 proceram
1351 381 1493 419 corporis
1513 387 1679 419 staturam,
1707 393 1787 422 quae
1805 384 1962 414 Arabihus

173 442 256 473 tundi
283 448 351 472 erat
374 442 486 480 (llam.
513 449 541 479 p.
569 441 615 468 W‘l'
641 449 672 468 v.
706 439 766 476 1.),
794 448 849 469 eos
877 448 948 468 eum
978 440 1088 479 palmis
1116 443 1335 482 comparavit,
1370 443 1409 472 ob
1445 444 1555 473 mortis
1584 444 1709 475 modum
1748 456 1818 476 cum
1847 446 1960 486 palmis

174 506 323 545 resectis,
359 514 439 544 quae
466 504 494 532 in
523 508 636 532 terram
666 502 823 532 decidunt.
880 502 1001 532 Similis
1037 504 1231 542 comparatio
1264 505 1292 534 in
1321 504 1439 535 Corani
1468 506 1545 536 locis
1573 506 1643 536 Sur.
1677 509 1735 544 57,
1765 508 1821 538 20.
1849 508 1962 548 A&

167 570 257 612 suffia
283 563 447 613 μρὶὲῑ
486 564 610 603 »Quasi
638 566 658 595 ii
686 556 819 595 radices¹
843 566 1015 605 palmarum
1055 566 1178 595 omnino
1211 567 1396 597 evulsarum
1426 569 1510 598 sint«
1542 573 1573 599 et
1600 570 1674 600 Sur.
1703 572 1760 610 69,
1789 572 1819 601 7.
1850 571 1962 612 A&

173 629 273 672 abt>
299 630 360 667 ὸς
378 625 464 676 ‚bk-*²⁸
494 628 616 665 »Quasi
639 629 657 657 ii
686 628 809 657 radices
839 628 1008 667 paintarum
1037 629 1161 658 omnino
1189 630 1372 660 evulsarum
1398 631 1498 660 sint«.
1550 632 1752 662 Scholiastes
1785 635 1844 665 ista
1873 646 1961 665 com-

173 693 335 733 paratione
361 697 423 722 tam
451 694 580 721 occisos
609 701 701 730 quam
730 691 915 720 vulneratos
944 690 1072 721 iudicari
1100 696 1203 730 putat.
1256 692 1363 721 Verbo
1384 689 1461 731 ὶρξίαῖ
1488 693 1674 724 vulneratos
1703 701 1797 734 poeta
1824 697 1961 728 indicare

172 756 282 796 potuit.
334 754 572 785 Grammaticus
601 752 811 783 Aliu-I'Ahla
845 753 974 783 alterum
1011 753 1137 793 legendi
1176 752 1301 783 modum
1330 751 1427 785 αωέ
1456 755 1526 785 loco
1555 757 1645 785 vocis
1673 754 1757 786 0⁹:2—
1784 758 1959 788 adnotavit.

171 818 252 848 nuic
279 826 459 858 repugnare
486 816 613 846 videtur
642 822 703 846 tuin
731 815 814 856 quod
841 817 912 844 voci
939 815 978 845 de
1003 820 1101 845 vento
1128 815 1269 845 violento
1297 817 1456 847 adhibitae
1485 818 1666 848 femininum
1694 830 1812 860 genuS,
1847 821 1961 860 quippe

169 879 252 919 quod
281 882 351 909 voci
379 890 437 929 δὲ,
465 879 518 915 sit,
547 878 660 908 melius
690 880 891 910 conveniret,
920 882 985 907 tum
1013 877 1095 916 quod
1123 879 1255 908 verbum
1285 876 1347 908 &lii
1375 886 1473 910 vento
1502 882 1601 912 minus
1630 886 1735 921 aptum
1755 886 1815 914 est.
1869 883 1960 912 Abu-

169 938 274 972 l’Ahla
301 942 516 973 difficultatem
545 941 689 970 sentiens
717 941 923 970 masculinum
952 942 1090 979 positum
1121 946 1222 981 putat,
1246 942 1329 981 quod
1357 940 1452 975 QG:
1480 956 1546 985 ΛΕ
1574 950 1669 984 poeta
1696 946 1799 975 animo
1834 947 1960 987 cogita-

169 1007 262 1036 verit.
291 1006 361 1044 Quo
390 1004 534 1044 loquendi
563 1004 654 1034 modo
682 1004 820 1033 adhibito
846 1004 990 1032 omnibus
1017 1002 1137 1032 clarum
1165 1013 1252 1044 esse,
1282 1007 1370 1034 venti
1396 1007 1580 1037 violentiam
1608 1007 1657 1036 die
1684 1008 1875 1048 significari,
1913 1014 1959 1051 ut,

170 1072 199 1100 si
227 1070 297 1109 quis
325 1067 398 1116 &Di
426 1069 499 1111 k).‚>,
525 1067 626 1106 dieat,
666 1076 774 1096 omnes
813 1076 884 1096 eum
919 1065 1075 1095 caeruleis
1109 1065 1208 1095 oculis
1246 1065 1423 1104 praeditum
1461 1076 1554 1105 esse,
1593 1069 1704 1098 sciant.
1763 1069 1829 1099 Sed
1867 1079 1960 1110 quum

169 1130 387 1172 lexicographi
414 1133 511 1162 Quae
537 1141 596 1180 2⁸²²)
625 1128 869 1169 adnotaverint,
910 1138 971 1158 una
1004 1127 1174 1158 difficultas
1201 1127 1334 1168 tollitur,
1374 1128 1446 1158 dum
1473 1129 1573 1159 altera
1600 1134 1715 1160 manet.
1767 1131 1831 1161 Sed
1860 1141 1915 1162 cur
1941 1142 1961 1162 a

170 1193 250 1224 bona
278 1202 361 1223 voce
387 1189 471 1222 ove-'2
499 1191 696 1232 recedamus,
724 1200 854 1221 causam
883 1199 944 1219 non
972 1190 1076 1223 video.

168 1266 200 1294 3.
230 1265 312 1294 Eius
333 1268 454 1293 occisos
477 1264 591 1298 sepelio
614 1267 644 1292 et
666 1263 846 1292 vulneratos
868 1272 944 1291 euro
967 1272 1097 1301 eamque
1119 1273 1171 1291 res
1193 1273 1212 1291 a
1234 1264 1301 1293 Deo
1323 1263 1468 1292 decretas
1490 1266 1626 1302 effugere
1649 1274 1712 1294 non
1731 1275 1827 1302 posse
1849 1267 1921 1294 scin.

268 1322 392 1351 Statum
419 1331 512 1350 suum
540 1320 741 1359 describens,
768 1329 804 1349 se
832 1329 911 1360 erga
937 1323 1065 1360 gentem
1093 1319 1199 1349 officio
1227 1320 1443 1362 satisfecisse,
1479 1322 1571 1362 dicit,
1609 1332 1796 1363 quamquam
1832 1332 1885 1352 res
1921 1324 1958 1353 ab
1979 1355 1988 1362 „

166 1388 236 1426 ipso
264 1391 412 1425 peractae
439 1395 499 1414 noa
527 1388 671 1424 poterant
699 1393 758 1413 non
786 1383 926 1413 dolorem
955 1384 1048 1414 animi
1076 1392 1196 1424 augere
1225 1388 1258 1413 et
1284 1383 1377 1413 simul
1401 1384 1512 1414 fortem
1539 1394 1576 1414 se
1612 1386 1848 1424 patientemque
1883 1395 1959 1415 esse

167 1448 301 1487 indicat;
329 1448 378 1487 qui
406 1448 499 1484 enim,
528 1456 593 1476 rem
622 1456 640 1476 a
667 1446 735 1475 Deo
767 1446 926 1475 decretam
954 1446 1065 1476 mutari
1092 1454 1153 1474 non
1180 1455 1290 1485 posse,
1318 1446 1391 1484 scit,
1419 1446 1443 1475 is
1471 1456 1523 1475 res
1551 1449 1709 1486 patienter
1743 1447 1827 1477 ferre
1862 1448 1956 1477 solet.

166 1525 287 1554 Vocem
314 1529 372 1564 ἐν
399 1523 521 1552 Muna
549 1531 605 1560 pro
632 1504 691 1562 &21⁷0
717 1521 880 1560 Munija
908 1520 1013 1550 dicere
1041 1519 1175 1550 dialecto
1204 1521 1310 1561 gentis
1335 1520 1415 1550 Thai
1435 1521 1582 1560 proprius
1602 1522 1826 1560 pronunciandi
1846 1522 1956 1552 modus

167 1605 217 1629 est
244 1598 344 1629 conf.
373 1599 476 1628 Ham.
505 1607 533 1636 p.
562 1596 608 1625 fw
637 1596 653 1626 Ι,
686 1596 706 1625 4
736 1595 802 1626 infr.
833 1606 862 1635 p.
889 1598 932 1624 ‘lw
959 1595 976 1627 Ι.
1006 1595 1027 1625 9
1057 1595 1126 1628 infr.

166 1684 197 1712 4.
223 1681 305 1718 Quo!
320 1684 458 1720 feminae
479 1682 642 1711 dicebant:
676 1681 739 1718 Qm‘
769 1682 811 1709 m!
838 1691 905 1709 eam
929 1682 1045 1717 tendit,
1069 1683 1137 1709 eius
1160 1690 1227 1709 ποι·
1249 1681 1343 1717 lonya
1373 1680 1441 1709 est!
1468 1681 1596 1710 Iusidus
1627 1682 1651 1709 b.
1677 1680 1802 1710 Altmru
1826 1682 1868 1709 ad
1889 1691 1957 1709 eum

734 1736 881 1771 letemlit;
904 1739 968 1764 lum
992 1735 1080 1763 Deus
1105 1736 1147 1763 ad
1169 1744 1236 1763 eam
1259 1736 1385 1764 tlirezit.

263 1807 296 1835 In
324 1815 424 1835 sensu
451 1814 568 1835 versus
595 1804 819 1835 constituendo
847 1805 1038 1844 interpretes
1068 1813 1127 1833 non
1157 1805 1369 1835 consentiunt.
1409 1804 1596 1834 Mersukius
1623 1813 1752 1834 sensum
1779 1805 1954 1844 expressit,

166 1872 218 1910 qui
247 1870 275 1898 in
304 1870 453 1898 versione
477 1872 538 1897 est.
592 1868 700 1897 Verba
727 1868 772 1896 sic
799 1867 1002 1907 grammatice
1031 1867 1214 1905 explicavit.
1276 1866 1387 1896 Verba
1420 1864 1477 1906 tesi
1505 1882 1547 1904 α·
1586 1866 1656 1896 loco
1694 1866 1831 1896 subiecti
1868 1875 1954 1904 esse,

167 1932 257 1962 cuius
284 1931 498 1970 praedicatum
525 1930 625 1960 verba
651 1927 712 1966 Q
739 1926 801 1963 „Uo
827 1930 901 1959 sint.
953 1931 1062 1960 Verba
1081 1941 1142 1973 :⁶²
1167 1942 1210 1975 0?
1237 1934 1312 1976 &qus-‚q
1340 1930 1378 1959 ab
1407 1929 1670 1959 antecedentibus
1695 1928 1893 1968 separanda,
1923 1934 1956 1957 ut

166 2002 271 2022 sermo
298 1992 399 2023 denuo
427 1993 566 2032 incipiat,
597 2001 713 2021 novum
737 1991 916 2021 subiectum
945 2001 1031 2029 esse,
1057 1992 1144 2021 cuius
1168 1992 1342 2031 praedicati
1369 1992 1471 2021 locum
1499 2000 1561 2020 vos
1590 1988 1647 2030 [μὶ
1675 1995 1793 2020 teneat.
1847 1991 1957 2020 Verba

167 2059 271 2085 autem
301 2052 341 2093 ῳ
367 2049 495 2094 ύὸᾱέῑό
534 2054 604 2083 mihi
638 2054 770 2084 alterius
808 2053 980 2092 praedicati
1018 2053 1119 2082 locum
1150 2062 1305 2092 occupare
1333 2053 1489 2083 videntur.
1541 2052 1676 2082 Sensum
1704 2057 1811 2082 autem
1838 2060 1956 2080 versus

167 2119 215 2147 sie
243 2118 405 2157 exposuit:
443 2117 553 2147 Plures
576 2117 708 2146 feminas
734 2116 843 2146 dolore
871 2116 1018 2146 adflictas
1048 2116 1191 2153 dixisse,
1227 2118 1279 2155 qui
1303 2115 1342 2145 ad
1370 2116 1442 2145 illos
1472 2115 1597 2144 occisos
1625 2114 1733 2154 gentis
1769 2118 1821 2142 eat
1858 2119 1890 2142 et
1917 2112 1955 2142 ad

165 2190 222 2211 eos
252 2181 430 2219 perveniat,
457 2179 523 2209 eius
551 2184 676 2209 noctem
706 2179 834 2219 longam
862 2188 938 2208 esse
964 2179 983 2208 i.
1003 2188 1031 2208 e.
1053 2166 1125 2208 eum
1145 2187 1256 2207 somno
1277 2178 1433 2216 privatum
1452 2176 1500 2215 iri,
1531 2185 1624 2215 quum
1644 2184 1751 2205 eorum
1781 2174 1954 2213 adspectus

169 2254 241 2274 eum
269 2252 391 2274 summo
419 2251 564 2272 moerore
591 2242 777 2272 adfectui-us
804 2242 854 2272 sit.
906 2242 986 2270 'l'um
1013 2240 1151 2270 Iasidum
1180 2241 1208 2270 b.
1231 2239 1353 2269 Ahmru
1371 2238 1589 2278 respondisse,
1617 2247 1654 2266 se
1674 2236 1714 2266 ad
1734 2231 1800 2271 (p.
1824 2229 1954 2269 4340

167 2315 222 2336 eos
248 2306 360 2336 ivisse.
411 2305 542 2334 Poetam
569 2305 701 2334 verbum
727 2301 846 2344 &0395
874 2303 1068 2343 adhibuisse,
1098 2312 1193 2342 quum
1214 2302 1316 2339 locus,
1344 2302 1396 2331 ubi
1415 2310 1497 2342 gens
1517 2302 1623 2329 occisa
1643 2303 1746 2338 esset,
1773 2297 1832 2336 ipsi
1852 2305 1955 2336 quae-

165 2366 283 2397 rendus
308 2370 409 2396 esset.
461 2364 624 2395 Tebrisius
651 2374 730 2394 vero
756 2374 888 2394 sensum
915 2364 964 2394 sic
991 2365 1156 2404 exposuit:
1199 2363 1286 2402 Quot
1310 2364 1445 2393 feminae
1474 2362 1638 2393 dicebant:
1678 2360 1758 2397 Quis
1794 2359 1832 2388 ad
1872 2358 1955 2388 hane

166 2433 294 2469 gentem
321 2428 379 2457 ivit
409 2424 487 2470 (nox
515 2427 583 2457 eius
611 2427 708 2468 longa
725 2424 814 2471 siti),
842 2429 936 2458 itaut
954 2422 1206 2462 verhaad-,ddtb
1220 2424 1398 2455 invocando
1417 2423 1604 2461 inserviant,
1635 2430 1699 2450 rem
1725 2430 1786 2450 non
1815 2424 1954 2450 narrent.

167 2489 300 2528 Reliqua
328 2494 434 2519 autem
462 2498 579 2519 versus
607 2494 698 2528 parte
724 2499 911 2529 responsum
939 2489 1090 2520 contineri
1120 2488 1209 2518 dixit.
1237 2488 1331 2517 Hunc
1359 2486 1527 2515 verborum
1554 2492 1684 2513 sensum
1713 2492 1808 2524 esse,
1847 2492 1888 2512 ex
1915 2491 1954 2511 eo

166 2561 321 2592 apparere
351 2557 453 2593 putat,
483 2552 564 2592 quod
597 2552 687 2582 »eius
713 2549 851 2595 (gentis)
877 2553 1002 2583 occisos
1027 2551 1168 2591 sepelio«
1198 2548 1320 2586 dixerit,
1349 2554 1442 2585 quum
1471 2553 1530 2574 sua
1557 2552 1638 2584 gens
1663 2544 1786 2586 ipsum,
1823 2548 1856 2572 ut
1884 2552 1956 2573 cum

166 2614 229 2644 ista
255 2620 352 2655 gente
380 2620 552 2656 pugnaret,
576 2614 790 2656 instigaverit.
