2155 2892
888 131 937 139 —-
993 114 1073 145 118.
1114 129 1158 136 -

141 220 307 252 redituram
336 227 397 247 non
425 225 511 246 esse.
565 215 638 254 Qua
665 215 695 245 in
723 225 758 245 re
786 215 901 245 summi
921 215 1037 246 amoris
1057 214 1203 245 indicium
1221 214 1336 254 vide03
1365 214 1432 244 fieri
1452 217 1535 244 euim
1554 215 1649 253 solet,
1677 219 1723 254 ut,
1750 218 1780 246 si
1807 216 1930 246 animus

141 287 250 313 noster
279 281 322 311 rei
351 288 459 309 amore
486 279 611 308 omnino
640 278 790 318 impletus
817 279 871 317 sit,
899 288 957 308 nos
985 288 1023 308 ea
1051 278 1196 316 privatos
1227 286 1324 317 esse,
1352 277 1492 317 cogitare
1522 277 1578 306 vix
1610 277 1772 316 possimus
1807 283 1840 308 et
1873 277 1928 308 de-

139 346 255 376 siderio
284 346 330 373 rei
358 343 497 373 omissae
523 342 563 372 de
591 351 674 372 novo
704 347 878 371 teneamur.
939 341 990 370 Ex
1026 339 1274 369 homoioteleuto
1311 338 1583 369 hemistichiorum
1619 340 1752 378 primum
1786 339 1931 370 carminis

139 417 269 438 versum
295 416 372 437 esse
399 408 639 448 cognoscimus.

136 506 167 534 2.
192 504 291 534 Alone
314 505 397 537 abiit,
422 503 495 532 dum
518 502 634 530 humus
656 503 685 529 ei
707 502 808 538 mayis
831 502 983 533 convenil,
1009 510 1103 538 quam
1116 502 1248 536 amicus,
1272 502 1315 530 ad
1328 500 1541 529 habitaculum
1557 503 1717 533 remostcm,
1743 500 1932 538 qnodoculis

891 556 1105 592 propinquum
1129 556 1184 582 est.

236 626 382 665 Suspiria
419 625 549 655 trahens
584 626 703 653 statum
739 624 849 653 uxoris
884 628 1039 653 mutatum
1074 622 1236 652 describit.
1298 621 1388 651 Prior
1423 630 1542 650 versus
1581 629 1654 660 pars
1687 629 1787 650 sensu
1817 624 1931 659 poetae

140 689 250 719 verbis
278 687 507 727 quodammodo
535 686 646 715 similis
675 691 725 716 est
745 686 838 715 llam.
860 696 888 725 p.
907 684 949 714 Μ
973 686 1082 724 (metr.
1105 684 1252 722 CamelJ:
1284 684 1399 713 Deus
1426 683 1503 713 tibi
1532 683 1815 712 desideratae
1843 692 1931 721 pro-

138 754 274 794 pitius
303 754 381 791 sit,
410 759 530 790 quum
558 749 681 778 locus
714 749 900 778 incultus
936 748 1010 778 tibi
1048 756 1125 776 non
1158 745 1413 783 conveniat,
1449 745 1604 784 posterior
1630 755 1704 784 pars
1732 745 1771 775 ad
1799 754 1930 774 sensum

139 816 339 854 sequentium
367 812 510 851 proxime
538 811 662 841 accedit
690 810 794 840 cons.
822 811 932 840 llam.
960 820 990 849 p.
1016 808 1063 838 7²·0
1090 818 1121 838 v.
1151 808 1204 838 5.:
1250 808 1391 838 »Eorum
1418 808 1565 837 vicinitas
1592 808 1767 846 propinqua
1800 812 1866 847 est,
1899 813 1931 837 at

140 878 229 907 locus
257 883 415 905 occursus
444 874 539 915 longe
566 876 741 903 remotus«.

139 987 173 1016 3.
194 987 269 1015 ,Yon
291 988 339 1014 esl
360 994 481 1013 moeror
504 984 678 1018 habendus,
703 984 799 1013 donec
821 982 933 1011 oculus
948 992 1061 1021 aquam
1076 990 1168 1010 suam
1184 980 1340 1009 exhaurit
1354 982 1385 1008 et
1396 981 1517 1008 viscera
1528 979 1730 1016 pulpitalioni
1745 979 1931 1018 adsueficml.

238 1055 399 1084 Mororum
427 1062 574 1094 magnum
603 1053 805 1094 generalibus
833 1053 942 1082 verbis
970 1052 1102 1091 loquens
1131 1049 1269 1079 indicare
1304 1049 1442 1078 videtur.
1494 1049 1540 1078 Se
1568 1053 1701 1079 mortem
1726 1050 1838 1078 uxoris
1873 1048 1932 1079 de-

137 1118 282 1157 plorare,
319 1116 421 1146 donec
457 1115 615 1155 lacrymae
644 1114 820 1144 exhaustae
847 1115 909 1144 sint
937 1118 969 1143 et
995 1123 1051 1143 cor
1077 1122 1205 1152 semper
1235 1113 1377 1152 palpitet.
1432 1112 1496 1143 Cor
1524 1117 1628 1142 autem
1655 1122 1751 1152 quum
1786 1112 1837 1142 diu
1863 1111 1934 1151 pal-

137 1181 226 1220 pitat,
254 1178 437 1218 palpitando
465 1187 527 1206 nou
554 1176 688 1215 amplius
716 1181 887 1217 repugnat,
916 1180 949 1206 ut
976 1177 1004 1206 ei
1032 1176 1200 1207 adsuefiat.
1228 1176 1319 1205 Hanc
1337 1175 1427 1204 verbi
1446 1177 1519 1217 *5:⁸²
1537 1174 1804 1216 significationem
1824 1174 1932 1204 verbis

136 1247 253 1282 poetae
280 1240 474 1271 scholiastes
512 1239 678 1269 adfirmare
716 1238 824 1268 studet
852 1239 957 1277 (metr.
986 1239 1147 1278 Thawil):
1191 1238 1351 1268 Contra
1385 1237 1669 1268 adsuefactas
1707 1237 1932 1277 occursui,

137 1309 342 1335 austeras
383 1299 496 1344 (equos
523 1301 708 1342 significare
734 1298 889 1344 videtur).
944 1302 978 1330 In
1008 1302 1118 1331 verbis
1145 1303 1227 1341 Q»
1253 1298 1276 1329 35
1303 1300 1516 1340 praedicatum
1544 1299 1697 1328 omissum
1725 1304 1794 1339 est,
1832 1303 1866 1329 ut
1892 1300 1933 1330 sit

137 1377 193 1408 pro
219 1365 325 1404 Quoi>
351 1370 432 1405 αφ,
463 1363 487 1393 ὃ
518 1374 600 1394 »non
626 1369 676 1393 est
703 1373 824 1393 moeror
852 1364 1027 1393 exsistens.
1081 1363 1164 1393 Voci
1190 1351 1313 1407 Οῶιὲὺ
1344 1362 1373 1391 in
1400 1361 1534 1391 Tebrisii
1562 1360 1671 1390 codice
1699 1360 1778 1390 alter
1805 1360 1933 1401 lege'udi

138 1430 249 1461 modus
276 1419 384 1474 0ἱὲὲὲ
412 1427 650 1467 superscriptus
678 1432 740 1457 est.

944 1521 1134 1554 LXIII.

887 1588 1027 1622 Iden!
1051 1586 1189 1621 «lixit.

238 1662 426 1692 Mersukius
443 1661 620 1698 adnotavit,
649 1660 975 1701 Abu-Tammamum,
1004 1670 1192 1699 quamluam
1212 1659 1382 1689 Moslimus
1399 1669 1457 1690 suo
1478 1664 1621 1699 tempore
1638 1662 1776 1699 viveret,
1806 1669 1931 1701 versus,

137 1735 214 1766 quos
244 1724 395 1765 pulchros
424 1724 592 1760 inveniret,
620 1723 650 1751 iu
678 1723 785 1752 librum
814 1729 919 1752 suum«
943 1723 1116 1761 recepisse.
1170 1723 1203 1752 ln
1234 1722 1311 1751 libro
1345 1721 1627 1751 Ebu-challikani
1653 1722 1717 1751 No.
1745 1722 1827 1753 830.
1856 1723 1931 1762 edit,

136 1789 303 1822 WVustenf.
331 1798 360 1827 p.
393 1788 446 1817 11.
474 1791 609 1826 quatuor
637 1794 748 1815 versus
777 1786 876 1814 nostri
904 1785 1010 1815 addito
1039 1787 1145 1824 quinto
1174 1785 1258 1815 citati
1287 1790 1374 1821 suut,
1402 1785 1515 1823 quibus
1543 1786 1711 1815 Moslimus
1738 1786 1767 1815 b.
1792 1786 1931 1816 Alwalid

137 1852 273 1882 Iasidum
294 1851 322 1880 b.
342 1849 449 1880 Mos-id
472 1849 652 1878 deflevisse
679 1849 803 1889 dicitur,
831 1848 880 1887 qui
910 1849 938 1877 iu
967 1848 1081 1887 oppido
1111 1848 1257 1877 Bardaah
1285 1848 1314 1876 in
1343 1852 1486 1877 extrema
1516 1847 1732 1887 Aderbidjana
1758 1848 1820 1878 sito
1848 1849 1930 1878 diem

137 1915 259 1954 obierit,
287 1917 483 1953 quapropter
510 1915 611 1954 iis->543
634 1914 683 1957 543
710 1912 751 1940 ibi
780 1911 908 1951 legitur.
963 1911 1023 1939 Alii
1052 1916 1159 1939 autem
1188 1909 1312 1947 dicunt,
1347 1914 1471 1948 poetam
1498 1909 1635 1938 Iasidum
1662 1909 1690 1938 b.
1720 1909 1841 1940 Ahmed
1869 1911 1930 1940 Al-

137 1976 251 2005 solami
278 1974 479 2014 deplorasse,
508 1974 559 2003 alii
587 1973 737 2003 Malicum
767 1973 794 2001 b.
824 1972 899 2001 Ahli
926 1971 1121 2001 Alschosahi
1152 1976 1183 2001 et
1213 1971 1380 2012 legendum
1415 1981 1491 2000 esse
1523 1968 1634 2015 obal-5.
1659 1972 1726 2014 52⁸3·
1778 1972 1811 2001 In
1841 1973 1930 2002 Ebu-

139 2038 316 2069 Challikani
345 2046 442 2075 opere
470 2041 544 2075 post
570 2037 702 2075 primum
729 2045 860 2064 versum
887 2043 1028 2074 sequens
1056 2034 1197 2063 insertus
1226 2038 1294 2062 est:
1342 2028 1407 2079 iij>
1439 2034 1517 2068 sexa?
1553 2034 1634 2074 ³²⁴9)
1660 2033 1713 2071 ge:
1738 2031 1828 2080 obj-Il
1854 2033 1928 2079 &ml

152 2100 196 2135 laq
223 2095 296 2140 Um)
324 2095 364 2125 alil
383 2095 449 2141 ;*²³
482 2097 643 2137 »Reliquit
672 2102 796 2136 teinpus
826 2097 916 2138 genti
944 2096 1068 2125 Rabiah
1093 2105 1130 2125 eo
1159 2095 1309 2124 defuncto
1337 2095 1508 2135 tristitiam,
1539 2105 1631 2135 quae)
1660 2105 1715 2134 per
1731 2096 1788 2125 Dei
1815 2094 1927 2126 vitam!

133 2122 199 2191 hon
214 2160 392 2191 aufertur«.
425 2158 510 2188 Ordo
528 2168 678 2188 versuum
694 2159 732 2187 ibi
750 2159 793 2188 sic
820 2161 957 2187 mutatus
983 2160 1033 2186 est
1064 2157 1102 2196 1)
1124 2159 1173 2200 543
1201 2154 1238 2198 2)
1256 2159 1329 2202 &sul
1358 2153 1395 2198 3)
1418 2153 1526 2187 ψέλια
1554 2153 1590 2200 4>
1608 2159 1716 2189 With
1744 2154 1781 2199 ὅ)
1800 2151 1903 2195 „3935
1921 2180 1925 2185 ,

136 2271 168 2299 1:
179 2269 370 2306 Sepulcrum
384 2267 471 2305 apud
483 2266 680 2297 Holwunum,
701 2268 791 2294 cuius
802 2267 894 2305 fossa
904 2266 1039 2303 gloriam
1051 2266 1229 2299 occultavit,
1254 2275 1345 2304 quam
1363 2269 1504 2294 caeterae
1520 2266 1690 2303 diqnitales
1704 2274 1766 2294 non
1782 2270 1926 2303 aequant.

236 2339 279 2368 Ut
305 2342 400 2377 poeta
427 2337 520 2365 Ham.
549 2339 578 2374 p.
607 2333 655 2363 fro
683 2344 713 2363 v.
743 2334 774 2365 3.
802 2336 934 2365 miratus
962 2341 1049 2377 erat,
1085 2336 1266 2375 sepulcrum
1294 2335 1511 2364 liberalitatem
1547 2333 1760 2375 abscondere,
1795 2335 1843 2364 sic
1876 2335 1925 2365 hic

139 2402 278 2441 miratur,
310 2399 393 2440 quod
423 2398 555 2440 gloriam
584 2398 735 2427 occultet.
790 2398 993 2427 Scholiastes
1021 2403 1125 2427 autem
1152 2406 1267 2427 vocem
1286 2393 1369 2441 5125>
1391 2407 1447 2436 pro
1459 2394 1542 2441 Jizi>
1558 2390 1599 2435 ,ὁ
1618 2396 1728 2425 dictam
1748 2406 1823 2426 esse
1845 2398 1924 2438 vult,

139 2469 181 2493 ut
207 2463 341 2502 gloria
369 2461 619 2498 excellens,
649 2459 812 2488 nobilis
841 2459 1037 2500 designetur.
1090 2460 1123 2488 ln
1150 2469 1249 2489 versu
1277 2459 1396 2498 duplex
1423 2459 1547 2499 legendi
1576 2458 1734 2489 modus,a
1762 2460 1924 2489 Mersukio
1956 2472 1962 2474 -

138 2524 306 2553 adnotatus
334 2529 384 2552 est
414 2528 468 2553 aut
489 2521 592 2566 faxml
623 2527 678 2551 aut
697 2520 773 2565 sul.
826 2521 926 2550 Priori
953 2526 1129 2563 repugnat,
1159 2521 1241 2560 quod
1268 2521 1488 2562 lexicographi
1516 2520 1658 2550 decimae
1686 2520 1807 2550 formae
1835 2526 1924 2550 tran-

137 2585 266 2615 sitivam
293 2590 423 2623 quartae
453 2584 721 2626 significationem
748 2593 809 2613 non
838 2585 1022 2614 tribuerunt.
1074 2585 1158 2614 Voci
1185 2584 1418 2614 intransitivam
1452 2580 1720 2623 significationem
1756 2592 1849 2619 esse,
1881 2592 1923 2612 ex
