2155 2892
920 116 1187 147 -216-

167 221 199 250 6.
244 220 327 249 Era!
356 228 392 246 ac
421 219 451 245 si
479 217 563 253 flava
593 211 759 253 (locusta)
787 216 860 250 post
887 215 956 242 eius
977 217 1104 242 mortem
1127 223 1181 242 cor
1202 223 1304 242 meum
1326 212 1522 252 abstulisset,
1547 214 1600 242 cui
1621 223 1731 251 aymen
1754 214 1946 244 locustarum

920 268 1038 296 obviam
1062 270 1197 297 venerat.

263 340 442 376 'l'antopere
470 339 575 365 autem
604 337 704 362 morte
730 332 800 362 eius
827 332 975 362 adflictus
1003 337 1083 372 erat,
1110 336 1142 363 ut
1168 332 1270 362 animo
1298 332 1443 372 privatus
1469 331 1641 362 videretur.
1701 332 1948 373 Significaturus

168 405 303 434 animum
335 400 438 439 ipsum
471 397 595 426 omnino
630 395 820 434 reliquisse,
855 399 890 423 ut
923 394 1080 424 rediturus
1115 404 1176 424 non
1212 397 1320 431 esset,
1356 393 1474 424 flavam
1502 394 1655 424 locustam
1682 402 1750 424 eum
1777 394 1950 425 abstulisse

167 466 250 496 dicit.
303 464 463 493 Locustae
490 459 656 490 avolantes
685 466 745 486 non
773 456 916 494 redeunt,
944 461 988 496 et,
1016 456 1066 486 ubi
1093 457 1279 491 manserint,
1305 465 1396 485 nemo
1423 456 1493 485 scit.
1554 457 1655 486 Flava
1682 457 1806 487 locusta
1834 466 1950 487 marem

168 529 311 557 lOCUSlae
339 523 494 562 designat·
546 521 619 550 Mas
647 519 747 548 18ΐίοΓ
776 528 920 557 corpore,
949 528 1040 557 quum
1068 518 1139 547 ovis
1166 518 1195 547 in
1222 523 1336 547 ventre
1360 522 1515 557 gravatus
1542 528 1602 547 non
1629 518 1680 555 sit,
1709 518 1738 547 in
1765 518 1952 548 remotiores

170 591 320 630 regiones
348 585 481 615 avolans
509 592 569 612 non
595 582 687 619 redit,
714 580 786 610 dum
817 580 933 610 femina
960 588 1023 609 ova
1048 580 1116 608 loco
1147 579 1311 618 deponens
1340 583 1455 609 manet.
1507 581 1567 610 Hic
1594 589 1712 610 versus
1737 580 1767 609 in
1794 579 1955 611 Mersukii

170 652 277 683 codice
307 649 515 679 desideratur.

953 736 1168 770 cxxvl.

173 809 493 848 Sehammaeh
518 807 723 840 mortem
747 802 953 838 ohmari
979 804 1022 836 h.
1049 802 1179 837 Abi-
1194 803 1510 837 venati-thal»
1534 803 1795 845 deplorans
1819 803 1955 840 dixit.

270 884 336 914 Sed
364 883 402 912 de
430 885 561 911 auctore
586 888 738 908 versuum
766 886 826 906 non
856 875 1067 907 consentiunt.
1094 875 1144 905 Ab
1174 875 1434 916 Abu-Rijascho
1472 875 1652 905 Mosam-ido
1688 876 1755 906 eius
1783 876 1888 917 fratri,
1918 878 1955 907 ab

174 944 490 979 Abu-Monammede
519 942 667 972 Alahrabi
697 941 796 980 Djaso
824 941 852 970 b.
882 940 995 969 Dhirar
1023 938 1092 968 eius
1119 937 1209 968 fratri
1235 937 1425 967 tribuuntur.
1487 938 1523 968 Si
1552 937 1679 969 Ollmari
1706 938 1834 969 caedem
1861 945 1956 979 poeta

175 1010 283 1049 deflet,
312 1016 392 1038 anno
421 1006 466 1036 23
489 1006 584 1046 fugae
610 1003 684 1034 dicti
711 1007 785 1033 sunt
810 1012 939 1033 versus,

180 1108 207 1137 1.
232 1108 320 1136 Deus
336 1104 476 1142 principi
495 1103 606 1131 bonum
629 1101 782 1130 retribuat
801 1104 831 1129 el
853 1109 967 1128 manus
988 1100 1049 1129 Dei
1069 1101 1122 1128 isti
1142 1100 1209 1127 culi
1230 1098 1371 1136 ‹liffissae
1394 1096 1574 1126 benedicat!

273 1175 374 1205 Poeta
411 1173 513 1202 Deum
548 1176 657 1211 rogat,
695 1174 730 1199 ut
763 1179 818 1209 pro
857 1169 1019 1199 beneficiis
1057 1169 1086 1198 in
1121 1167 1264 1197 subditos
1301 1167 1445 1207 collatis,
1482 1166 1631 1206 praemiis
1659 1167 1831 1207 principem
1860 1171 1959 1198 ornet.

177 1238 340 1270 Posterior
368 1245 485 1266 versus
514 1244 587 1274 pars
615 1232 746 1263 caedem
763 1232 892 1262 Ohmari
919 1231 1062 1270 respicit.
1101 1231 1310 1271 Abu—Lullia,
1338 1230 1557 1271 Almoghirahi
1585 1230 1613 1259 b.
1633 1229 1807 1260 Schohbah
1834 1239 1961 1271 servus,

178 1310 247 1332 eum
275 1301 490 1340 percusserat.
543 1296 634 1325 naec
665 1300 716 1325 est
743 1304 862 1333 causa,
904 1304 958 1324 cur
986 1297 1081 1333 poeta
1107 1293 1186 1324 cutis
1221 1292 1345 1322 diffisae
1383 1291 1572 1321 mentionem
1607 1291 1729 1322 fecerit.
1792 1293 1826 1321 In
1853 1291 1964 1322 codice

178 1363 312 1394 Tebrisii
339 1363 412 1391 voci
430 1358 494 1404 :2⁴⁶5
529 1358 609 1389 alter
635 1357 761 1400 legendi
788 1357 898 1387 modus
925 1354 1000 1403 03:⁴²5
1029 1356 1148 1397 (lidus)
1177 1355 1412 1395 superscriptus
1440 1360 1500 1385 est.

181 1463 212 1490 2.
257 1460 320 1496 Qui
340 1460 441 1487 currit
463 1459 518 1485 aut
539 1458 617 1493 Ipsis
639 1455 888 1484 strullziocmneli
917 1454 978 1482 alis
1002 1454 1141 1487 vehitur,
1174 1456 1218 1488 nl,
1244 1454 1327 1492 quod
1352 1456 1384 1482 lu
1414 1453 1487 1481 lleri
1512 1454 1720 1489 praemisisti,
1750 1452 1907 1489 adtingat,
1939 1455 1966 1480 is

904 1512 1007 1537 lamen
1031 1509 1244 1536 anteum-[ilar.

280 1586 394 1616 Merita
420 1584 489 1613 eius
518 1581 653 1611 omnium
683 1579 801 1608 meritis
830 1578 1003 1619 anteponit,
1038 1583 1072 1608 ut
1098 1587 1189 1607 nemo
1214 1577 1249 1620 ‘ei
1279 1587 1335 1616 par
1363 1586 1438 1606 esse
1467 1577 1580 1616 possit,
1640 1576 1682 1606 Ut
1707 1575 1845 1606 studium
1885 1578 1966 1613 eius¹

183 1652 237 1690 qui
261 1657 327 1678 cum
355 1656 392 1676 eo
421 1650 545 1675 certare
573 1643 688 1681 cupiat,
716 1642 924 1682 significaret,
953 1651 1024 1670 eum
1053 1650 1180 1670 currere
1208 1643 1260 1669 aut
1286 1638 1537 1669 strutliiocameli
1564 1639 1621 1668 alis
1649 1638 1721 1668 vehi
1749 1638 1836 1669 dixit.
1870 1639 1966 1668 Stru-

185 1707 254 1751 (p.
279 1703 408 1745 188.)
437 1707 617 1738 thioeameli
650 1708 744 1735 maris
783 1705 931 1734 celeritas
966 1705 996 1732 in
1029 1702 1231 1742 proverbium
1264 1703 1351 1730 venit
1389 1700 1493 1729 conf.
1526 1700 1619 1730 Meid.
1645 1701 1681 1731 C.
1711 1701 1765 1741 18,
1793 1701 1874 1731 224.
1926 1701 1969 1731 Ut

185 1776 281 1817 igitur
307 1782 460 1804 summam
489 1779 600 1800 cursus
630 1768 826 1798 celeritatem
854 1766 1034 1807 significet,
1073 1775 1143 1794 nam
1172 1764 1211 1793 de
1238 1764 1347 1793 volatu
1375 1772 1481 1793 sermo
1509 1772 1569 1792 non
1596 1768 1667 1801 est,
1695 1773 1764 1793 eum
1793 1763 1851 1793 alis
1879 1768 1966 1793 stru-

186 1836 365 1869 thiocameli
392 1835 563 1864 vehentem
591 1830 752 1861 describit.

188 1936 220 1965 3.
263 1934 327 1965 Res
357 1933 399 1961 ad
415 1934 509 1970 finem
529 1930 729 1968 perdux-isli,
768 1931 832 1956 tum
855 1930 928 1964 post
947 1937 1001 1955 eas
1024 1927 1199 1963 infortunia
1221 1926 1253 1952 in
1277 1924 1413 1953 volucris
1435 1926 1503 1952 suis
1525 1923 1697 1961 reliquisti,
1732 1933 1812 1962 quae
1835 1925 1971 1954 nondum

987 1989 1169 2016 prorupere.

290 2063 445 2093 Mortuum
480 2061 518 2090 ob
554 2069 606 2089 res
642 2058 813 2098 prudenter
850 2063 938 2088 actas
973 2056 1105 2087 laudans
1142 2057 1300 2095 queritur,
1340 2057 1422 2096 quod
1463 2061 1663 2095 praematura
1699 2062 1797 2087 morte
1831 2062 1972 2097 ereptus,

193 2127 272 2157 alias
300 2133 351 2154 res
378 2132 496 2164 graves
532 2121 733 2161 imperfectas
771 2120 944 2160 reliquerit.
997 2119 1162 2158 Temporis
1187 2128 1279 2149 casus
1305 2119 1483 2157 adversos,
1512 2118 1622 2158 quates
1650 2118 1745 2148 futuri
1772 2120 1855 2159 sint,
1881 2129 1972 2159 quum

195 2196 286 2218 nemo
324 2184 510 2225 praevidere
547 2184 670 2223 possit,
707 2193 775 2213 cum
803 2182 935 2212 floribus
964 2181 1133 2211 involucris
1161 2181 1229 2210 suis
1257 2183 1350 2211 tectis
1377 2181 1583 2219 comparavit.
1635 2181 1771 2211 Nonnisi
1798 2182 1898 2220 ruptis
1924 2183 1973 2211 in-

196 2249 333 2280 volucris
360 2247 448 2277 floris
476 2245 616 2285 speciem
639 2254 839 2285 cognoscere
867 2253 1051 2283 possumus.
1117 2244 1218 2281 Sunt,
1259 2242 1309 2282 qui
1349 2242 1524 2272 infortuniis
1555 2243 1616 2273 illis
1643 2243 1714 2273 odia
1741 2243 1898 2280 virorum,
1942 2249 1974 2275 ut

198 2311 416 2350 Abu-Sosjani
449 2309 648 2347 familiaeque
684 2308 753 2337 eius
788 2307 961 2348 significari
991 2310 1112 2345 putent.
1174 2306 1223 2335 Ad
1259 2315 1341 2345 quae
1370 2305 1567 2343 reprimenda
1593 2314 1683 2335 nemo
1711 2304 1848 2335 Ohmaro
1876 2307 1975 2346 aptior

198 2376 348 2404 inventus
375 2377 436 2402 est.

202 2473 232 2501 4.
257 2471 341 2500 Num
361 2472 433 2506 post
452 2471 589 2497 occisum
612 2470 644 2496 in
666 2467 776 2505 oppido
797 2467 938 2500 Aledium,
963 2465 997 2493 ob
1019 2474 1108 2504 quem
1131 2469 1215 2493 terra
1238 2465 1371 2494 obscura
1391 2466 1479 2504 fucta
1501 2464 1645 2493 arborum
1666 2463 1770 2492 ldlzal·
1795 2467 1900 2494 trunci

967 2521 1195 2548 commoremur
1204 2519 1218 2546 .?

300 2590 433 2619 Mortem
461 2589 588 2619 Ohmari
617 2593 678 2618 tam
705 2596 837 2629 gravem
865 2595 952 2625 esse,
980 2589 1015 2615 ut
1041 2588 1108 2614 tota
1135 2587 1218 2613 terra
1244 2582 1429 2620 adficiatur3
1458 2583 1584 2612 miratur
1602 2581 1709 2622 igitur,
1729 2581 1810 2620 quod
1830 2583 1974 2614 arborum
