2155 2892
893 95 1163 126 —278—

134 195 258 228 decere.
319 196 380 226 Est
412 197 495 224 enim
530 194 733 234 impotentiae
768 194 914 225 iudicium
947 200 979 226 et
1015 195 1140 226 nonnisi
1175 206 1254 238 erga
1279 206 1334 227 eos
1362 197 1466 228 odium
1494 207 1628 228 servare
1653 201 1805 242 solemus,
1833 211 1914 242 quos

134 261 242 301 punire
269 269 329 289 non
356 267 538 297 possumuS.
592 258 744 298 Principis
771 263 821 289 est
847 259 991 298 peccatis
1018 259 1144 290 veniam
1179 259 1266 290 dare.
1330 260 1430 290 Poeta
1455 261 1552 301 igitur
1578 261 1684 302 gentis
1710 262 1914 304 principatum

133 323 192 353 sibi
229 320 402 362 arrogavit.
463 319 577 350 Odium
614 323 717 350 autem
754 329 822 349 cum
859 329 956 350 onere
983 321 1155 359 comparari
1184 327 1312 363 potest,
1339 331 1400 361 quo
1427 323 1498 362 quis
1525 325 1678 362 premitur
1706 328 1739 353 et
1770 323 1850 355 hanc
1875 326 1914 355 ob

132 395 261 418 causam
289 384 389 414 verbo
415 383 494 421 3⁴>
521 383 696 422 (portavit)
723 384 773 412 usi
797 382 956 412 videntur.
1009 383 1089 413 Tum
1116 393 1207 414 suam
1236 395 1315 426 erga
1341 395 1399 415 eos
1425 385 1643 416 liberalitatem
1664 386 1828 416 maximam
1855 397 1916 416 ex-

130 449 225 488 ponit,
253 451 287 477 ut
313 455 467 485 nunquam
494 446 776 475 remunerationem
803 448 984 484 exspectet,
1004 445 1031 474 si
1058 455 1175 485 paucas
1202 456 1280 486 opes
1308 446 1483 485 possideat.
1534 446 1651 476 Verbis
1676 447 1734 484 dn>
1777 451 1808 477 et
1828 447 1918 496 Ιὲω

130 519 283 542 summam
310 509 532 539 liberalitatem
559 508 731 549 significat,
758 509 843 548 prior
869 507 949 536 enim
976 517 1042 538 vox
1069 509 1216 538 maiorem
1243 518 1338 548 opum
1366 513 1487 547 partem
1515 512 1545 539 et
1573 509 1732 548 posterior
1758 519 1828 540 eum
1855 510 1917 540 ite-

131 572 208 602 ratis
236 571 361 601 vicibus
396 569 551 600 beneficia
586 572 615 599 in
650 578 726 599 suos
754 569 895 599 conferre
920 569 1047 600 indicat.
1099 571 1245 611 Denique
1271 570 1497 610 hospitalitatis
1524 581 1603 601 suae
1630 572 1755 602 modum
1791 572 1916 602 descri—

130 634 184 664 bit.
237 633 293 671 Se,
321 642 510 673 quamquam
543 632 699 662 indolibus
735 633 828 662 animi
864 642 959 663 servo
987 633 1111 662 omnino
1138 633 1300 663 d1ssimilis
1326 633 1387 673 sit,
1413 633 1593 672 hospitibus
1618 635 1686 665 loco
1714 637 1801 666 servi
1827 646 1915 677 esse,

129 699 162 726 ut
188 696 235 726 eis
273 696 304 725 in
329 695 473 725 omnibus
508 696 603 724 rebus
630 696 764 726 serviat.
818 697 904 725 Ante
930 705 1044 726 vocem
1070 691 1160 732 ..λμὶῖ
1186 704 1253 724 vox
1278 702 1362 725 mm
1389 695 1506 725 omissa
1544 700 1604 726 est.
1669 697 1789 728 Vocem
1829 696 1915 742 wj‘f:

128 758 323 789 scholiastes
351 768 416 788 rem
442 762 607 798 exceptam
635 759 838 797 praemissam
867 759 915 797 (ei
942 768 959 787 e
986 767 1046 796 qua
1068 761 1203 796 excepta
1230 757 1299 795 est)
1330 757 1513 796 appellavit,
1543 762 1712 798 propterea
1739 760 1823 799 quod
1841 766 1915 791 ante

127 829 227 850 voces
253 817 342 857 οῳιὸῐ
369 826 450 847 Μ
478 820 581 858 posita
611 825 672 849 est.
738 821 808 851 Hae
834 829 934 850 voces
963 819 1033 849 loco
1060 818 1210 849 adiectivi
1236 819 1326 848 vocis
1351 821 1436 849 1»μᾶ
1459 824 1534 849 sunt
1561 825 1595 850 et
1621 830 1712 860 quum
1738 821 1914 852 substanti-

127 892 200 911 vum
236 885 267 911 et
299 890 369 911 cum
405 890 443 910 eo
483 883 684 911 coniunctum
721 881 910 912 adiectivum
947 892 1003 922 pro
1032 891 1094 912 una
1121 885 1235 911 tantum
1265 891 1299 911 re
1323 881 1510 922 habeantur,
1538 881 1619 912 idem
1646 886 1698 912 est
1724 892 1763 913 ac
1789 884 1816 913 si
1848 893 1914 914 vox

129 941 213 986 ²955*
238 945 312 973 ante
339 942 587 982 substantivum,
627 952 645 972 e
672 952 731 981 quo
757 949 895 983 excepta
917 944 977 982 sit,
1004 944 1104 975 locum
1131 943 1257 975 habeat.
1309 944 1384 975 Vox
1410 949 1516 974 autem
1544 948 1682 984 excepta
1708 946 1817 977 statim
1843 952 1914 986 post

126 1014 250 1045 vocem,
278 1014 296 1034 e
323 1001 547 1046 quagexcepta
574 1009 636 1046 est,
665 1006 769 1037 locum
795 1006 912 1038 habere
939 1007 1033 1037 solet.
1089 1006 1218 1046 (Gram.
1244 1007 1302 1038 Ar.
1329 1008 1366 1038 T.
1393 1007 1421 1037 ΙΙ
1446 1017 1476 1047 p.
1504 1006 1615 1046 5380.

972 1102 1075 1135 XL.
1376 1133 1383 1145 ,

662 1167 752 1202 Vir
776 1177 802 1202 e
825 1169 970 1210 gente
992 1169 1216 1202 Fesarah
1240 1167 1377 1202 «lixit.

123 1237 151 1268 l.
196 1236 235 1267 Si
255 1246 290 1266 os
312 1246 414 1266 meum
433 1237 560 1275 lonqum
583 1247 647 1266 mm
669 1241 718 1266 est
724 1248 737 1276 ,-
768 1240 802 1266 al
821 1247 876 1275 eqo
898 1238 1053 1267 indolibus
1075 1238 1163 1267 bonis
1185 1238 1228 1266 ad
1258 1247 1328 1266 eum
1347 1238 1502 1275 pertingo.

232 1294 289 1332 Se,
319 1296 382 1324 etsi
410 1295 536 1325 statura
562 1296 659 1338 longa
686 1305 748 1326 non
775 1295 832 1336 sit,
872 1299 978 1324 tamen
1012 1294 1154 1334 pulchris
1188 1293 1343 1323 indolibus
1370 1293 1425 1323 tali
1452 1295 1617 1334 aequalem
1644 1304 1730 1326 esse.
1789 1296 1914 1327 Arabes

123 1356 249 1397 longam
282 1360 436 1386 staturam
465 1356 573 1388 decori
600 1358 753 1398 putabant
780 1357 905 1396 (conf.
946 1357 1038 1389 Ham.
1072 1366 1100 1396 p.
1131 1358 1176 1386 ww
1203 1366 1234 1385 v.
1273 1356 1322 1395 1.)
1350 1359 1381 1386 et
1408 1366 1540 1395 parvam
1566 1361 1720 1388 staturam
1748 1358 1914 1397 vitupera-

123 1418 198 1447 bant
224 1418 264 1447 ib.
293 1427 322 1457 p.
352 1419 403 1448 *ΙΝ
432 1428 463 1448 v.
495 1420 524 1450 1.
588 1420 719 1450 Statura
750 1424 857 1450 autem
891 1419 987 1460 longa
1022 1418 1151 1448 ossibus
1189 1418 1329 1457 corporis
1365 1418 1469 1460 longis
1504 1417 1651 1448 efficitur.
1713 1418 1913 1449 Scholiastes

122 1478 306 1520 adnotavit,
341 1488 456 1509 vocem
490 1477 588 1509 &La-2>
615 1482 737 1511 nonnisi
772 1485 803 1512 in
830 1482 920 1512 bonis
948 1481 1115 1518 indolibus,
1145 1489 1260 1510 vocem
1286 1479 1353 1509 xli>
1382 1486 1446 1510 tam
1473 1482 1502 1510 in
1529 1481 1620 1510 bonis
1646 1490 1739 1520 quam
1766 1481 1798 1510 in
1823 1481 1912 1511 malis

122 1539 277 1570 adhiberi.
330 1541 439 1571 Voces
467 1546 572 1572 autem
600 1543 629 1573 in
667 1544 844 1583 posteriore
879 1548 970 1583 parte
997 1543 1089 1572 metri
1122 1542 1421 1582 homoioteleutique
1448 1552 1549 1573 causa
1574 1543 1789 1583 transpositae
1816 1548 1911 1584 sunt3

124 1612 190 1633 vox
219 1604 298 1633 enim
324 1600 348 1632 Δ
375 1614 442 1634 cuni
470 1615 551 1635 voce
578 1604 662 1647 ὁμο,
691 1606 911 1647 coniungenda
938 1610 1000 1642 est,
1027 1609 1062 1635 ut
1088 1607 1128 1635 sit
1155 1613 1211 1644 pro
1238 1603 1294 1641 ΜΗ
1321 1600 1405 1645 ὁμο,
1433 1604 1643 1644 (perveniens
1663 1604 1702 1634 ad
1719 1604 1778 1643 id).
1806 1605 1913 1636 Verba

123 1670 229 1696 autem
256 1655 368 1702 &mgb
394 1663 418 1694 a]
448 1667 597 1698 mutanda
623 1678 683 1698 non
710 1672 794 1723 sunt.

121 1749 153 1776 2.
203 1749 262 1777 Nil
287 1749 360 1778 boni
389 1751 423 1778 in
449 1759 612 1787 corporum
639 1751 879 1788 pulchritudine
907 1755 939 1780 et
961 1752 1104 1790 perfecta
1133 1750 1307 1778 conditione
1329 1753 1385 1786 est,
1409 1752 1474 1779 nisi
1493 1752 1654 1787 maenium
1673 1750 1811 1787 pulchra
1836 1760 1910 1779 cor-

912 1814 991 1842 pora
1018 1807 1119 1833 ornat.

218 1870 356 1900 Similem
384 1880 514 1901 sensum
542 1873 635 1902 Ham.
663 1875 712 1901 ott*
739 1883 771 1902 v.
800 1874 832 1903 6.
859 1874 1049 1904 invenimus.
1102 1872 1205 1911 Quum
1232 1874 1270 1904 de
1299 1874 1439 1913 pluribus
1467 1875 1653 1914 corporibus
1672 1874 1811 1920 (βαιῷ)
1838 1884 1910 1904 ser-

124 1940 172 1960 mo
199 1933 253 1969 sit,
279 1931 370 1961 vocis
396 1933 461 1969 „ldis
487 1934 639 1973 pluralem
666 1935 815 1965 adhibuit.

121 2027 153 2055 3.
199 2026 301 2064 Quum
324 2031 356 2057 in
376 2039 510 2067 procera
531 2034 624 2066 yenle
649 2041 763 2065 versor,
790 2033 945 2070 beneficiis
968 2043 1020 2062 eos
1042 2035 1140 2068 rinco,
1166 2037 1201 2062 vt
1223 2034 1368 2061 dicutur:
1390 2032 1510 2068 lorcyus.

221 2096 265 2126 Se
292 2097 458 2127 beneficiis
486 2098 610 2128 laudem
639 2100 698 2129 sibi
727 2110 838 2139 parare
868 2101 951 2133 dicit.
1005 2102 1085 2133 Voci
1112 2099 1192 2148 ,ἐμὲ
1219 2101 1408 2142 significatio
1436 2102 1589 2141 participii
1617 2103 1739 2142 passivi
1753 2103 1906 2133 tribuitur.

121 2157 201 2187 Rem
228 2159 308 2188 bono
337 2159 433 2188 odore
460 2160 607 2190 imbutam
635 2161 806 2203 designare
833 2169 973 2205 postest,
1000 2170 1035 2195 ut
1061 2175 1078 2195 a
1106 2165 1205 2194 verbo
1224 2165 1307 2207 φὶς,
1330 2163 1381 2193 cui
1409 2163 1609 2194 intransitiva
1637 2164 1828 2206 significatio
1854 2165 1906 2204 sit,

121 2221 293 2251 derivetur·
358 2222 447 2252 LOCO
482 2223 573 2252 ‘'OCiS
600 2220 722 2264 &bi-225,
757 2235 838 2264 quae
872 2228 973 2258 forma
1000 2228 1130 2267 pluralis
1158 2232 1206 2257 est
1233 2235 1300 2255 eum
1328 2225 1452 2254 nomme
1478 2225 1648 2255 collectivo
1674 2226 1850 2262 coniuncta,
1877 2226 1906 2254 in

120 2286 274 2315 Mersukii
303 2285 409 2315 codice
436 2283 552 2327 37³,th
579 2287 706 2327 legitur.
758 2287 930 2328 Utrumque
957 2289 1030 2319 ferri
1058 2294 1174 2328 potest.
1239 2288 1314 2317 Vox
1350 2284 1444 2329 &3510
1470 2287 1684 2326 praedicatum
1711 2287 1840 2316 subiecti
1868 2291 1907 2326 ,9

121 2347 228 2376 omissi
268 2352 329 2377 est.
397 2347 611 2389 Longitudine
639 2350 780 2388 corporis
819 2350 956 2391 dignitas
992 2360 1114 2390 quoque
1141 2351 1348 2390 meritumque
1373 2351 1432 2381 viri
1458 2351 1644 2392 designatur
1676 2349 1775 2380 conf.
1812 2350 1903 2380 Ham.

124 2419 151 2447 p.
181 2411 206 2437 iu
237 2419 268 2438 v.
301 2410 329 2439 1.

122 2491 153 2518 4.
198 2490 280 2526 Quot
299 2495 400 2521 autem
423 2503 526 2521 ramos
547 2496 705 2531 perituros
727 2505 796 2524 esse
816 2496 958 2533 vidimus,
982 2506 1076 2535 quum
1098 2507 1151 2526 eos
1175 2499 1298 2527 radices
1320 2500 1403 2527 vivos
1426 2507 1489 2526 non
1513 2498 1651 2526 servant.

219 2559 464 2600 Comparatione
499 2562 644 2593 desumta
669 2564 707 2594 ab
731 2565 853 2595 arborIS
882 2565 976 2595 ramis
1005 2566 1140 2606 eiusque
1167 2567 1273 2598 radice
1301 2566 1451 2606 ostendit,
1481 2565 1675 2606 dignitatem,
1693 2572 1783 2602 quam
1809 2563 1863 2593 filii
1885 2574 1903 2593 a
