2155 2892
928 115 1174 146 -71-

156 215 182 246 l..
208 218 371 255 tribuitur,
405 217 478 248 dum
515 215 707 256 praepositio
733 229 777 253 ς),
802 223 906 254 genus
942 214 1088 255 negando
1124 214 1344 253 complectitur
1370 212 1541 258 (QlJiJa-l)
1578 216 1683 246 cons.
1712 216 1820 248 Gram.
1849 217 1948 247 Arab.

158 281 195 310 T.
222 281 259 310 ll.
288 290 316 319 p.
346 280 427 310 414.
456 278 699 317 Annuntgram.
728 287 756 316 p.
773 276 816 306 ἦθ’
841 277 859 307 l.
894 277 946 308 13.
980 277 1033 307 15.
1061 281 1094 306 et
1120 284 1146 305 Λ·
1174 277 1192 307 l.
1221 278 1254 307 9.
1306 278 1377 307 Nec
1404 288 1465 307 non
1494 279 1522 308 in
1550 280 1822 311 Ebu-Clialliltani
1849 291 1946 320 opere

154 344 278 378 gig-,w
305 343 471 373 invenitur.
524 341 598 371 Vox
624 353 707 381 &jus
734 349 789 379 pro
808 343 867 384 fii:
895 340 996 370 locum
1024 340 1171 371 adiectivi
1198 341 1331 370 nominis
1359 343 1481 377 »ΕΔΜ
1508 348 1656 381 occupat.

154 452 186 481 3.
211 451 315 489 Super
338 450 486 489 sepulcra
508 452 612 478 restra
635 451 739 478 vinum
763 450 895 487 effando,
921 449 1005 486 qnod
1024 450 1054 477 si
1074 459 1127 478 ros
1151 458 1213 478 mm
1237 452 1390 487 accipitis,
1415 450 1554 479 tumulos
1577 454 1697 478 vestros
1721 452 1842 487 riquln'l.

253 521 314 551 llic
340 529 457 550 versus
485 520 514 549 in
542 519 699 548 Mersultii
727 518 837 548 codice
866 522 937 557 post
964 524 1151 558 sequentem
1178 518 1281 549 locum
1310 519 1453 549 obtinuit.
1490 520 1524 548 ln
1552 520 1823 549 Ebu-Cliallikani
1849 529 1947 559 opere

153 581 261 612 ordine
285 584 440 621 septimus
468 586 529 611 est.
582 583 627 612 Sc.
655 582 873 612 consuetudini
904 581 1027 612 ssd'clem
1055 582 1187 612 eandem
1216 586 1289 620 post
1318 587 1449 611 mortem
1476 591 1556 622 erga
1592 582 1712 611 amicos
1749 581 1864 621 agendi
1893 592 1946 612 ra-

152 645 264 674 tionem
292 645 395 684 sequi,
423 654 515 684 quam
543 655 621 685 erga
649 645 743 674 vivos
772 650 905 675 secutus
933 646 987 685 sit,
1017 648 1049 674 ut
1076 645 1138 675 illis
1167 644 1226 674 duo
1244 644 1355 684 pocula
1372 646 1526 685 porrigat,
1555 647 1583 674 si
1604 645 1673 684 ipse
1692 655 1785 675 unum
1803 645 1946 684 accipiat.

152 707 307 738 Videmus
342 707 373 737 in
409 708 547 737 carmine
581 713 653 747 post
690 708 924 738 Moliammedis
955 713 1081 747 tempus
1116 708 1292 746 composito
1332 707 1593 737 consuetudinem
1629 708 1694 736 vini
1722 706 1846 736 bibendi
1874 706 1947 746 lege

152 768 385 799 Moliammedis
405 769 558 799 interdicti
578 770 702 807 (conf.
732 770 838 800 Abult'.
868 771 948 799 Ann.
976 771 1012 799 Τ.
1041 771 1063 799 1.
1092 780 1121 809 p.
1155 769 1251 807 102.)
1283 773 1436 799 retentam
1458 778 1544 798 esse.
1581 768 1674 806 Quae
1697 778 1750 798 res
1778 767 1882 797 multis
1917 768 1947 796 in

150 830 414 861 consuetudinem
441 837 588 871 venerat,
617 842 655 861 ea
684 842 740 861 nec
767 833 871 863 statim
900 832 965 862 tolli
993 838 1134 871 poterat,
1162 842 1223 862 nec
1251 841 1385 871 unquam
1415 832 1538 862 omnino
1573 841 1614 860 ex
1641 830 1798 860 Arabibus
1826 834 1947 859 remota

150 899 212 924 est.
265 895 299 924 1n
326 895 459 925 Perside
486 901 605 936 autem,
633 898 683 927 ubi
711 907 836 927 cai-men
862 897 981 927 dictum
1008 900 1069 936 est,
1098 897 1193 926 istum
1222 905 1340 925 morem
1369 900 1402 925 et
1429 895 1532 936 magis
1560 895 1739 924 invaluisse
1766 898 1799 923 et
1827 892 1945 923 diutius

150 962 307 988 retentum
334 968 411 988 esse
437 960 655 990 existimamus
719 961 768 990 De
794 960 869 990 vino
905 970 946 990 ex
980 959 1114 999 dactylis
1151 965 1286 1001 parato,
1325 959 1408 999 quod
1445 959 1583 990 nonnulli
1623 959 1741 989 licitum
1778 957 1944 997 putabant,

152 1019 212 1050 lioc
239 1020 268 1049 in
297 1020 364 1050 loco
393 1021 528 1062 cogitari
557 1031 617 1051 non
647 1026 762 1061 potest.
815 1023 924 1053 Verba
954 1022 1054 1052 ϊωῑὼο
1079 1037 1122 1060 0⁴
1150 1023 1221 1052 loco
1257 1023 1371 1052 obiecti
1405 1027 1479 1052 sunt
1512 1026 1545 1051 et
1572 1020 1766 1061 praepositio
1792 1034 1835 1058 σο
1861 1020 1946 1058 parti

150 1083 348 1121 portionique
375 1083 420 1112 rei
446 1080 716 1126 (υα-μώμῴ)
744 1083 931 1114 indicandae
959 1084 1093 1114 inservit
1122 1084 1249 1123 (Grani.
1277 1085 1334 1115 Ar.
1361 1085 1398 1114 T.
1428 1085 1450 1114 1.
1480 1094 1509 1123 p.
1544 1084 1655 1122 489).
1707 1083 1741 1112 In
1768 1083 1944 1121 posteriore

150 1150 242 1184 parte
269 1145 298 1175 in
322 1146 479 1176 Mersukii
505 1146 615 1177 codice
643 1145 736 1191 Ml}
762 1146 811 1185 Μ
841 1140 960 1186 045,ᾲὲ
984 1144 1010 1181 „5
1036 1142 1085 1192 Uli
1117 1152 1170 1177 »et
1196 1148 1224 1176 si
1251 1147 1282 1177 id
1308 1156 1370 1175 non
1407 1146 1601 1187 gustabitiS,
1641 1144 1763 1174 humum
1799 1147 1944 1173 vestram

150 1207 282 1248 rigabo«
312 1207 440 1248 legitur,
468 1211 520 1248 qui
548 1209 674 1249 legendi
702 1209 815 1239 modus
843 1210 872 1239 in
899 1210 1042 1251 scholiis,
1073 1211 1188 1250 quippe
1217 1221 1300 1250 quae
1328 1221 1369 1241 ex
1396 1209 1556 1240 Mersukii
1581 1217 1679 1248 opere
1699 1207 1845 1237 desumta
1865 1206 1942 1236 sint,

149 1269 338 1309 explicatur.
390 1271 521 1300 Primum
549 1271 703 1310 triplicem
732 1272 956 1311 pronunciandi
983 1272 1108 1302 modum
1137 1283 1208 1303 cum
1235 1274 1402 1304 vocalibus
1429 1272 1549 1312 Fatha,
1586 1270 1743 1300 Dhamma
1777 1273 1810 1299 et
1836 1268 1944 1298 Kesra

148 1330 178 1360 in
204 1331 304 1360 verbo
331 1329 379 1369 Μ
407 1332 523 1362 indicat
550 1333 705 1373 modoque
732 1335 1012 1375 grammaticorum
1040 1336 1190 1376 explicat.
1242 1336 1323 1365 Rem
1360 1335 1428 1365 fieri
1466 1343 1587 1374 posse,
1622 1332 1768 1372 quoniam
1803 1329 1944 1361 secunda

147 1392 254 1423 littera
279 1394 435 1435 radicalis,
464 1396 533 1426 licet
563 1396 664 1426 forma
691 1397 721 1426 in
748 1398 809 1427 fine
838 1399 997 1428 mutabilis
1027 1399 1069 1428 sit
1097 1399 1201 1442 (⁵·³;⁸⁴‘
1223 1399 1329 1429 conf.
1359 1398 1470 1429 Gram.
1498 1397 1553 1426 Ar.
1581 1397 1617 1426 T.
1645 1395 1669 1424 1.
1698 1404 1728 1434 p.
1757 1393 1839 1424 395.
1867 1392 1939 1421 An-

147 1456 223 1488 thol.
252 1468 352 1500 gram.
383 1470 413 1499 p.
445 1458 541 1503 186.)
568 1464 599 1491 in
627 1462 751 1491 tertiam
780 1462 948 1492 inseratur.
1002 1462 1084 1491 Dum
1111 1462 1234 1492 vocalis
1262 1459 1382 1505 (¹565>)
1409 1471 1428 1490 a
1454 1459 1595 1492 secunda
1622 1458 1729 1488 littera
1757 1455 1886 1486 radicali
1911 1454 1941 1483 in

147 1521 279 1560 primam
308 1522 451 1560 (Littera
478 1526 515 1555 Q
542 1528 574 1553 et
645 1529 719 1553 sunt
746 1524 846 1563 prima
870 1530 903 1554 et
931 1524 1073 1554 secunda
1102 1525 1208 1555 littera
1233 1525 1323 1555 verbi
1350 1526 1432 1562 ῥαό,
1459 1523 1541 1564 quod
1567 1521 1785 1564 grammaticis
1813 1528 1943 1549 normae

599 1537 622 1573 fi

146 1583 216 1622 est)
243 1583 443 1624 transfertur,
471 1584 554 1614 duae
583 1585 709 1615 litterae
736 1586 940 1624 quiescentes
969 1587 1006 1625 (i.
1035 1596 1063 1617 e.
1089 1587 1195 1617 vocali
1223 1586 1415 1626 destitutae)
1444 1590 1627 1616 occurrunt.
1661 1585 1743 1614 Tum
1763 1587 1819 1613 aut
1834 1581 1942 1611 vocali

146 1643 252 1674 Kesra
277 1644 432 1683 adficitur,
459 1656 541 1686 quae
567 1650 598 1677 in
625 1657 761 1678 occursu
788 1648 920 1678 duarum
949 1649 1121 1679 litterarum
1143 1649 1373 1688 quiescentium
1395 1649 1521 1688 propria
1545 1651 1608 1686 est,
1635 1651 1691 1677 aut
1706 1645 1811 1675 vocali
1826 1644 1941 1684 Fama,

147 1713 229 1744 quae
251 1708 454 1745 pronuntiatu
479 1707 562 1738 levis
590 1713 660 1750 est,
696 1714 751 1739 aut
785 1710 919 1749 denique
945 1711 1051 1740 vocali
1078 1711 1252 1752 Dhamma,
1286 1720 1368 1749 quae
1405 1709 1608 1740 antecedenti
1641 1708 1784 1747 aequalis
1823 1710 1876 1737 est
1910 1709 1942 1735 et

146 1777 257 1798 omues
284 1768 410 1798 Arabes
438 1769 469 1798 in
494 1770 661 1801 inserenda
686 1771 792 1802 littera
818 1773 848 1801 in
875 1772 938 1803 fine
965 1774 1076 1814 verbi,
1113 1775 1206 1803 cuius
1241 1773 1364 1803 vocalis
1399 1772 1557 1803 mutabilis
1586 1771 1707 1815 (ψριο)
1737 1774 1809 1807 est,
1846 1777 1942 1798 unam

145 1831 290 1861 vocalem
317 1831 388 1861 loco
415 1831 547 1862 alterius
575 1840 706 1873 ponunt.
761 1835 854 1872 Quod
881 1845 960 1865 vero
989 1835 1027 1866 ad
1054 1835 1192 1876 formas,
1226 1845 1360 1875 quarum
1396 1834 1468 1864 finis
1502 1833 1667 1864 mutationi
1696 1831 1852 1861 obnoxius
1877 1838 1942 1859 non

146 1911 210 1946 est,
237 1906 370 1948 adtinet,
397 1908 449 1938 alii
477 1908 635 1947 duplicem
669 1909 807 1940 litteram
840 1910 1037 1949 proferentes
1063 1895 1146 1955 Cu),
1186 1910 1237 1940 alii
1271 1920 1364 1939 unam
1397 1909 1535 1939 litteram
1569 1907 1659 1937 alteri
1692 1907 1875 1936 inserentes
1904 1887 1942 1948 S),

147 1968 274 2012 dicunt;
307 1971 369 2000 etsi
398 1971 500 2001 forma
525 1974 557 2002 in
583 1971 645 2002 fine
673 1973 832 2002 mutabilis
870 1982 930 2002 non
968 1977 1030 2002 est.
1090 1971 1208 2001 Modus
1246 1974 1352 2000 autem
1386 1970 1525 2000 litteram
1558 1967 1716 1998 inserendi
1749 1968 1881 2007 primum
1908 1965 1939 1995 in

148 2031 268 2072 formis,
295 2041 424 2071 quarum
454 2033 526 2063 finis
553 2035 712 2064 mutabiHs
740 2040 804 2075 est,
833 2033 864 2064 in
891 2044 950 2065 usu
977 2040 1046 2064 erat
1073 2038 1105 2065 et
1133 2032 1204 2063 iude
1230 2032 1260 2061 in
1288 2032 1406 2061 formas
1436 2030 1647 2061 immutabiles
1674 2030 1849 2060 translatus
1877 2032 1939 2057 est.

146 2095 223 2125 Vox
248 2095 326 2135 ³372?
360 2099 464 2126 terrae
488 2101 704 2138 congregatae
731 2096 999 2138 significationem
1025 2096 1160 2136 liabens,
1187 2105 1259 2126 eum
1286 2095 1399 2135 plurali
1425 2095 1510 2140 ⁸52?-
1537 2093 1678 2133 sepulcri
1703 2092 1858 2123 tumulum
1880 2091 1940 2121 de-

144 2157 265 2199 signat.
317 2157 405 2187 Dixit
429 2157 514 2188 Ahdi
537 2158 567 2188 b.
594 2159 673 2189 Said
698 2155 804 2203 (metr.
833 2156 973 2200 Chafif):
1012 2159 1167 2189 Sciens
1195 2168 1259 2199 ea,
1296 2167 1401 2198 quae
1427 2157 1542 2196 vult,
1575 2156 1745 2186 sincero
1781 2153 1938 2184 animos

147 2223 314 2257 castus,
343 2228 467 2258 super
492 2221 708 2260 sepulcris
739 2222 829 2251 suis
855 2221 1078 2251 immolans.
1106 2212 1309 2251 Scholiastes
1328 2220 1418 2261 dixit,
1446 2224 1574 2259 poetam
1591 2219 1688 2256 velle,
1715 2227 1785 2248 eum
1804 2224 1937 2257 regnum

145 2291 164 2313 a
190 2282 361 2312 maioribus
391 2283 569 2322 accepisse.
619 2285 692 2315 Hoc
719 2285 820 2315 simile
845 2285 954 2314 verbis
982 2286 1124 2315 nassani
1159 2294 1235 2315 esse
1263 2285 1375 2323 (metr,
1402 2284 1551 2323 Camel):
1590 2283 1701 2313 Filii
1735 2279 1941 2320 Djafnahi

146 2346 303 2375 circum
334 2345 573 2384 sepulcrum
610 2347 746 2386 patris
781 2347 865 2388 sui,
899 2347 1143 2387 sepulcrum
1181 2347 1268 2378 filii
1297 2346 1481 2386 Mariae,
1517 2346 1744 2387 generosi,
1783 2341 1938 2372 excel-

145 2406 281 2437 lentis
307 2411 420 2437 sunt.
471 2407 526 2437 Nil
552 2416 678 2447 quoque
705 2409 854 2445 obstare,
891 2410 964 2447 quin
999 2415 1095 2448 poeta
1130 2411 1159 2440 in
1195 2410 1246 2440 illo
1274 2410 1381 2450 priore
1407 2418 1507 2439 versu
1534 2408 1637 2438 dicere
1673 2405 1830 2443 voluerit,
1865 2413 1938 2434 eum

145 2477 242 2508 super
264 2467 423 2508 sepulcris
451 2469 599 2506 camelos,
627 2473 663 2498 ut
681 2469 824 2500 homines
851 2470 946 2511 cibet,
975 2476 1126 2516 mactare,
1155 2472 1272 2512 quippe
1301 2472 1441 2502 homines
1462 2470 1544 2500 illius
1565 2469 1717 2508 temporis
1740 2477 1795 2508 pro
1815 2471 1942 2498 mortuo

144 2530 299 2563 beneficia
323 2531 356 2562 in
384 2541 544 2572 pauperes
571 2531 716 2562 conferre
743 2534 980 2563 consueverint.
