2155 2892
919 191 1190 222 —625—

162 329 382 361 pressum«
420 316 456 362 (i.
482 328 510 352 e.
549 318 721 359 vestigium
748 316 830 355 quod
864 315 894 345 in
928 325 1016 346 muro
1051 315 1164 346 dorcas
1198 324 1294 345 cornu
1322 316 1408 346 facit.
1466 317 1607 347 »Beatus
1644 315 1683 346 de
1707 316 1835 357 Sucyus
1862 299 1949 356 &52¹3

161 383 282 413 mavult
299 381 500 422 pronuntiare
520 381 636 411 ensis
653 388 670 409 a
683 379 788 418 cies;
807 378 908 408 sedin
925 377 1035 408 codice
1049 377 1183 408 'l'ebrisii
1197 378 1277 408 uliae
1297 378 1428 408 vocales
1448 377 1574 408 additae
1589 382 1717 416 sunta).
1745 378 1949 408 scholiastes

162 442 252 475 dicit:
272 442 376 481 Quum
392 444 421 473 in
443 452 525 472 voce
538 438 656 481 eii-9520
669 441 787 471 llamsa
804 441 910 471 addita
923 442 976 479 sit,
993 440 1126 471 dubitari
1141 450 1251 480 posse,
1268 446 1370 471 utrum
1387 441 1530 480 primaria
1540 440 1581 469 sit
1599 450 1637 470 an
1654 441 1734 470 alius
1752 442 1819 470 loco
1837 445 1948 480 posita.

163 504 285 535 vocem
314 514 374 545 5²⁸⁴-
402 503 496 534 futuri
524 503 654 532 sormam
682 512 758 532 esse
793 507 825 532 et
861 503 973 542 triplici
1008 503 1099 533 inodo
1134 503 1336 542 pronuntiari.
1389 505 1425 532 Si
1460 503 1556 542 prima
1585 504 1687 534 littera
1715 507 1818 534 vocali
1848 505 1950 536 {vnum

163 567 361 604 enum-ictor,
374 574 486 595 vocem
502 563 541 594 ad
563 564 737 593 secundum
752 563 991 594 declinationem
1007 565 1183 604 perlinere3
1211 566 1259 594 sin
1275 565 1377 595 vocali
1393 565 1555 605 Dhamma,
1572 566 1733 605 declinari,
1760 567 1842 604 quod
1864 568 1951 597 verbi

163 627 293 657 formam
313 637 374 657 non
391 627 527 666 amplius
546 627 672 656 habeat.
699 627 732 656 ln
748 627 891 665 vocibus,
914 636 994 666 quae
1014 627 1052 656 ob
1073 627 1203 657 formam
1221 627 1456 657 indeclinabiles
1483 628 1568 667 sint,
1595 629 1717 656 nonnisi
1746 636 1802 672 (n
1834 633 1950 670 255.)

165 690 339 720 litterarum
367 689 668 729 pronuntiamlarum
707 690 858 720 rationem
887 690 1018 730 baberi,
1053 696 1108 731 ut,
1135 691 1162 720 si
1199 692 1267 730 quis
1306 690 1440 720 vocibus
1477 689 1593 719 formae
1631 691 1792 728 praeteriti
1832 692 1951 728 passivi

166 753 267 782 virum
295 752 454 792 adpellet,
483 758 653 791 propterea
680 753 761 792 quod
788 754 912 784 litterae
940 753 1032 783 liuius
1059 753 1180 783 formae
1207 761 1276 782 cum
1305 753 1461 783 nominum
1493 753 1606 782 litteris
1636 753 1827 782 conveniant
1845 776 1851 788 ‚
1887 763 1953 783 vox

166 814 315 844 declinari
352 814 476 844 debeat.
530 814 586 845 Sic
615 824 742 854 quoque
778 815 908 845 sormam
943 816 1038 846 futuri
1071 816 1175 846 addita
1214 815 1319 845 littera
1347 815 1486 852 U'aw‚
1526 819 1557 844 ut
1594 816 1622 844 in
1663 824 1759 844 versu
1795 821 1953 855 sequente

167 877 438 916 (metr.Basith):
474 877 581 917 Ego,
611 877 676 907 ubi
704 886 812 907 amor
839 878 975 907 visum
1004 888 1129 908 meum
1158 878 1325 917 implet,
1352 878 1596 917 ubicunque
1624 882 1767 907 euntet
1797 877 1954 907 accedo

166 945 203 969 et
231 939 460 979 adspicio«,
487 949 553 970 vox
571 935 671 986 )3h5l
700 937 820 982 (cons.
840 940 905 970 libr.
922 950 1044 972 meum:
1075 940 1223 970 Darstell.
1245 940 1273 969 d.
1294 940 1392 969 Arab.
1420 939 1606 969 Verskunst
1633 949 1662 978 p.
1681 936 1754 980 53.)
1781 940 1808 969 si
1839 940 1953 969 nomini

1794 998 1799 1007 5
1833 997 1839 1008 Ι

167 1015 293 1053 proprio
321 1015 492 1052 inserviat,
521 1014 735 1045 declinabilem
763 1024 847 1044 esse.
904 1013 1140 1045 Grammaticus
1167 1013 1448 1044 Abu-l'llasanus
1482 1019 1586 1044 autem
1624 1023 1735 1043 vocem
1766 999 1847 1058 5223,
1874 1013 1956 1053 quod

169 1077 298 1117 originis
326 1077 480 1107 rationem
509 1076 616 1116 habet,
645 1075 896 1106 indeclinabilem
923 1086 999 1107 esse
1026 1083 1147 1107 censet.

169 1174 196 1202 1.
239 1173 325 1203 Filia
349 1174 532 1209 Alaluhbabi,
550 1174 682 1203 ⁷Roltma
705 1175 802 1204 dicit.-
834 1174 958 1204 Bellum
983 1178 1093 1202 contra
1120 1184 1178 1202 nos
1204 1177 1352 1212 yessisti,
1376 1185 1393 1203 o
1420 1174 1630 1212 Hothajitlze!
1658 1175 1724 1203 Tibi
1746 1177 1809 1212 ipsi
1830 1176 1960 1204 sedendi

882 1230 981 1258 locum
1005 1238 1067 1257 non
1092 1229 1256 1267 reliquis-li.

268 1298 389 1328 Poetae
417 1308 498 1329 uxor
516 1297 619 1328 Rohm
648 1307 761 1328 nomen
778 1299 912 1339 gerebat
933 1308 950 1328 e
967 1303 1065 1339 gente
1092 1298 1225 1328 Ahbbab
1252 1298 1393 1338 oriunda,
1424 1308 1505 1338 quae
1532 1308 1614 1339 gens
1642 1308 1716 1338 pars
1748 1299 1854 1339 gentis
1883 1299 1961 1339 lhdjl

169 1365 247 1390 erat.
302 1361 391 1390 Haec
418 1366 468 1390 est
501 1369 620 1398 causa,
658 1369 712 1391 cur
747 1370 816 1390 eam
855 1360 949 1390 filiam
975 1359 1117 1389 Abbbabi
1145 1361 1366 1400 appellaverit.
1421 1361 1510 1391 Uxor
1537 1361 1719 1401 obiecerat,
1757 1371 1828 1391 eum
1868 1361 1961 1391 nimia

171 1420 358 1451 liberalitate
384 1430 495 1451 omnes
529 1431 608 1461 opes
637 1421 810 1461 perdidisse
841 1428 874 1452 et
900 1432 971 1452 cum
998 1431 1057 1452 sua
1084 1427 1182 1463 gente
1212 1423 1305 1462 quasi
1332 1423 1446 1453 bellum
1472 1424 1643 1464 gessisse,
1682 1423 1755 1453 dum
1794 1424 1822 1454 ei
1851 1433 1962 1453 omnes

173 1492 225 1512 res
252 1484 402 1522 eriperet,
430 1484 473 1514 ita
501 1489 535 1513 ut
562 1494 601 1513 ne
627 1484 757 1514 sedendi
785 1484 908 1523 quidem
938 1485 1026 1514 locus
1054 1485 1293 1523 relinqueretur,
1324 1485 1407 1514 Fieri
1435 1494 1559 1525 quoque
1588 1490 1706 1524 potest,
1733 1490 1767 1515 ut
1797 1487 1962 1526 camelum,

172 1547 202 1574 in
231 1554 292 1584 quo
318 1545 438 1575 sedens
465 1546 524 1575 iter
554 1546 659 1584 faeiat,
688 1552 722 1577 ut
750 1556 829 1587 opes
857 1548 915 1577 sibi
943 1548 1095 1586 acquirat,
1127 1547 1309 1587 significare
1336 1548 1482 1577 voluerit.
1537 1548 1569 1576 ln
1597 1548 1711 1577 scholii
1740 1548 1822 1578 linea
1849 1549 1963 1587 quarta

172 1607 271 1637 verba
297 1611 366 1652 >ju
389 1605 496 1648 &⁹5⁴
523 1605 672 1649 hassa»
697 1609 878 1649 significare
904 1609 1065 1649 videntur,
1088 1618 1201 1638 vocem
1228 1605 1372 1649 hgkla>7
1401 1618 1481 1648 quae
1508 1609 1687 1638 invocando
1710 1610 1876 1650 inserviat,
1904 1618 1964 1638 uon

174 1668 297 1699 duabus
327 1671 472 1711 vocibus,
500 1676 535 1700 ut
561 1669 602 1700 am
633 1676 712 1711 042,
741 1677 900 1710 constare,
928 1676 962 1701 ut
990 1680 1056 1701 vox
1082 1673 1150 1714 ‘³5²⁶‘
1176 1670 1248 1699 voci
1275 1669 1372 1717 *355⁸
1400 1671 1544 1710 opposita
1570 1671 1622 1700 sit.

174 1767 205 1794 2.
251 1764 504 1804 Quotiescunque
527 1767 719 1796 camelorum
742 1769 867 1805 agmine
888 1776 987 1805 parvo
1007 1770 1080 1804 pos!
1101 1776 1250 1802 maynum
1269 1768 1422 1805 fruimur,
1445 1769 1514 1795 eius
1532 1769 1677 1797 inimicus
1700 1778 1743 1803 es,
1767 1770 1852 1797 sicu!
1862 1770 1967 1807 frater

953 1824 1027 1849 tuus
1056 1820 1184 1849 Aswad.

277 1889 359 1919 Eum
387 1889 494 1919 fratris
512 1892 563 1919 sui
591 1889 706 1931 agendi
731 1892 886 1921 rationem
904 1890 934 1919 in
961 1899 1010 1929 eo,
1029 1889 1113 1929 quod
1130 1899 1208 1929 opes
1225 1899 1346 1929 parvas
1362 1890 1489 1920 relictas
1512 1889 1633 1929 perdat,
1662 1889 1766 1929 sequi,
1794 1889 1966 1929 vituperat.

177 1984 209 2013 3.
255 1986 299 2014 Ei
323 1987 419 2023 igilur
441 1986 532 2021 dicei,
561 1987 634 2015 dum
656 1995 807 2023 responso
830 1986 919 2015 haud
937 1986 1103 2014 carebam:
1139 1986 1232 2020 ride,
1266 1996 1341 2015 num
1364 1985 1456 2015 Sauli
1476 1985 1658 2024 Arbadique
1683 1988 1793 2014 mortis
1814 1995 1913 2014 causa
1936 1986 1968 2014 iu

951 2042 1048 2068 macie
1069 2039 1195 2078 suerit?

279 2108 420 2138 Causam
447 2108 690 2148 vituperationis
722 2118 782 2138 non
811 2118 887 2138 esse
918 2108 1012 2148 dicit,
1049 2108 1164 2147 quippe
1198 2112 1370 2147 paupertas
1397 2108 1511 2137 nemini
1539 2113 1670 2138 mortem
1701 2108 1834 2139 adserat.
1889 2108 1968 2138 Rem

181 2170 328 2210 exemplo
364 2171 500 2200 virorum
537 2181 555 2200 e
591 2177 689 2212 geute
728 2172 860 2211 probare
898 2170 1013 2201 studet.
1067 2171 1155 2200 Loco
1189 2171 1321 2200 nominis
1355 2176 1412 2219 A&
1441 2170 1545 2201 Said
1580 2171 1693 2211 legitur
1719 2181 1847 2212 quoque
1874 2169 1968 2200 Nahd

183 2231 293 2273 (oq-3).
346 2233 455 2267 Sunt,
483 2234 534 2272 qui
561 2232 710 2263 Nahdum
739 2238 771 2263 et
799 2232 958 2262 Arbadum
985 2231 1066 2262 duos
1097 2231 1274 2271 Hothajithi
1301 2231 1416 2262 fratres
1442 2232 1541 2262 fuisse
1569 2232 1683 2262 dicant.

183 2330 214 2359 3.
258 2329 435 2359 Liberalem
458 2330 537 2358 mim
557 2331 692 2364 ostende,
717 2332 772 2368 qui
791 2330 827 2359 ob
850 2331 979 2358 maciem
1000 2332 1146 2359 mortuus
1169 2332 1225 2364 est,
1250 2326 1412 2368 (fortasse
1433 2329 1476 2357 od
1494 2332 1578 2358 tuam
1600 2329 1785 2357 senteuliam
1803 2328 1950 2356 accedam
1952 2326 1973 2367 )

798 2387 854 2412 aut
881 2393 1011 2412 uvarum
1034 2393 1158 2420 semper
1180 2382 1356 2412 cicentem!

284 2453 400 2491 Neque
436 2455 467 2482 in
501 2452 689 2483 liberalitate
717 2452 827 2482 mortis
854 2461 958 2492 neque
978 2453 1008 2482 in
1035 2453 1170 2482 avaritia
1196 2454 1284 2481 vitae
1312 2461 1440 2482 causam
1474 2460 1560 2480 esse.
1611 2449 1847 2480 Grammaticus
1876 2449 1973 2478 Abu-

187 2513 352 2544 Ohbaidah
389 2518 519 2554 quartae
554 2513 672 2544 formae
707 2503 798 2544 verbi
830 2514 891 2560 ὁὶ)
925 2515 1082 2545 indicandi
1117 2514 1383 2556 significationem
1419 2514 1447 2542 in
1482 2512 1552 2542 loco
1582 2512 1697 2543 Corani
1730 2512 1805 2542 Sur.
1833 2512 1874 2549 2,
1907 2510 1973 2540 122

186 2575 302 2605 tribuit.
354 2576 449 2614 Sunt,
476 2576 525 2616 qui
555 2571 631 2605 εἰῶ
661 2576 729 2606 loco
759 2576 849 2605 vocis
875 2574 961 2605 εἰῶ
989 2586 1058 2607 cum
1087 2577 1196 2607 eadem
1223 2575 1460 2616 significatione
1487 2575 1603 2615 legant.
1645 2574 1769 2603 Littera
1796 2572 1879 2602 Aihn
1906 2581 1974 2602 cum

191 2637 297 2666 littera
322 2637 410 2676 Alis,
439 2644 471 2667 ut
495 2639 523 2667 in
556 2638 689 2668 vocibus
716 2634 819 2686 <28⁸ss
846 2643 879 2668 et
906 2635 1013 2674 ULKS,
1041 2639 1127 2678 0025
1159 2644 1190 2669 et
1217 2637 1320 2679 ιμ’-ί,
1349 2639 1453 2668 littera
1482 2638 1560 2668 Lam
1588 2646 1658 2667 cum
1687 2636 1790 2666 littera
1819 2636 1915 2675 Nun,
1942 2638 1975 2664 ut
