2155 2892
892 149 1160 182 *465*-

126 258 252 281 secare.
298 251 396 281 Porro
431 260 503 281 eum
528 259 606 280 ossa
633 249 801 291 deglutire,
824 249 953 291 lapides,
981 250 1097 281 ferrum
1124 255 1156 280 et
1182 250 1297 289 liquida
1324 250 1456 280 efficere
1482 251 1512 280 in
1539 256 1651 282 ventre
1680 259 1780 290 aquae
1799 252 1907 283 instar.

127 311 198 342 Pari
225 313 345 343 ratione
371 313 466 343 etiam
492 321 564 343 eum
591 321 708 352 prunas
735 312 882 342 ardentes
910 313 1067 343 haurirem
1124 312 1225 342 Poeta
1252 312 1462 341 struthionem
1490 320 1658 351 personam
1687 313 1800 354 tingit,
1827 321 1907 353 quae

126 382 180 403 res
207 374 296 405 alteri
322 379 428 405 mutuo
454 375 574 405 dederit
599 378 631 404 et
656 375 800 404 narrandi
828 375 952 405 modum
980 377 1160 415 'relinquens
1188 375 1348 404 llatimum
1376 375 1554 413 alloquitur.
1616 376 1724 405 Voces
1754 374 1809 416 tq...)
1846 375 1908 414 gt,

126 435 317 467 scholiastes
344 437 475 467 vocibus
503 433 584 476 [μὴ
609 435 717 468 asi-ik>
743 437 932 478 explicavit5
955 437 1013 468 sed
1041 446 1153 468 vocent
1179 434 1243 475 ,gis
1272 446 1354 467 voce
1373 438 1481 469 ωδ
1499 442 1649 468 accurate
1674 438 1761 468 reddi
1789 439 1908 470 dubito.

128 497 202 528 Vox
226 496 290 536 §LO
325 500 471 530 celeriter
503 499 670 529 abeuntem
704 499 901 540 prudentiam
933 500 1114 542 significare
1147 499 1275 530 videtur
1303 504 1337 529 et
1363 499 1554 529 scholiastes
1581 502 1755 543 contendit,
1784 507 1909 542 poetam

126 559 321 599 prudentiam
349 561 472 590 omnino
498 570 639 602 negare,
676 571 766 599 quum
793 562 959 592 struthioni
987 562 1153 602 prudentia
1178 560 1273 592 desit.
1333 560 1374 593 Ut
1400 567 1506 592 autem
1535 564 1700 594 maximam
1722 565 1909 595 struthionis

129 623 325 654 celeritatem
353 623 512 665 designet,
537 634 608 654 eum
636 634 704 655 cum
730 625 800 655 aliis
828 625 921 656 simul
947 630 1039 655 nocte
1066 626 1234 667 ingruente
1260 625 1299 655 ad
1327 625 1416 654 nidos
1448 629 1668 664 properantem
1695 626 1855 658 describit.
1878 629 1910 658 ln

131 686 193 716 fine
220 692 326 717 autem
356 696 484 717 causant
512 687 622 728 fugae,
649 698 690 718 ex
718 698 777 727 qua
804 689 863 718 viri
889 688 1040 719 timiditas
1067 692 1289 728 cognoscatur)
1317 687 1412 717 addit.
1472 688 1557 717 Ante
1586 698 1698 718 vocem
1729 700 1806 729 0:324
1831 691 1909 720 sub-

128 749 303 779 stantivum
337 752 437 791 φάψ
467 744 594 792 (gladii)
630 758 716 779 more
755 750 880 789 poetico
908 750 1060 779 omissum
1090 753 1149 779 est.

226 810 491 852 Abu-Rijaschus
513 820 661 841 versuum
678 820 806 841 causam
827 811 908 841 hanc
929 811 1030 842 tuisse
1049 811 1185 842 tradidit.
1204 811 1262 842 Vir
1284 822 1302 842 e
1330 811 1527 853 genteAisid
1552 812 1580 842 b.
1602 813 1709 843 Maleo
1736 814 1763 846 b.
1785 815 1864 844 Beer
1881 815 1909 844 b.

126 873 214 905 Sahd
233 871 262 905 b.
285 874 449 914 Dhabbah,
470 876 520 905 cui
538 883 648 904 nomen
661 872 737 904 Said
749 874 779 907 b.
790 874 922 913 'l'sabet,
936 876 1060 906 vicinus
1076 875 1184 917 gentis
1194 873 1283 916 Thai,
1299 876 1349 905 cui
1365 884 1442 914 opes
1460 881 1579 917 essent,
1595 885 1613 905 a
1630 875 1745 906 familia
1757 874 1865 917 Halm,
1883 878 1911 908 in

125 936 218 967 cuius
235 939 408 976 propinquo
429 936 578 978 degebat,
593 938 706 978 opibus
718 938 850 978 direptis
866 941 992 970 occisus
1004 944 1082 969 erat.
1104 937 1195 969 Gens
1205 937 1262 968 Sid
1280 947 1349 967 cum
1366 938 1435 968 aliis
1448 938 1553 979 gentis
1566 939 1730 979 Dhabbah,
1742 940 1862 970 facinus
1879 947 1912 971 ut

130 998 372 1039 ulciscerentur,
387 999 529 1038 prosecta
545 999 648 1029 virum
664 999 862 1040 invenerunt,
876 1009 966 1039 quem
994 1010 1035 1030 ex
1061 1000 1197 1033 dialecto
1223 1000 1383 1030 cuiusnam
1409 1003 1512 1040 gentis
1541 1005 1640 1038 esset,
1668 1008 1911 1043 cognoscerent.

128 1060 191 1098 Qui
217 1070 313 1101 quum
340 1061 512 1091 securitate
539 1061 694 1101 promissa
718 1062 797 1101 ipsis
826 1062 937 1092 domos
965 1061 1100 1092 familiae
1112 1063 1217 1092 'rsaur
1243 1063 1272 1093 b.
1293 1062 1414 1102 Wodd,
1443 1072 1523 1103 quae
1549 1064 1655 1104 gentis
1684 1064 1781 1094 Mahn
1809 1071 1911 1106 esset,

129 1123 316 1163 indicasset,
342 1123 487 1153 homines
515 1124 668 1166 vespera,
696 1125 807 1164 paucis
835 1125 993 1165 exceptis,
1021 1125 1176 1156 occidere.
1205 1125 1294 1155 Unus
1322 1130 1427 1156 autem
1447 1135 1555 1156 eorum
1581 1126 1659 1167 fuga
1684 1127 1723 1157 ad
1751 1128 1911 1158 Uatinium

128 1188 157 1218 b.
195 1187 415 1225 Anba-Allan,
441 1187 490 1226 qui
516 1188 640 1217 nomine
669 1187 776 1217 Hatim
801 1187 879 1217 Thai
908 1192 1003 1217 notus
1031 1191 1110 1227 erat,
1139 1188 1285 1227 pervenit
1311 1188 1356 1217 rei
1383 1188 1547 1218 certiorem
1576 1188 1706 1220 faciens,
1767 1192 1913 1221 Hatimus

128 1251 158 1280 in
187 1249 320 1280 tentorio
361 1260 379 1279 e
408 1249 490 1279 corio
520 1248 602 1279 sacto
631 1249 785 1279 neminem
815 1248 874 1278 nisi
902 1258 993 1279 unam
1020 1254 1075 1279 aut
1102 1249 1181 1279 duas
1209 1250 1360 1290 laminas,
1386 1260 1404 1280 e
1441 1259 1571 1289 quarum
1607 1260 1737 1281 numero
1763 1252 1855 1283 Jasid
1883 1253 1911 1283 b.

132 1311 276 1342 Konasuh
305 1317 385 1352 erat,
413 1321 522 1342 secum
551 1311 672 1341 habens
700 1312 729 1341 in
758 1312 826 1342 loco
851 1311 1158 1341 Zahra-Almoraith
1184 1311 1282 1352 degit.
1322 1311 1372 1341 Re
1399 1317 1564 1350 comperta
1593 1321 1723 1350 servae,
1751 1319 1786 1343 ut
1812 1315 1914 1355 ignem

130 1375 160 1405 in
187 1375 322 1405 tentorio
355 1374 557 1412 accenderet,
590 1375 682 1405 iussit
708 1380 739 1404 et
777 1379 871 1404 nocte
898 1374 1027 1404 favente
1056 1373 1152 1415 fugae
1178 1381 1215 1402 se
1242 1370 1338 1402 dedit.
1390 1370 1524 1404 Jasidus
1552 1375 1582 1406 b.
1610 1369 1768 1414 Konafah,
1794 1377 1845 1415 qui
1872 1376 1915 1407 nil

130 1436 360 1477 comperisset,
386 1436 512 1466 relictus
541 1441 631 1466 mane
660 1436 806 1467 familiam
835 1443 929 1466 suam
957 1439 1068 1466 contra
1094 1436 1207 1465 hostes
1234 1435 1444 1475 irrumpentes
1470 1436 1602 1478 sagittis
1629 1436 1768 1468 defendit
1784 1443 1817 1468 et
1843 1439 1914 1478 opi-

127 1498 186 1528 bus
211 1497 354 1538 direptis,
382 1504 473 1536 'quum
500 1498 656 1528 Hatimum
681 1498 868 1538 petiissent,
909 1498 1019 1528 salvus
1051 1498 1167 1528 evasit.
1218 1497 1373 1528 Alahlaus
1401 1499 1430 1529 b.
1456 1499 1639 1530 Karatlisah
1665 1510 1747 1530 unus
1773 1511 1791 1531 e
1818 1502 1915 1542 gente

127 1560 185 1592 Sid
214 1565 247 1590 et
273 1561 449 1591 avunculus
478 1565 593 1601 poetae
608 1560 803 1595 Alfarasdak
819 1565 1009 1602 sequentem
1026 1566 1156 1590 versum
1172 1559 1250 1590 dixit
1265 1561 1373 1599 (metr.
1387 1560 1548 1601 Tlrawil)k
1576 1563 1625 1592 Et
1649 1568 1756 1604 gens
1783 1564 1915 1594 Tsaur

127 1623 158 1653 b.
185 1622 336 1661 Wodd,
364 1623 675 1662 quasimortem
705 1623 954 1663 propinanti
981 1623 1094 1654 haud
1121 1622 1364 1654 desistenti
1391 1623 1726 1663 occurrissent,
1753 1630 1915 1667 gentem

129 1683 349 1724 Abdijj,ut
373 1684 544 1715 auxilio
570 1686 700 1725 ipsam
726 1684 926 1727 iuvaret,
952 1688 1183 1726 vocabant3
1209 1687 1290 1718 sed
1317 1695 1430 1728 gens
1463 1687 1613 1729 Ahdijj
1639 1688 1670 1718 b.
1701 1685 1761 1731 (1).
1784 1684 1915 1731 645.)

130 1745 331 1776 Achsam
359 1746 614 1778 vocantibus
639 1755 886 1788 responsum
912 1754 993 1780 non
1030 1749 1164 1781 dedit.

916 1844 1121 1878 xxxnl.

374 1907 556 1951 Alta-ik,
579 1908 663 1950 qui
687 1907 814 1941 nais
845 1909 891 1942 b.
914 1910 1146 1951 ”jin-wan
1172 1909 1398 1952 Thantia
1421 1913 1508 1954 est,
1530 1911 1667 1946 dixit.

226 1979 306 2020 Res,
350 1980 463 2020 quibus
497 1988 675 2010 commotus
709 1985 805 2020 poeta
831 1989 949 2011 versus
976 1981 1113 2020 dixerat,
1141 1983 1170 2011 in
1197 1984 1338 2014 Hamasa
1364 1984 1419 2013 *ΙΝ
1448 1988 1594 2014 narratae
1618 1989 1704 2016 sunt.
1730 1984 1917 2025 Cognomen

130 2037 202 2087 55)st
226 2051 246 2072 a
274 2050 374 2072 versu
401 2047 583 2082 acceperat,
612 2045 663 2082 qui
691 2043 720 2072 in
746 2043 838 2076 Ham,
862 2044 901 2072 v¹tl
930 2053 961 2074 v.
990 2044 1022 2074 5.
1049 2044 1215 2079 invenitur.
1267 2046 1348 2075 Tres
1377 2056 1495 2076 versus
1522 2047 1669 2078 carminis
1697 2047 1727 2077 'm
1754 2047 1915 2077 Rasmus-

129 2105 197 2135 seni
231 2103 386 2134 Additam.
413 2114 442 2144 p.
461 2106 491 2134 0⁴1
520 2105 679 2146 leguntur.

130 2176 158 2206 1.
204 2175 283 2212 Quis
305 2176 533 2206 adAlzmruum
555 2177 724 2206 ben-Hinc!
743 2180 887 2207 'mulium
905 2179 980 2216 fert,
1003 2188 1093 2217 quem
1116 2181 1146 2208 ει·
1165 2181 1197 2208 in
1217 2178 1381 2216 pulvinari
1396 2188 1479 2216 pone
1500 2179 1608 2208 sellam
1633 2181 1743 2210 cameli
1757 2181 1821 2210 albi
1837 2190 1915 2218 por-

664 2234 782 2266 !arenl,
807 2232 842 2260 ob
865 2232 991 2268 tanqam
1012 2234 1092 2261 viam
1117 2233 1373 2262 emaciarentur?

230 2297 340 2328 Simile
367 2298 483 2328 initium
509 2298 602 2328 Ham.
629 2309 659 2339 p.
687 2301 725 2329 ln‘l
752 2310 783 2330 v.
818 2301 846 2331 1.
873 2300 1073 2331 Scholiastes
1101 2305 1218 2342 narrat,
1237 2312 1348 2343 regem
1370 2302 1544 2334 Altmruum
1564 2304 1592 2333 b.
1612 2302 1696 2333 Hind
1722 2303 1761 2332 ob
1787 2311 1913 2340 versus,

130 2368 208 2398 quos
220 2359 456 2398 TsormotahuS,
468 2359 624 2390 Ahrikum
641 2361 821 2401 loquentem
837 2362 1004 2405 inducens7
1023 2365 1271 2404 composuisset,
1285 2367 1406 2405 iratum,
1421 2375 1458 2395 se
1470 2365 1621 2395 Ahrikum
1641 2365 1818 2395 occisurum
1839 2375 1914 2394 esse

129 2419 261 2450 dixisse.
328 2419 419 2459 Quae
459 2421 558 2450 minae
587 2430 680 2460 quum
709 2423 748 2453 ad
777 2423 931 2455 Ahrikum
961 2426 1103 2465 perlatae
1129 2432 1252 2468 essent,
1281 2428 1380 2457 hosce
1408 2437 1523 2458 versus
1551 2428 1638 2458 dixit.
1706 2427 1826 2458 Cameli
1853 2428 1912 2457 albi

129 2482 237 2521 optimi
268 2488 425 2522 putantur.
479 2484 654 2517 Maximum
681 2487 753 2517 viae
779 2489 916 2528 spatium
943 2489 1024 2520 inter
1053 2491 1154 2530 ipsum
1182 2499 1353 2531 regemque
1381 2499 1456 2519 esse
1484 2487 1609 2521 indicat,

129 2553 161 2582 2.
203 2553 288 2584 Num
311 2555 391 2584 milti
410 2558 560 2595 minatur,
583 2557 655 2586 dum
677 2566 735 2586 nos
758 2569 874 2588 arettae
893 2563 1066 2598 separant?
1110 2561 1210 2590 Lente
1231 2561 1407 2599 distinque,
1441 2561 1517 2598 qued
1536 2563 1618 2588 inter
1639 2560 1797 2589 Omamam
1830 2560 1914 2590 Hm-

815 2613 947 2653 ‹lamque
968 2616 1158 2644 discriminis
1180 2614 1242 2643 cit!
