2155 2892
899 142 1165 174 -175—

107 261 109 265 Α
142 238 370 279 hospitalitatis
397 244 431 270 et
458 240 654 271 liberalitati·
681 245 743 270 est.
796 240 871 270 Vox
897 237 977 279 μᾷ·
1002 240 1158 280 duplicem
1186 240 1410 279 pronunciandi
1445 242 1570 273 modum
1597 242 1694 274 habet
1719 247 1775 273 aut
1800 242 1924 282 passivi

143 318 197 345 aut
222 314 329 344 activi.
381 315 413 344 ln
440 314 570 346 scholiis
597 313 695 345 activi
722 313 835 344 modus
864 315 1043 355 explicatus
1070 320 1134 356 est,
1162 323 1232 344 nam
1259 315 1359 345 verba
1390 305 1482 356 Qui-id!
1510 315 1590 354 &ks-,1
1616 317 1819 358 significant,
1855 326 1925 347 eam

142 375 180 406 nd
207 384 318 406 omnes
346 375 488 406 homiues
516 375 685 416 pertinere.

230 437 281 467 Ad
295 437 512 477 explicandum
528 446 682 467 versuum
700 446 828 468 sensum
849 439 879 468 in
898 439 1026 470 scholiis
1043 440 1209 479 sequentia
1225 440 1325 471 relata
1344 444 1433 471 sunt:
1464 440 1668 471 Athodsailus
1688 438 1753 478 (11·
1778 438 1919 479 160.)

147 498 198 529 die
218 500 378 539 (pugnae)
394 498 497 530 Cinhil
517 499 650 538 (nomen
677 509 778 539 aquae
799 502 906 542 gentis
921 502 1013 532 Aulis
1024 502 1202 543 b.Alizim)
1230 503 1408 533 incursione
1435 503 1464 532 in
1493 508 1621 543 gentem
1650 503 1866 535 AlJu—Rubiah
1895 505 1922 534 b.

141 562 242 592 Dsolil
260 562 287 594 b.
304 561 461 592 Schaiban
477 561 563 592 sacta
579 562 718 592 cauwlos
734 563 900 604 abegerat.
932 564 1023 596 Gens
1038 565 1121 595 haud
1138 569 1285 595 contenta
1302 575 1372 595 enm
1390 566 1544 606 incitavit,
1572 570 1604 595 ut
1632 567 1660 595 in
1688 566 1766 596 alios
1785 576 1920 608 quoque,

141 624 180 656 ad
209 634 289 665 quos
316 625 496 662 transirent,
524 626 710 655 incurreret.
761 626 898 658 Gentem
918 627 1012 668 igitur
1032 627 1212 659 Banu—Cus
1233 633 1266 658 ct
1291 632 1416 669 gentem
1444 628 1578 669 lladjar,
1605 637 1686 668 quac
1714 638 1788 668 pars
1816 630 1922 669 gentis

140 688 292 719 Dhabbah
317 692 398 729 erut,
426 688 554 719 invasit.
608 690 711 719 lluius
739 690 848 731 gentis
876 690 1007 732 triginta
1035 690 1181 732 seminas,
1209 692 1290 721 inter
1318 700 1396 730 quas
1424 691 1638 732 Mandlmrah,
1666 691 1729 721 filia
1756 691 1923 730 Sclrakilil‚

138 759 230 780 soror
257 749 374 780 Aluniri
401 751 431 781 b.
459 751 601 781 Schakik
629 757 709 792 erat,
737 752 886 792 captivas
914 752 999 784 fecit.
1054 752 1172 784 Omnes
1199 763 1259 783 suo
1287 754 1369 793 loco,
1397 753 1467 783 dum
1495 754 1523 783 in
1551 753 1643 783 domo
1671 741 1779 784 earum
1807 764 1923 785 versa-

138 812 242 853 batur,
279 812 393 843 dimisit
430 817 567 853 excepta
599 814 800 856 Maudhuru,
839 825 930 855 quam
958 815 986 844 iu
1014 820 1131 845 terram
1157 816 1264 856 gentis
1290 825 1370 845 suae
1398 825 1506 846 secum
1534 816 1673 846 abduxit.
1726 816 1787 847 Rei
1814 817 1922 847 nuntio

138 875 178 906 ad
205 877 349 906 maritum
376 876 580 918 fratremque,
610 878 659 916 qui
688 882 751 907 tum
779 878 933 917 temporis
953 878 1101 908 absentes
1119 883 1219 919 erant,
1247 879 1380 919 perlate,
1411 879 1443 909 hi
1462 879 1562 918 ipsam
1583 884 1730 918 petentes
1752 879 1923 910 advenere.

137 938 344 970 Alhodsailus
372 940 463 970 uxori
491 941 572 970 inter
601 946 761 980 utramque
790 946 912 980 partem
939 940 1077 981 eligendi
1106 946 1298 979 potestatem
1326 943 1504 982 concessit,
1542 952 1579 972 se
1613 952 1681 972 eam
1719 942 1922 973 dimissurum

136 1012 214 1033 esse
241 1004 440 1045 promittens,
468 1004 492 1034 si
520 1005 606 1034 abire
634 1005 740 1044 vellet,
769 1004 817 1033 sin
845 1014 974 1034 manere
1000 1005 1188 1044 praeferret,
1216 1014 1253 1034 se
1281 1015 1349 1035 eam
1379 1005 1523 1036 daturum
1540 1015 1600 1034 non
1621 1015 1706 1035 esse.
1760 1005 1829 1035 Viri
1857 1016 1921 1036 rem

138 1065 168 1094 in
195 1065 289 1094 alium
318 1064 399 1095 diem
427 1065 632 1095 differendam
661 1076 737 1095 esse
765 1065 906 1096 diceutes
933 1066 1035 1096 virum
1064 1067 1219 1105 quendam
1248 1068 1355 1108 gentis
1374 1068 1519 1107 Taghleb
1539 1068 1646 1098 adiere
1665 1077 1728 1097 rem
1745 1071 1922 1108 narrantes,

138 1132 173 1157 ut
198 1128 286 1168 ipsos
313 1128 342 1157 iu
370 1128 547 1158 clientelam
575 1128 741 1168 reciperet.
795 1127 842 1158 Re
869 1138 1028 1159 concessa
1055 1139 1120 1159 cum
1149 1130 1186 1159 iis
1213 1130 1252 1160 ad
1280 1130 1492 1160 Alliodsailum
1527 1130 1692 1168 pervenit,
1731 1129 1813 1159 hunc
1851 1139 1921 1159 cer-

137 1191 246 1221 tiorem
272 1190 404 1231 faciens,
431 1200 481 1231 se,
508 1196 542 1221 ut
570 1192 736 1231 promissis
760 1196 873 1229 staret,
901 1200 957 1220 eos
987 1191 1017 1220 in
1045 1191 1223 1221 clientelam
1248 1192 1426 1231 recepisse.
1480 1192 1569 1221 Alter
1597 1192 1627 1221 in
1654 1202 1687 1221 re
1716 1192 1921 1221 consentiens

139 1263 232 1293 quum
261 1253 350 1283 uxori
378 1253 517 1295 eligendi
544 1258 737 1293 potestatem
765 1253 929 1295 dedisset,
958 1264 996 1284 ea
1023 1263 1060 1284 se
1087 1257 1228 1285 maritum
1257 1255 1394 1296 coniuge
1424 1254 1505 1284 haud
1534 1256 1708 1285 orbaturam
1738 1259 1768 1284 ct
1794 1254 1922 1284 fratrem

136 1315 221 1346 haud
239 1315 440 1346 adflicturam
468 1326 544 1346 esse
571 1315 659 1347 dixit.
712 1317 799 1346 Illam
833 1317 929 1358 igitur
961 1317 1041 1356 ipsis
1069 1318 1174 1347 datam
1204 1317 1375 1347 abduxere.
1429 1316 1509 1347 Rem
1538 1317 1685 1346 versibus
1713 1316 1922 1356 sequentibus

139 1378 311 1418 descripsit
337 1382 446 1417 (metr.
476 1379 638 1419 Thau-io:
668 1380 724 1409 Ex
751 1380 910 1421 ignotis
939 1380 1171 1411 hominibus
1198 1381 1340 1421 gentis
1369 1380 1452 1410 eus
1481 1384 1521 1409 et
1549 1379 1713 1419 Hadjar
1739 1379 1923 1419 triginta

137 1442 275 1472 libere
302 1441 458 1480 dimisi,
486 1451 650 1481 quarum
678 1443 798 1472 sinus
824 1443 872 1472 ob
901 1447 1138 1472 scortatum
1169 1442 1274 1473 haud
1302 1442 1466 1472 dississi
1501 1446 1617 1472 erant
1654 1445 1693 1472 et
1721 1440 1920 1471 Mandhn-

137 1515 218 1537 ram
245 1505 482 1546 pulchram,
517 1514 635 1544 quam
665 1505 901 1546 elegeram,
940 1506 1073 1534 libere
1107 1504 1259 1544 dimisi,
1295 1515 1409 1545 quum
1447 1506 1617 1534 maritus
1654 1505 1747 1534 eius
1780 1503 1828 1534 ad
1865 1514 1922 1534 me

137 1570 345 1599 venisset.
399 1569 585 1608 llodsailus‚
612 1569 702 1599 cuius
721 1569 823 1598 animo
848 1569 988 1598 mulieris
1013 1568 1099 1598 illius
1128 1578 1215 1598 amor
1240 1567 1355 1598 infixus
1383 1573 1480 1607 esset,
1509 1568 1719 1597 incursionem
1745 1568 1922 1608 ingentem

136 1631 303 1672 Dhabbah,
331 1642 413 1672 quae
440 1632 469 1662 in
495 1632 563 1661 loco
591 1631 794 1661 Dsu-Bahda
821 1635 853 1661 et
879 1631 1017 1660 vallibus
1046 1630 1198 1660 Alliarimi
1213 1631 1239 1669 ¹)
1267 1630 1363 1660 sedes
1393 1630 1541 1670 habebat,
1571 1630 1654 1660 fecit.
1708 1630 1828 1660 Contra
1853 1639 1922 1659 eam

137 1703 286 1736 magnum
312 1704 429 1735 agmen
455 1704 473 1724 e
499 1694 648 1735 gentibus
677 1695 794 1735 lemen,
820 1694 966 1735 Taghleb
993 1699 1025 1723 et
1053 1694 1117 1734 ljad
1146 1698 1415 1735 congregaverat.
1478 1693 1524 1722 Illi
1551 1703 1585 1722 re
1613 1697 1773 1732 comperta
1799 1698 1922 1734 gentem

136 1757 337 1788 Banu-Salui
364 1758 392 1787 b.
421 1757 648 1788 Said-Manat
683 1757 710 1788 b.
748 1758 870 1787 Tarnim
906 1757 936 1786 in
969 1756 1117 1786 auxilium
1153 1758 1316 1786 vocarunt.
1369 1755 1511 1794 Utroque
1539 1756 1664 1796 agmine
1691 1759 1876 1786 oecurrente
1905 1766 1922 1785 e

136 1824 231 1861 gente
257 1819 401 1861 'I'aghleb
428 1820 566 1849 nonnulli
595 1820 693 1849 occisi
717 1825 811 1858 sunt3
848 1821 968 1849 caeteri
1007 1819 1036 1848 in
1073 1818 1182 1859 fugam
1217 1818 1431 1857 turpissimam
1460 1828 1497 1846 se
1525 1818 1689 1850 dederunt.
1741 1818 1864 1848 lasidus
1892 1819 1919 1848 b.

136 1881 314 1912 Hodsaifah
342 1892 360 1912 e
386 1887 485 1923 gente
512 1882 642 1913 Morrah
669 1884 697 1912 l).
726 1882 849 1912 Ohbaid
872 1882 902 1912 b.
929 1882 1082 1912 Alharets
1109 1882 1137 1911 b.
1168 1880 1257 1911 Calib
1286 1881 1314 1910 b.
1343 1880 1567 1910 Said-Manat
1597 1880 1814 1910 Alliodsailum
1841 1890 1919 1921 cap-

136 1943 235 1974 tivum
269 1943 360 1986 fecit3
396 1944 546 1974 Alimirns
574 1945 602 1975 b.
632 1944 774 1974 Schakik
801 1954 818 1972 e
846 1949 942 1984 gente
969 1944 1124 1973 Dhabbah
1152 1944 1334 1972 llassanum
1360 1943 1501 1972 Ilodsaili
1534 1943 1641 1972 filium.
1696 1943 1798 1981 Quem
1826 1953 1922 1984 quum

134 2004 165 2034 in
192 2004 284 2034 domo
311 2014 370 2035 sua
395 2005 529 2036 vinculis
556 2006 772 2044 oneravisset‚
802 2004 866 2036 sitia
892 2006 1024 2046 Koraih,
1053 2015 1144 2044 quam
1172 2016 1190 2035 e
1218 2006 1347 2045 triginta
1375 2006 1560 2035 seminarum
1589 2015 1719 2035 numero
1748 2005 1921 2036 Hodsailus

136 2066 186 2096 die
213 2066 407 2106 captivitatis
434 2067 627 2108 dimisisset,
662 2067 774 2097 solutis
807 2067 930 2096 vincilis
958 2068 1090 2097 absente
1118 2075 1209 2107 patre
1236 2078 1306 2098 eum
1334 2069 1420 2098 abire
1447 2068 1540 2098 iussit
1569 2074 1601 2098 et
1627 2070 1795 2099 iumentum
1825 2070 1920 2100 dedit.

136 2128 304 2158 Hozaiuus
331 2134 449 2168 autem,
475 2129 559 2160 filius
589 2130 802 2171 Oliwajjalii,·
823 2140 905 2160 unus
933 2139 951 2159 e
978 2135 1076 2170 gente
1103 2130 1169 2161 Cus
1206 2131 1396 2162 Schabibum
1430 2136 1461 2161 et
1496 2132 1742 2172 Djoaihschum,
1778 2133 1921 2163 Hodsaili

136 2188 235 2227 filios,
270 2189 420 2228 captivos
454 2189 588 2221 fecerat.
648 2193 719 2223 Nee
754 2202 815 2222 non
853 2192 906 2222 filii
943 2192 1004 2222 duo
1037 2192 1232 2222 Naschirahi
1266 2193 1293 2222 b.
1319 2192 1435 2222 Sohair
1471 2194 1499 2226 b.
1529 2194 1662 2234 Djandal
1691 2195 1718 2224 b.
1746 2195 1920 2235 Naliscliat,

135 2250 388 2282 Ahbd-Allahus
415 2257 448 2283 et
473 2253 791 2286 Ahbd-Alharitsus
826 2261 974 2295 tanquam
1010 2256 1106 2286 vicini
1139 2256 1169 2285 in
1204 2261 1301 2296 gente
1328 2255 1481 2286 Dhabbah
1509 2256 1656 2286 viventes
1690 2256 1921 2295 Mischwalum,

133 2314 279 2344 Hodsaili
304 2314 411 2355 fitium,
440 2317 598 2355 captivum
624 2316 776 2348 fecerant.
830 2319 999 2348 llozainus
1026 2319 1054 2349 b.
1085 2318 1412 2359 Gliowajjahautem‚
1440 2328 1575 2359 quocum
1595 2324 1691 2357 nupta
1708 2319 1921 2354 essetAsn1a‚

136 2376 201 2408 filia
226 2377 516 2419 Ahbd—Ahmrui,
552 2379 749 2411 Ghadlierita
777 2392 794 2411 e
822 2386 920 2422 gente
948 2380 1188 2421 Banu-Asad,
1225 2380 1419 2411 Schabibum
1448 2380 1537 2421 genti
1565 2379 1757 2410 Ghadlierali
1786 2379 1923 2419 tradidit,

137 2439 363 2479 (Alhedsailus
390 2441 472 2471 enim
500 2441 648 2471 Malicum
673 2441 882 2473 Gliaderitam
910 2445 1071 2484 captivum
1100 2442 1252 2483 fecerat).
1312 2442 1403 2474 Gens
1431 2439 1504 2473 viro
1539 2441 1599 2471 hoc
1632 2441 1705 2470 dato
1742 2447 1774 2471 et
1807 2441 1921 2471 additis

133 2503 265 2542 triginta
289 2503 419 2533 camelis
445 2502 530 2533 illum
557 2504 719 2542 captivum
747 2504 890 2535 redemit.
918 2505 1040 2536 Iasidus
1062 2505 1291 2536 h.110dsaisah
1315 2508 1416 2535 autem
1444 2502 1661 2534 Alhodsailum
1689 2502 1833 2534 libertate
1861 2503 1920 2533 do-

151 2630 184 2663 ι)
200 2633 303 2659 Nomen
320 2632 407 2664 oppidi
425 2633 449 2658 in
469 2631 610 2664 provincia
629 2632 760 2657 Tehamati
779 2639 849 2665 esse,
867 2634 894 2659 in
913 2635 1022 2660 Ram-ssi
1040 2641 1121 2666 opere
1139 2634 1262 2666 tegimus.
