2155 2892
901 155 1171 186 —511—

139 253 171 282 2.
215 252 255 281 In
275 252 378 288 epulis
400 261 520 282 omnem
543 262 668 282 servum
691 255 827 290 prernil‚·
850 257 884 282 a!
904 256 937 282 in
960 256 1030 283 iure
1054 255 1247 293 defendendo
1270 256 1403 286 alterum
1426 257 1515 286 leand
1531 262 1655 296 premil.

256 321 333 352 Eius
374 321 561 352 aviditatem
592 322 621 351 in
649 322 716 351 cibo
744 322 898 352 sumendo
925 323 1098 364 vituperat,
1128 327 1160 354 ut
1187 325 1216 354 in
1244 326 1348 364 epulis
1375 337 1491 357 servos
1519 335 1748 360 concurrentes
1776 340 1931 370 praever-

141 386 210 413 tere
238 384 394 426 studeat3
422 385 452 415 in
479 385 599 416 honore
625 389 730 416 autem
757 391 790 416 et
817 386 884 416 iure
912 385 1110 417 defendendo
1138 396 1200 416 non
1224 388 1365 418 festinet.

956 516 1115 550 Lxlv.

851 582 1030 617 Art-ns
1057 581 1222 616 «unt.

141 648 169 677 1.
212 649 386 683 Descende,
411 652 476 679 tum
499 650 565 679 bibe
587 647 625 690 (o
646 648 787 691 camela)
808 654 911 689 prima
934 654 999 680 vice
1020 655 1051 680 et
1071 654 1192 685 ilerum,
1219 661 1319 690 neque
1340 652 1530 684 Ebu-mibi
1550 658 1642 686 verba
1664 661 1693 687 te
1715 660 1894 696 decipiunt!

249 717 334 748 Rixa
371 718 409 749 ob
438 723 566 758 puteum
594 720 675 751 inter
702 725 828 760 poetam
856 726 889 750 et
915 723 1019 751 virum
1050 721 1219 750 Ebn-Dsib
1247 722 1441 760 appellatum
1468 726 1581 756 oborta.
1607 726 1656 757 hic
1683 728 1820 759 minatus
1847 736 1926 761 erat.

139 778 300 810 Camelam
327 781 424 821 igitur
451 791 540 812 suam
566 787 685 822 monet,
715 792 754 813 ne
781 783 853 813 istis
880 784 969 813 minis
996 793 1014 814 a
1041 783 1175 813 bibendo
1204 783 1412 816 deterreatur.

139 876 172 905 2.
207 876 254 906 Et
273 879 304 907 si
319 881 436 915 palens
457 888 555 916 super
575 888 683 908 eorum
716 880 821 909 barbis
839 880 964 918 suisset.
995 880 1159 918 profeclo!
1184 883 1357 919 marymem
1377 886 1467 921 pulei
1482 885 1582 922 facile
1603 887 1789 917 conculcare
1805 891 1932 926 poluis-

901 939 973 964 senl
995 932 1174 975 (camelejl
1722 942 1784 980 (ΙΙ.
1808 942 1932 982 (375.)

245 1000 385 1032 Gentem
414 1003 592 1034 Ebu-Dsibi
622 1008 684 1034 tam
711 1004 805 1034 vilem
833 1013 920 1040 esse,
950 1009 996 1046 ut,
1025 1004 1054 1034 si
1081 1008 1194 1043 puteus
1224 1005 1253 1035 in
1279 1006 1347 1036 eius
1374 1006 1470 1037 barba
1495 1007 1618 1047 fnisset,
1644 1012 1756 1041 cameli
1784 1022 1854 1042 eam
1881 1012 1932 1043 fa-

140 1064 202 1095 cile
228 1065 414 1096 conculcare
442 1067 629 1107 potuissent.
659 1067 782 1097 Barbae
809 1068 999 1098 mentionem
1027 1068 1113 1104 fecit,
1141 1068 1235 1107 quod,
1269 1069 1296 1097 si
1332 1069 1403 1109 quis
1431 1070 1562 1100 alterius
1589 1072 1716 1103 barbam
1744 1074 1874 1115 evellit,
1901 1074 1931 1105 id

139 1126 288 1159 dedecori
316 1129 450 1160 habetur
476 1129 590 1160 cons.
619 1129 710 1160 llam.
740 1131 761 1160 l‘l
789 1130 807 1161 l.
840 1130 893 1160 15.
920 1130 1026 1160 Abulf.
1058 1130 1139 1159 Ann.
1169 1131 1205 1160 Τ.
1234 1132 1247 1160 1
1275 1141 1304 1171 p.
1333 1131 1415 1165 292,
1459 1132 1580 1163 Contra
1606 1134 1771 1166 adulantes
1799 1137 1931 1168 alterius

140 1191 269 1223 barbam
297 1191 475 1223 demulcere
501 1193 648 1224 solebant
675 1193 784 1226 Abulf.
810 1194 894 1224 Anu.
921 1193 958 1222 T.
986 1193 1000 1222 1
1025 1202 1055 1232 p.
1088 1193 1166 1224 122.

959 1338 1106 1372 va.

891 1415 1034 1449 Alius
1056 1415 1193 1449 dixit.

139 1490 167 1520 1.
211 1489 251 1521 Si
271 1491 340 1520 odio
361 1501 410 1521 me
431 1491 561 1528 habetis,
586 1493 658 1522 inde
679 1496 781 1522 ortum
797 1496 855 1531 est,
879 1492 961 1531 quod
981 1492 1141 1530 lacrymas
1163 1495 1286 1522 vestras
1308 1494 1390 1521 mori
1409 1495 1439 1521 et
1460 1492 1544 1530 quod
1562 1494 1683 1530 opinati
1702 1494 1788 1528 estis,
1811 1495 1930 1531 pereqi,

872 1546 945 1574 dum
963 1546 1108 1575 illicilum
1133 1549 1202 1574 erat

250 1614 297 1644 Se
323 1614 515 1646 inimicorum
554 1616 659 1646 odIum
697 1626 808 1656 parum
845 1626 958 1648 curare
994 1619 1025 1646 et
1064 1615 1169 1645 odium
1206 1614 1324 1656 agendi
1357 1615 1479 1645 ratione
1506 1625 1566 1646 sua
1593 1624 1673 1656 erga
1700 1624 1757 1645 eos
1784 1616 1930 1645 meritum

140 1684 218 1705 esse
243 1676 392 1706 ostendit.
458 1677 575 1708 Verbis
602 1680 663 1707 ιλὲιὲ
691 1683 753 1708 etc.
780 1678 842 1708 odii
869 1687 998 1708 causam
1024 1678 1154 1718 indicat,
1183 1678 1273 1717 quasi
1300 1677 1415 1707 dixerit
1440 1679 1488 1708 ΔΞ
1517 1677 1577 1715 Las
1605 1682 1664 1708 etc.
1693 1677 1810 1708 conf.
1839 1677 1929 1707 Ham.

138 1736 197 1767 m?
224 1737 294 1767 infr.
323 1737 415 1768 Oculi
442 1739 470 1768 si
497 1740 614 1770 multas
642 1742 801 1781 lacrymas
831 1743 991 1779 emittunt,
1018 1741 1140 1772 ardent.
1168 1741 1370 1772 Scholiastes
1396 1741 1597 1770 Mersukium
1623 1749 1774 1779 sequens,
1814 1749 1930 1769 vocem

139 1797 223 1847 2⁶35>
258 1809 324 1831 cum
358 1801 458 1831 verbo
495 1799 583 1838 ψῳῒ
618 1803 813 1833 coniunctam
849 1805 946 1835 statui
981 1805 1148 1835 indicando
1175 1806 1346 1844 inservire,
1375 1804 1472 1844 dixit;
1514 1804 1573 1834 sed
1599 1814 1666 1834 vox
1693 1801 1785 1846 help,
1814 1803 1930 1843 quippe

138 1870 218 1901 quae
233 1872 298 1892 rem
314 1862 448 1893 illicitam
476 1863 636 1905 designet,
652 1875 809 1904 personae
835 1871 953 1897 statum
969 1868 1024 1898 vix
1046 1867 1182 1898 indicare
1204 1873 1323 1908 potest.
1353 1868 1446 1897 Hanc
1473 1867 1511 1897 ob
1538 1876 1668 1897 cansam
1692 1866 1781 1896 vocis
1798 1863 1833 1906 la,
1850 1875 1930 1904 quae

139 1925 229 1955 verbi
257 1923 346 1963 ψυῲὶ
375 1927 535 1957 obiectum
562 1932 625 1968 est,
652 1933 772 1959 statum
801 1930 927 1960 indicari
954 1931 1146 1971 putaverim,
1162 1935 1196 1960 ut
1222 1930 1346 1970 quidam
1365 1930 1395 1958 in
1414 1929 1556 1969 margine
1570 1928 1727 1957 Mersukii
1745 1927 1929 1967 adscripsit.

139 1986 224 2017 Voci
255 1984 358 2029 ϋ-,ᾁὲιζί
385 1990 559 2030 obiectum,
595 1990 748 2021 suffixum
775 2004 787 2020 υ
814 1992 967 2022 omissum
995 1996 1046 2022 est
1074 1997 1106 2022 et.
1132 1992 1239 2022 littera
1267 1991 1336 2021 Alif
1359 1991 1482 2020 nonnisi
1509 1989 1756 2020 homoioteleuto
1783 1989 1929 2019 inservit.

139 2049 237 2080 Tales
265 2051 294 2080 in
323 2050 386 2081 fine
412 2061 530 2083 versus
559 2052 685 2083 additae
715 2053 841 2084 litterae
867 2063 885 2084 a
912 2055 956 2084 rei
984 2055 1130 2085 metricae
1154 2054 1264 2094 peritis
1293 2049 1418 2094 dmm
1446 2055 1548 2097 022>
1581 2051 1780 2091 appellantur
1817 2056 1849 2081 et
1877 2060 1929 2080 res

140 2111 211 2151 ipsa
238 2122 349 2143 nomen
375 2112 482 2164 &92:755
507 2113 669 2159 (vocalem
698 2114 905 2160 prolongare)
931 2116 1037 2146 habet.
1066 2116 1172 2146 cons.
1197 2116 1348 2147 Darstell.
1376 2115 1410 2145 d.
1434 2115 1530 2145 Arab.
1556 2114 1743 2145 Verskunst
1769 2123 1799 2153 p.
1823 2112 1905 2143 310.

138 2208 171 2237 2.
214 2209 261 2238 Et
281 2210 323 2238 ad
343 2212 464 2240 viscera
486 2214 623 2242 adiunxi
638 2213 776 2251 puellam
793 2214 903 2243 oscula
924 2213 1030 2242 dulcia
1052 2213 1188 2248 dantem,
1210 2221 1305 2250 quum
1327 2221 1381 2240 vos
1403 2210 1634 2240 custodiebam.

250 2277 322 2309 Odii
349 2288 482 2310 causam
521 2281 551 2311 in
582 2292 621 2312 eo
648 2285 786 2322 positam
813 2291 890 2313 esse
918 2282 1005 2323 dicit,
1032 2281 1114 2321 quod
1141 2281 1277 2321 puellam
1304 2281 1384 2321 ipsis
1411 2289 1517 2310 caram
1545 2279 1704 2319 eripuerit.
1733 2279 1809 2308 Vox
1841 2270 1930 2314 calx:

137 2346 206 2368 cum
234 2348 315 2369 voce
338 2340 432 2384 'ak-bk>
460 2346 607 2382 tanquam
633 2344 824 2374 adiectivum
852 2347 1021 2375 coniuncta
1049 2348 1123 2385 est;
1150 2343 1205 2374 sed
1232 2352 1265 2373 re
1292 2351 1372 2373 vera
1396 2342 1436 2372 ad
1463 2350 1576 2371 vocem
1606 2338 1700 2379 tex-u
1727 2339 1876 2378 pertinet,
1896 2344 1930 2369 ut

140 2410 197 2441 pro
222 2405 311 2430 *³0⁴2
340 2400 435 2443 l-QL-fia
460 2407 513 2434 sit.
574 2405 649 2436 Vox
680 2407 760 2444 &aaa
786 2407 911 2446 proprie
938 2406 1041 2437 locum
1069 2406 1235 2437 osculandi
1264 2407 1283 2435 i.
1311 2415 1338 2437 e.
1367 2414 1404 2434 os
1434 2404 1591 2445 designat.
1619 2403 1695 2433 Vox
1722 2400 1746 2430 la
1771 2401 1861 2431 vocis
1888 2415 1930 2439 0·-

138 2463 406 2505 significationem
434 2465 530 2497 habet
556 2472 589 2498 et
615 2473 689 2507 post
714 2470 847 2500 verbum
876 2467 999 2512 5253&
1025 2468 1178 2500 suffixum
1206 2468 1361 2498 omissum
1388 2472 1446 2497 est.

1469 2666 1515 2696 65
