2155 2892
897 118 1161 149 -432—

130 222 347 252 homoioteuto
375 218 520 258 appellati
560 222 655 256 sunt,
697 218 818 248 celeres
845 215 1034 259 appellavit,
1062 219 1145 259 quod
1173 229 1230 259 per
1257 229 1311 250 ora
1341 219 1500 250 hominum
1527 219 1676 249 celeriter
1703 220 1921 262 divulgantur.

132 285 409 323 Comparationem
439 291 508 311 cum
537 290 596 310 ave
624 280 760 316 Kathae,
790 291 880 320 quam
911 280 1103 310 scholiastes
1130 281 1220 319 vidit,
1248 292 1308 312 non
1338 283 1475 313 invenio,
1505 283 1605 312 Poeta
1624 282 1734 312 Caahb
1761 284 1789 312 b.
1809 284 1924 315 Sohair

131 354 248 375 versus
276 344 459 374 describens
486 344 564 373 dixit
591 342 698 385 (metr.
726 342 886 385 'l'hawil):
926 344 1010 372 Eos
1053 348 1169 374 recte
1206 344 1487 384 disponimuS‚
1527 348 1572 374 ut
1602 353 1739 374 eorum
1767 350 1919 376 textus

131 408 248 437 lenes
289 406 377 435 sint
415 410 454 435 et
481 410 639 436 exeant
667 406 858 446 celeres,
886 406 970 436 dum
999 406 1188 445 quilibet
1214 407 1348 437 alteri
1384 407 1535 437 similis
1563 406 1711 436 factus
1739 412 1807 436 est
1871 408 1920 438 Ad

131 470 220 499 vocis
245 464 323 497 ix>i
351 469 616 510 significationem
653 470 776 508 plenius
815 469 1053 508 explicandam,
1091 478 1186 508 quam
1213 478 1231 497 a
1257 468 1379 498 Chalilo
1415 468 1576 498 inventam
1617 469 1646 498 in
1685 475 1755 499 arte
1796 471 1925 499 metrica

131 533 245 574 habet,
285 532 477 562 scholiastes
517 532 706 569 adnotavit,
751 541 865 561 vocem
901 531 1106 572 significare,
1144 530 1221 560 duas
1263 531 1383 560 litteras
1425 532 1528 561 vocali
1568 536 1691 572 motas,
1733 537 1805 571 post
1844 541 1924 571 quas

133 595 235 625 littera
262 595 432 634 quiescens
460 594 559 624 locum
589 594 716 635 habeat,
744 594 905 623 excidisse
937 594 989 632 (ut
1018 595 1048 622 in
1083 603 1163 623 voce
1195 592 1285 631 cxiii).
1315 594 1407 623 Hanc
1434 604 1499 624 rem
1534 596 1683 633 paxillum
1717 598 1917 626 coniunctum

133 656 285 697 appellari
312 657 406 695 (con
420 656 440 685 f.
473 656 679 696 Darstellung
706 655 734 684 d.
765 657 859 685 Arab.
892 656 1078 685 Verskunst
1110 665 1138 694 p.
1157 656 1231 693 65.)
1251 660 1284 684 et
1312 655 1341 684 in
1370 655 1469 685 tribus
1496 657 1668 694 speciebus
1698 658 1788 686 metri
1815 657 1922 688 Camet

135 720 285 759 appellati
312 727 479 748 occurrere
507 718 595 756 (ibid.
624 727 654 757 p.
686 717 762 749 102.
792 717 904 755 211.)
958 717 1018 746 Rei
1046 717 1256 756 explicandae
1283 717 1387 757 gratia
1415 722 1587 756 sequentes
1614 728 1731 749 versus
1762 720 1924 749 adnotavit

134 779 240 824 (metr.
270 779 417 823 Camel)t
446 780 619 812 Gentem
647 781 685 809 in
712 780 892 810 deserto
920 781 995 809 iarn
1024 780 1141 821 duxi,
1171 780 1211 809 in
1241 790 1318 819 quo
1346 781 1440 810 viae
1468 780 1545 810 dux
1572 781 1737 821 digitos
1769 782 1929 812 mordet

135 845 368 879 (nesciens
410 842 483 871 nbi
525 842 620 880 sit).
660 842 758 871 conf.
799 851 829 880 p.
860 842 941 872 212.
970 852 998 872 c.
1026 843 1118 872 Ham.
1149 844 1194 872 νΛῚ
1224 853 1254 873 v.
1286 844 1317 872 4.
1370 843 1439 874 Res
1468 845 1498 873 in
1527 849 1690 882 postremo
1718 845 1799 884 pede
1826 846 1927 875 hemi·

135 906 239 935 stichii
254 905 442 944 posterioris
459 906 570 948 (ψλωο)
588 904 687 934 locum
708 904 813 933 habet.
859 906 971 935 »Alter
990 915 1108 936 versus
1128 911 1179 935 est
1196 904 1300 948 (metr.
1317 905 1459 949 Camel):
1489 908 1574 936 Nos
1601 907 1690 937 etsi
1718 908 1928 937 nobilitas

135 972 289 997 nostra
332 968 559 1005 praeclara
599 972 692 1005 est,
725 967 764 996 in
794 968 1032 998 nobilitate
1060 968 1264 999 fiduciam
1293 979 1367 998 non
1396 971 1599 1008 ponimus.
1652 969 1720 999 Res
1749 972 1779 999 in
1807 969 1929 1000 duobus

135 1030 336 1060 hemistichiis
365 1031 563 1060 observatur.
591 1030 689 1059 conf
723 1041 752 1070 p.
783 1030 899 1060 213a.
928 1032 1055 1060 Tertius
1084 1030 1218 1070 denique
1246 1037 1297 1062 est
1321 1030 1426 1074 (metr.
1455 1029 1601 1074 Carnem:
1637 1033 1727 1073 Ego
1754 1036 1796 1062 et
1824 1032 1928 1070 quod

136 1097 318 1132 tempore
344 1092 550 1122 matutino
579 1093 659 1122 loci
685 1093 793 1122 Mina
820 1093 924 1132 apud
951 1094 1113 1123 silices
1141 1099 1405 1132 mactarunt,
1431 1095 1518 1125 dum
1549 1105 1619 1125 eas
1649 1095 1810 1133 (hostias)
1839 1095 1926 1123 vin—

136 1156 233 1185 cula
261 1155 518 1195 gravabant.
571 1155 740 1193 (Fortasse
768 1165 824 1194 per
850 1155 1000 1185 victimas
1032 1157 1114 1186 iurat
1142 1158 1254 1195 poeta]
1282 1157 1482 1187 Scholiastes
1510 1157 1687 1193 adnotavit,
1715 1157 1745 1186 in
1774 1156 1835 1186 hoc
1862 1166 1928 1186 rem

134 1220 165 1248 in
193 1223 326 1257 utroque
354 1217 553 1247 hemistichio
580 1218 733 1257 reperiri,
767 1219 812 1247 ita
847 1220 879 1247 ut
904 1218 934 1247 in
961 1220 1140 1257 posteriore
1168 1219 1365 1250 hemistichia
1380 1219 1487 1257 Nsimul
1514 1220 1656 1250 secunda
1683 1221 1790 1250 littera
1817 1221 1930 1258 quies-

136 1286 197 1310 cat.
233 1279 314 1309 Rem
337 1279 426 1324 stubi
456 1280 646 1319 appellatam
668 1289 744 1309 esse
772 1280 887 1309 conf.
918 1280 955 1312 ib.
983 1290 1010 1319 p.
1040 1281 1081 1310 81
1114 1286 1145 1310 et
1172 1282 1241 1311 214
1272 1283 1301 1312 b.
1329 1283 1404 1313 Vox
1434 1287 1500 1327 ⁸³5⁵?
1528 1283 1664 1313 maxime
1691 1283 1721 1312 in
1749 1283 1841 1322 equis
1869 1282 1928 1312 ad·

137 1341 233 1372 hibita
260 1342 319 1372 hoc
346 1344 374 1370 in
406 1351 502 1371 versu
530 1342 569 1370 ob
595 1351 709 1371 vocem
737 1341 980 1381 praecedentem
1007 1340 1101 1383 2433).ss
1128 1345 1270 1375 camelos
1298 1345 1459 1386 designet,
1481 1354 1617 1375 necesse
1647 1350 1707 1375 est.
1743 1345 1929 1374 Mersukius

138 1414 219 1434 voce
245 1394 318 1448 ojssi
344 1404 467 1434 celeres
495 1404 658 1445 designari
684 1404 776 1442 vult3
806 1404 863 1433 sed
891 1405 998 1443 potius
1026 1405 1176 1445 generosi
1204 1410 1290 1436 sunt.
1317 1407 1349 1435 In
1377 1409 1483 1446 priore
1509 1416 1608 1436 versu
1636 1407 1695 1436 sub
1724 1416 1804 1436 voce
1834 1403 1929 1446 &34:3¹

137 1468 167 1496 in
194 1468 326 1497 Tebrisii
366 1467 476 1497 codice
514 1476 626 1496 vocem
665 1465 759 1507 2⁵2-OE
788 1468 910 1496 seriore
939 1471 1082 1506 tempore
1107 1468 1259 1507 scriptam
1285 1469 1423 1510 invenio,
1452 1478 1534 1508 quae
1561 1472 1660 1498 utrum
1688 1469 1768 1498 alter
1803 1466 1929 1508 legendi

138 1529 248 1559 modus
276 1530 327 1570 sit,
356 1539 393 1559 an
423 1530 609 1560 coniectura
636 1529 753 1559 dubito.

138 1627 170 1656 3.
214 1627 272 1656 Em
303 1628 371 1655 eius
400 1630 485 1655 terra
513 1629 671 1655 venientes
692 1630 820 1657 nuntios
849 1638 923 1665 royo
946 1632 976 1657 et
997 1630 1124 1658 camelis
1145 1630 1302 1667 vellentes,
1327 1639 1457 1668 quorum
1479 1631 1612 1658 scientia
1634 1639 1702 1658 mea
1724 1630 1771 1656 rei
1791 1629 1924 1656 scientia

839 1688 892 1714 est.
919 1685 956 1712 ‹le
979 1695 1015 1713 ea
1039 1687 1205 1720 interruqo.

243 1749 288 1779 Se
319 1751 346 1779 ei
386 1759 510 1789 semper
548 1750 686 1781 deditum
717 1761 792 1781 esse
821 1752 967 1793 affirmat,
1004 1763 1086 1793 nam,
1115 1755 1142 1782 si
1172 1763 1223 1782 res
1251 1753 1344 1783 aliter
1369 1763 1407 1783 se
1431 1752 1571 1791 haberet,
1598 1753 1667 1782 eius
1694 1753 1836 1782 nuntium
1865 1762 1926 1781 non

140 1812 382 1851 interrogasset.
446 1812 646 1842 Scholiastes
683 1818 757 1843 ante
793 1823 906 1845 vocem
931 1812 1042 1859 3955
1069 1825 1184 1845 vocem
1221 1814 1297 1855 ὑφ’)
1327 1815 1525 1845 „nuntiorum
1554 1824 1692 1856 gnaros«
1722 1814 1929 1853 supplendam

141 1882 238 1911 esse3
263 1874 450 1903 Mersukius
479 1874 625 1903 subtilius
653 1884 718 1904 rem
746 1876 900 1914 explicari
928 1885 1025 1914 posse
1053 1882 1152 1915 putat,
1183 1883 1215 1907 ut
1244 1879 1330 1917 ipsos
1349 1878 1476 1908 nuntios
1496 1882 1646 1916 acceptos
1664 1887 1773 1907 secum
1793 1881 1930 1915 reputet,

142 1939 173 1962 et
200 1935 288 1972 qnasi
318 1935 518 1975 interroget,
557 1940 591 1965 ut
617 1936 690 1965 novi
719 1936 791 1975 quid
819 1936 889 1966 inde
916 1939 1074 1967 extrahat.
1128 1940 1165 1969 Si
1192 1945 1297 1969 autem
1326 1941 1396 1979 quis
1424 1949 1481 1969 eos
1508 1940 1693 1980 interrogat,
1720 1939 1769 1978 qui
1799 1939 1842 1968 rei
1871 1948 1930 1968 no-

143 1997 239 2025 titiam
270 1998 429 2035 menoi-em,
457 2008 547 2036 quam
585 2001 666 2039 ipse,
696 2009 757 2029 non
784 2000 913 2040 habent,
944 2002 986 2030 nil
1014 2002 1088 2030 uox-i
1116 2003 1239 2041 accipit.
1293 2002 1506 2032 Nihilominus
1532 2011 1610 2031 vero
1641 2001 1686 2034 fit,
1710 2008 1743 2031 ut
1771 2001 1929 2031 desiderio

141 2059 296 2097 impulsus
327 2060 395 2097 quis
426 2060 518 2089 talem
547 2061 721 2101 interrogat
749 2067 781 2091 et
807 2064 954 2101 quamvis
984 2063 1023 2093 de
1050 2064 1135 2093 nulla
1165 2075 1198 2093 re
1224 2064 1338 2094 certior
1365 2062 1410 2100 fit,
1426 2066 1530 2092 tamen
1549 2073 1589 2092 ex
1609 2065 1679 2101 ipsa
1707 2063 1750 2092 rei
1771 2063 1928 2092 mentione

143 2121 228 2152 sacta
255 2123 450 2162 voluptatem
480 2126 621 2164 percipit,
639 2127 754 2165 quippe
782 2135 892 2155 omnes
921 2126 959 2155 de
989 2136 1034 2166 re,
1052 2136 1131 2165 quae
1160 2127 1238 2166 ipsis
1266 2125 1352 2156 cordi
1380 2128 1440 2163 est,
1460 2134 1637 2154 sermonem
1666 2125 1772 2154 facere
1800 2125 1927 2164 cupiant

143 2184 196 2214 Sic
223 2185 300 2214 alius
329 2185 406 2214 dixit
433 2183 541 2227 (metr.
568 2185 729 2229 'rhawi1):
759 2189 811 2217 Et
839 2190 893 2218 tui
923 2189 1180 2218 mentionem
1210 2189 1322 2218 inter
1350 2197 1564 2218 sermones
1590 2188 1698 2217 volo.

143 2283 174 2311 4.
219 2282 264 2311 Et
285 2284 315 2310 sz'
335 2284 401 2310 eius
424 2284 538 2310 mentio
556 2284 654 2320 fit,e:c
677 2284 767 2313 oculo
787 2284 926 2321 lacryma
949 2294 1045 2321 svper
1067 2285 1191 2313 barbam
1215 2294 1314 2313 meam
1327 2285 1441 2323 defluit.
1459 2285 1716 2322 quemadmodum
1741 2284 1931 2319 nmrqarilae

826 2348 842 2366 e
871 2338 984 2368 collari
1006 2340 1242 2376 ‹lisperqunlun

253 2405 299 2435 Se
325 2405 468 2436 feminam
493 2406 703 2435 vehementer
730 2416 837 2437 amare
867 2417 905 2437 eo
933 2408 1063 2447 probat,
1091 2408 1185 2447 quod,
1215 2409 1241 2437 si
1267 2410 1337 2447 quis
1363 2410 1433 2437 eius
1461 2407 1648 2437 mentionem
1676 2406 1777 2445 faciat,
1805 2406 1843 2435 ob
1871 2407 1929 2435 tri-

145 2470 264 2499 stitiam
291 2470 432 2511 lacryma
456 2476 573 2500 manet.
640 2472 817 2511 Lacr-ymas
845 2481 886 2500 ex
913 2472 1014 2501 oculis
1047 2471 1231 2501 decidentes
1260 2480 1327 2501 cum
1355 2470 1534 2511 margaritis
1561 2479 1580 2499 e
1605 2468 1711 2499 collari
1738 2473 1832 2507 rupto
1862 2469 1929 2499 dis-

147 2531 249 2570 persis
277 2537 448 2570 comparat.
503 2532 577 2562 Vox
604 2531 700 2576 Oh>
727 2542 840 2562 nomen
868 2533 1029 2562 Persicum
1058 2542 1098 2562 ex
1128 2533 1260 2563 Persico
1287 2531 1371 2577 (ji-05
1399 2538 1502 2563 ortum
1534 2537 1592 2561 est.
1644 2530 1670 2559 E
1697 2530 1769 2560 sinu
1796 2530 1927 2560 Persico

148 2594 331 2632 margaritas
357 2594 386 2623 in
416 2593 562 2624 Arabiam
591 2599 829 2634 transportatas
854 2604 942 2633 esse,
968 2594 1063 2625 dubio
1091 2595 1259 2625 obnoxium
1280 2604 1356 2625 esse
1382 2604 1443 2625 non
1462 2596 1580 2633 potest.
1603 2590 1801 2621 Scholiastes
1817 2601 1928 2622 vocem
