2155 2892
889 135 1160 165 —514—

131 234 159 262 1.
182 233 222 264 Si
239 233 381 271 plebejus
401 241 445 268 es,
472 234 577 270 campi
595 234 720 272 sunaus
742 235 808 270 sis;
829 235 881 262 sin
904 233 1004 270 aliter,
1031 236 1062 263 si
1081 236 1138 270 vis,
1162 235 1248 263 asini
1265 237 1422 264 veretrum
1444 237 1491 264 sis
1506 234 1520 265 !

236 307 318 336 Vilis
349 305 465 347 agendi
493 308 646 336 rationem
677 307 746 336 sine
774 307 867 338 dubio
894 308 1066 349 vituperat,
1094 313 1127 340 ut
1154 308 1224 338 aliis
1253 318 1363 348 parurn
1392 309 1478 339 utilis
1505 308 1554 339 sit.
1595 309 1704 340 Talem
1732 319 1770 340 se
1796 320 1921 353 gerere,

128 371 161 397 ut
187 367 311 396 vilitate
338 372 392 396 aut
420 367 520 397 tuberi
547 371 650 397 terrae
677 373 731 397 aut
758 368 838 398 asini
864 374 995 399 veretro
1022 371 1134 401 similis
1161 372 1213 401 sit.
1242 372 1317 401 Vox
1335 383 1410 417 6⁴⁸²
1436 373 1541 402 vocali
1568 372 1720 403 Dhamma
1742 382 1761 403 a
1791 373 1915 404 lexico-

126 429 260 470 graphis
288 430 519 468 pronuntiatur⁷
546 430 573 459 si
600 431 714 470 plebeji
742 430 1005 472 significationem
1032 432 1139 462 habet.
1191 433 1299 462 Tuber
1328 438 1434 463 terrae
1472 434 1544 464 vilis
1571 435 1725 473 habetur-3
1755 435 1804 465 sic
1837 435 1919 466 enim

126 491 156 520 in
174 491 343 530 proverbio
371 489 484 534 (Meid.
512 491 550 529 C,
579 492 612 529 9,
641 491 702 534 53)
729 495 814 541 {5523
841 496 894 541 63²⁵
920 509 962 532 0⁴·
987 488 1043 529 &255
1075 495 1200 525 »Vilior
1227 505 1320 535 quam
1358 496 1449 526 tuber
1488 501 1594 527 terrae
1631 497 1732 527 album
1767 499 1798 527 in
1833 502 1919 528 terra

125 553 228 582 molli«
259 553 382 583 dicitur.
410 555 526 585 Dicunt
552 564 692 594 quoque:
721 553 791 606 {⁵²³³
819 558 886 585 lxm
905 555 996 601 Ueli.
1025 558 1144 587 Asinus
1172 567 1307 596 quoque,
1336 557 1366 587 id
1394 558 1476 596 quod
1495 569 1536 588 ex
1556 559 1696 598 pluribus
1716 562 1779 604 sp,
1797 562 1918 604 8⁸22.)

128 616 306 654 proverbiis
340 616 451 647 videre
485 617 576 658 licet,
616 623 794 648 contemtus
832 623 883 648 est
917 616 981 660 (eo
999 619 1053 649 uf.
1078 619 1178 649 Meid.
1207 620 1244 652 C.
1273 620 1306 658 9,
1335 618 1392 649 52.
1422 620 1455 659 6,
1484 621 1565 651 204.
1594 622 1652 651 27.
1684 622 1763 651 168.
1815 622 1918 652 Multo

124 678 220 708 vilior
246 684 352 709 autem
379 680 442 709 ista
469 681 609 719 corporis
636 680 790 719 despecta
817 690 892 719 pars
918 680 1062 711 habenda
1098 686 1159 713 est.
1221 682 1296 712 Vox
1315 683 1376 728 535³
1412 681 1606 713 scholiastae
1633 683 1822 715 adiectivum
1851 689 1913 725 est,

124 745 159 770 ut
186 741 422 772 substantivum
449 739 487 791 fil&
514 744 662 773 omissum
690 743 737 772 sit.

122 875 155 903 2.
182 876 294 913 Neque
316 877 426 905 domus
445 877 561 914 plebeji
585 878 748 908 clientelae
769 880 880 910 domus
902 885 951 910 es!
971 891 1071 921 neque
1093 883 1208 921 plebeje'
1225 884 1340 922 foedus
1361 884 1532 912 vicinitatis
1550 884 1673 922 foedus.

218 957 288 986 Hoc
314 967 332 987 e
359 967 457 988 versu
486 961 721 1000 cognosciinuS‚
748 962 949 1002 vituperandi
978 974 1108 994 causam
1135 964 1164 994 in
1191 964 1338 994 clientela
1365 964 1514 1004 neglecta
1542 963 1674 1002 positam
1695 963 1807 993 fuisse.
1836 962 1911 994 Ple-

120 1020 224 1060 bejum
264 1031 326 1050 non
365 1031 464 1061 posse
491 1033 553 1053 non
585 1028 709 1063 turpem
737 1025 853 1066 agendi
891 1026 1016 1056 modum
1048 1026 1151 1066 sequi.
1215 1026 1296 1055 Voci
1328 1024 1419 1068 ’6)ᾶρ
1457 1025 1611 1063 duplicem
1647 1029 1702 1054 aut
1740 1025 1908 1055 clientelae

120 1087 176 1113 aut
202 1083 333 1122 pudoris
362 1084 623 1125 sigulficationem
652 1086 682 1116 in
710 1096 810 1117 versu
838 1089 931 1118 tribui
957 1098 1068 1129 posse,
1096 1088 1286 1118 scholiastes
1306 1087 1388 1116 dicit.
1431 1085 1516 1115 Idem
1537 1085 1711 1122 adnotavit,
1734 1085 1819 1125 quod
1838 1095 1914 1124 par-

120 1143 217 1174 ticula
243 1142 266 1173 {5
294 1155 350 1185 pro
378 1144 401 1174 Lo
427 1147 479 1188 sit,
506 1149 771 1187 praepositionem
787 1151 817 1180 in
833 1160 915 1181 voce
933 1154 1014 1181 οάω
1034 1152 1134 1181 locum
1149 1150 1267 1180 habere
1295 1149 1399 1179 conf.
1418 1148 1529 1180 Gram.
1546 1149 1602 1178 Ar.
1623 1149 1658 1178 Τ.
1674 1149 1714 1187 11,
1730 1149 1811 1179 414.
1829 1147 1912 1178 563.

937 1292 1098 1326 Lxlx.

874 1359 1016 1392 Alius
1039 1359 1170 1392 «lixit.

124 1419 153 1448 1.
178 1421 219 1449 In
240 1426 338 1458 yeme
360 1423 600 1454 Banu-Harant
621 1428 826 1464 pereqrimnn
850 1430 883 1456 ιή
905 1429 1002 1457 (alere
1026 1426 1248 1468 ‘'bzeqleclunn)
1269 1438 1317 1457 me
1339 1429 1425 1456 rideo
1433 1438 1446 1466 ς
1467 1430 1556 1457 visito
1579 1431 1609 1456 et
1628 1437 1690 1456 mm
1712 1430 1828 1456 visitor.

116 1487 148 1515 2.
174 1488 325 1519 Homines
348 1494 416 1521 sine
437 1503 485 1522 me
508 1504 622 1523 carnes
645 1496 750 1531 edunt,
777 1497 849 1525 dum
873 1497 916 1525 acl
934 1506 982 1525 me
1001 1497 1227 1524 eoecnsationes
1249 1498 1279 1524 el
1299 1495 1389 1523 nidor
1411 1497 1521 1523 carnis
1543 1497 1641 1523 tostae
1663 1496 1799 1523 veniant.

216 1570 355 1603 Gentem
383 1576 517 1616 Hacam,
545 1577 574 1606 in
601 1587 662 1616 qua
691 1582 840 1619 tanquam
865 1578 990 1609 vicinus
1018 1579 1143 1608 vixisse
1172 1578 1309 1619 videtur,
1338 1578 1440 1617 ipsum
1468 1578 1706 1619 negligentem,
1740 1581 1773 1607 ut
1799 1577 1902 1607 bene-

116 1629 188 1661 ficia
214 1634 245 1661 in
271 1644 341 1664 eum
368 1644 429 1664 non
457 1637 633 1677 conferant,
662 1639 835 1678 vituperat.
888 1641 933 1670 Se
961 1642 999 1671 ab
1027 1642 1062 1671 iis
1090 1641 1223 1682 negligi,
1252 1651 1293 1670 ex
1320 1650 1357 1670 eo
1383 1650 1549 1680 apparere,
1580 1640 1660 1679 quod
1680 1648 1783 1679 nemo,
1813 1648 1906 1678 quem

116 1692 264 1733 visitarit,
293 1696 452 1726 visitatum
481 1698 519 1727 ad
547 1701 648 1738 ipsum
676 1702 793 1731 veniat.
847 1703 880 1731 In
912 1704 1092 1741 posteriore
1125 1712 1222 1732 versu
1243 1712 1309 1732 rem
1330 1703 1469 1742 pluribus
1490 1703 1629 1742 exponit,
1681 1702 1767 1731 Ante
1795 1710 1907 1731 vocem

115 1753 192 1794 mm
221 1757 398 1788 subiectum
435 1763 475 1803 39>
507 1762 718 1799 supplendum
754 1769 812 1793 est.
875 1766 907 1795 In
938 1776 1021 1796 voce
1038 1764 1137 1811 sibit
1165 1766 1320 1805 duplicem
1348 1766 1501 1795 rationem
1530 1766 1633 1795 secuti
1662 1770 1734 1795 sunt
1763 1769 1818 1795 aut
1844 1774 1906 1794 ex-

114 1821 313 1851 cusationum
343 1825 396 1851 aut
422 1822 550 1852 merdae
578 1829 609 1853 et
636 1825 693 1855 loci
722 1828 821 1864 aperti
849 1832 922 1857 ante
951 1828 1059 1859 domos
1087 1829 1352 1870 significationem
1379 1829 1452 1858 voci
1481 1830 1670 1869 tribuentes,
1685 1834 1718 1858 ut
1741 1833 1815 1858 ante
1841 1837 1904 1857 vo-

114 1891 180 1912 cem
207 1892 273 1913 vox
299 1896 358 1935 3³³)
385 1883 493 1927 (odor)
520 1887 695 1925 supplenda
721 1888 773 1918 sit.
828 1890 893 1920 Aut
920 1900 990 1920 cum
1019 1900 1099 1920 voce
1125 1887 1240 1936 &5152
1271 1900 1377 1920 sermo
1406 1890 1507 1920 denuo
1536 1891 1731 1930 incipiendus
1758 1895 1830 1929 est,
1869 1895 1903 1920 ut

113 1953 184 1974 cum
213 1947 418 1977 antecedente
446 1948 529 1978 haud
557 1949 728 1979 cohaereat
756 1956 809 1980 aut
833 1962 899 1981 vox
919 1958 1009 1996 sagina,
1036 1963 1118 1993 quae
1140 1953 1178 1983 ad
1198 1962 1311 1983 vocem
1330 1951 1408 1993 (ftjl
1429 1953 1594 1983 reserenda
1613 1959 1675 1994 est,
1703 1953 1901 1993 suppleatur,

113 2015 248 2036 necesse
276 2015 336 2039 est.
390 2011 477 2040 Loco
505 2013 597 2041 vocis
623 2010 716 2056 >elath
747 2014 865 2055 legitur
893 2024 1017 2054 quoque
1033 2013 1134 2062 )i>'».§.[l
1165 2012 1322 2057 (sordes).
1386 2015 1725 2045 Abu-Mohammedes
1752 2015 1902 2045 Alahrabi

114 2077 199 2098 more
226 2079 285 2099 suo
314 2072 343 2100 in
371 2072 536 2103 refutando
563 2075 731 2106 Namarita
755 2078 1001 2115 proverbialiter
1028 2078 1160 2116 loquens
1189 2077 1265 2107 dixit
1287 2078 1394 2115 (metr.
1415 2076 1573 2114 Thawil):
1603 2076 1816 2106 Cornibus
1843 2077 1899 2106 in-

113 2129 246 2162 flexis
274 2134 472 2171 praedita
500 2133 655 2179 (capra)
692 2139 813 2168 nobis
846 2139 1014 2169 multam
1053 2139 1227 2169 merdam
1269 2139 1475 2168 excrevit
1512 2143 1552 2168 et
1591 2139 1800 2169 cornibus
1840 2139 1898 2168 in-

112 2193 257 2224 flexis
285 2195 516 2234 praeditae
543 2198 718 2239 largam
747 2201 892 2230 lactis
920 2202 1101 2240 copiam
1136 2211 1216 2230 non
1252 2200 1491 2240 videmus3
1532 2209 1621 2229 eam
1656 2200 1810 2240 igitur
1844 2199 1897 2229 ad

112 2256 140 2285 A
156 2256 217 2286 hm
233 2267 246 2285 r
262 2267 279 2286 u
295 2267 313 2286 u
329 2268 356 2287 m
396 2268 408 2287 r
425 2268 442 2288 e
457 2258 475 2287 d
491 2268 509 2288 u
525 2268 540 2288 c
552 2259 559 2288 i
573 2264 582 2288 t
597 2255 632 2289 e!
686 2261 815 2291 Poetain
844 2263 882 2292 ob
910 2263 1076 2293 avaritiam
1111 2264 1141 2292 in
1175 2263 1246 2293 cibo
1284 2263 1474 2304 denegando
1503 2264 1636 2293 alterum
1664 2266 1897 2302 vituperantem

109 2318 192 2348 haud
223 2319 375 2357 inveniri,
417 2323 467 2359 qui
506 2321 640 2361 dixerit,
679 2322 718 2351 ad
753 2323 858 2362 ipsum
885 2324 1027 2354 nidorem
1055 2327 1160 2355 carnis
1189 2329 1293 2355 tostae
1320 2330 1352 2355 et
1376 2325 1503 2356 merdae
1530 2325 1660 2355 odorem
1697 2324 1828 2354 venisse
1863 2328 1896 2354 et

108 2391 265 2420 nunquam
293 2391 406 2411 vocem
426 2379 523 2426 ptati
545 2385 636 2413 vocis
656 2379 789 2428 &bd-255
808 2385 1072 2426 significationem
1094 2387 1222 2417 habere.
1276 2388 1368 2418 Hunc
1395 2388 1493 2429 igitur
1520 2387 1746 2427 interpretandi
1771 2386 1895 2416 modum

107 2441 310 2472 reiiciendum
338 2452 425 2475 esse.
479 2444 557 2474 Mihi
584 2454 708 2484 quoque
735 2447 975 2479 excusationum
1007 2449 1201 2490 significatio
1230 2450 1440 2489 praeferenda
1466 2450 1613 2490 videtur,
1652 2449 1767 2488 quippe
1794 2457 1895 2478 excu-

108 2505 249 2534 sationes
277 2505 316 2534 ad
350 2511 508 2545 petentem
536 2508 689 2547 perlatae,
717 2509 789 2539 dum
814 2509 955 2540 nidorem
984 2511 1085 2541 carnis
1113 2515 1218 2541 tostae
1244 2511 1456 2551 percipiebat,
1490 2516 1616 2550 poetam
1652 2519 1714 2539 non
1747 2513 1893 2548 poterant

107 2575 169 2595 nou
196 2567 333 2597 laedere.
