2155 2892
914 115 1179 146 —266—

147 224 248 263 ,ἐκαὶ-ε
273 226 344 247 cum
371 215 482 245 eadem
509 213 742 255 significatione
768 215 896 255 legitur.
950 213 1064 245 Odium
1092 224 1186 254 quum
1208 217 1241 245 in
1267 213 1363 244 corde
1388 213 1498 244 sedem
1523 212 1642 244 habere
1668 219 1812 256 putetur,
1839 218 1934 255 poeta

149 280 253 310 odium
278 278 440 308 foventem
465 287 535 307 eum
562 277 722 319 appellat,
757 278 848 308 cuius
876 282 989 308 costae
1014 287 1110 318 super
1141 277 1244 309 odium
1271 282 1426 307 curvatae
1451 281 1536 307 sunt.
1599 275 1758 306 Suffixum
1792 278 1824 307 in
1850 285 1933 306 voce

147 346 246 389 &⁴³³3
271 342 439 381 obiectum,
466 342 552 382 quod
579 342 650 373 odio
678 347 740 383 est,
768 343 928 384 designat.

146 439 178 469 8.
222 439 269 467 Et
290 440 496 469 mansuetudo
518 449 586 468 mea
607 449 677 468 eum
701 440 778 475 teye't
799 441 837 473 et,
861 441 891 467 si
912 439 1086 474 voluissem,
1112 439 1315 473 calamitates,
1341 447 1420 477 quae
1441 447 1515 468 ossa
1537 439 1694 478 adficiunt
1717 437 1817 466 verbis
1839 437 1931 475 adsti-

813 494 967 530 gentibus,
992 503 1060 522 eum
1085 494 1280 529 mlliqisseut.

144 565 178 594 9.
223 566 268 595 Et
286 566 365 595 milui
380 576 445 594 rem
467 569 605 603 impono,
633 566 664 594 si
680 575 732 593 res
754 574 803 593 me
824 565 960 601 adtingit
981 568 1013 593 e!
1035 574 1077 593 ez·
1096 564 1272 593 hominibus
1294 567 1379 599 sunl,
1401 563 1513 602 quibus
1535 565 1565 592 si
1582 573 1634 592 res
1654 564 1834 600 imponitur,
1863 571 1930 590 eam

914 627 976 647 non
996 622 1171 657 perficiam.

144 690 199 720 10.
220 690 312 727 Erga
331 699 411 723 eum,
434 697 525 727 quem
547 688 626 720 ηουί,
652 685 770 722 duplici
787 685 874 723 facie
894 686 1072 714 instructus
1095 695 1157 713 mm
1181 695 1251 714 sum
1273 687 1303 713 et
1325 685 1489 713 avaritiam
1506 692 1606 723 neque
1627 683 1706 713 coeli
1717 692 1817 721 nuque
1830 685 1933 711 tem-ae

895 749 982 767 meae
1005 750 1074 768 esse
1095 741 1173 768 scito
1179 739 1193 767 J

145 810 194 838 11.
219 809 317 838 Lenis
347 818 402 846 eqo
434 818 519 842 sum,
553 810 644 836 cuius
674 809 822 835 naturam
852 806 1033 834 vicissitudo
1062 808 1200 835 noctium
1227 808 1374 844 temporis
1403 806 1574 844 torquendo
1602 808 1633 833 el
1653 805 1847 833 dissolvendo
1871 813 1934 832 mm

958 863 1125 897 pernmlal.

241 930 282 960 Hi
308 935 422 970 quator
448 939 564 959 versus
593 929 622 957 in
651 929 809 959 Mersukii
835 928 946 959 codice
974 928 1202 959 desiderantur.
1241 931 1275 959 In
1303 929 1402 968 primo
1429 938 1529 958 versu
1556 928 1755 958 clementiam
1782 937 1819 958 ac
1841 937 1931 958 man-

143 993 344 1023 suetudinem
372 1003 462 1022 suam
498 992 615 1023 laudat.
676 994 724 1023 Ea
752 1002 789 1022 se
817 1002 910 1022 usum
937 1002 1024 1033 esse,
1050 1001 1236 1032 quamquam
1264 993 1396 1022 alterum
1423 992 1532 1021 verbis
1559 991 1684 1021 acerbis
1714 990 1841 1020 laedere
1872 1000 1931 1029 po-

144 1057 249 1087 tuerit.
278 1057 353 1086 Vox
379 1053 486 1105 &biiii
514 1056 613 1085 verba
641 1055 797 1085 laedentia
824 1054 997 1096 significat,
1027 1058 1057 1084 et
1084 1060 1147 1084 tum
1177 1055 1206 1083 in
1234 1055 1351 1084 Corani
1379 1064 1495 1083 versus
1523 1053 1674 1093 quosdam
1704 1053 1839 1083 tranlata
1866 1059 1930 1086 est,

142 1120 256 1159 quibus
284 1119 457 1150 daemones
482 1125 542 1150 etc.
572 1120 654 1159 abigi
681 1123 840 1158 putantur.
906 1119 995 1148 Haec
1022 1114 1110 1164 pietali
1138 1121 1219 1161 0243
1247 1127 1293 1146 os
1322 1116 1512 1146 dolantia
1538 1121 1634 1155 poeta
1660 1115 1737 1146 dicit
1764 1114 1932 1156 significa-

143 1187 246 1221 turus,
262 1192 301 1212 ea
328 1182 464 1212 maxime
491 1182 607 1212 acerba
634 1186 666 1211 et
693 1180 891 1220 penetrantia
918 1190 1004 1210 esse.
1056 1180 1255 1219 Praepositio
1283 1191 1335 1224 σε
1372 1179 1403 1208 in
1435 1179 1545 1208 verbis
1580 1188 1646 1217 σε».
1676 1173 1776 1223 fbf
1810 1177 1934 1206 instru-

142 1251 249 1276 mento
276 1244 485 1286 significando
513 1244 632 1284 (conf.
664 1244 774 1275 Gram.
803 1245 859 1273 Ar.
887 1244 923 1273 T.
950 1244 964 1272 I
991 1253 1020 1282 p.
1049 1240 1136 1283 486)
1163 1241 1297 1270 inservit
1324 1245 1356 1269 et
1393 1249 1463 1269 cum
1491 1249 1572 1269 voce
1599 1236 1662 1284 (Δί,
1697 1249 1790 1280 quam
1817 1240 1934 1280 singu-

142 1308 218 1338 laris
238 1308 371 1338 formam
387 1318 455 1338 cum
471 1308 707 1349 significatione
734 1306 862 1346 pluralis
890 1306 1017 1343 habeat,
1031 1305 1224 1345 singularem
1249 1314 1315 1343 25³⁸
1341 1302 1481 1332 dolore
1518 1302 1730 1333 adficiens
1759 1302 1932 1332 coniunxit.

144 1372 179 1401 In
206 1370 348 1401 secundo
376 1380 473 1400 versu
502 1370 591 1410 dicit>
628 1380 687 1409 se,
726 1370 752 1399 si
784 1378 837 1397 res
866 1369 977 1409 gravis
1003 1368 1061 1407 ipsi
1088 1368 1303 1407 superveniat,
1331 1376 1399 1396 eam
1427 1366 1649 1406 perficiendam
1675 1366 1735 1395 sibi
1761 1366 1931 1405 imponere,

141 1434 216 1464 dum
243 1434 294 1464 alii
321 1443 388 1464 rem
425 1434 463 1464 ab
501 1433 570 1463 aliis
605 1432 787 1472 impositam
828 1441 889 1460 non
917 1431 1093 1471 perficiant.
1133 1430 1258 1461 Laudat
1288 1431 1385 1471 igitur
1411 1429 1623 1459 fortitudinem
1650 1438 1741 1458 suam
1770 1428 1799 1458 in
1834 1428 1931 1457 rebus

869 1504 967 1540 &aad
995 1495 1154 1524 obiectum
1181 1491 1241 1537 ’.ὥς
1270 1490 1369 1537 (rem)
1398 1492 1609 1532 supplendum
1636 1496 1723 1531 puto.
1776 1492 1810 1520 ln
1836 1492 1932 1520 tertio

142 1568 241 1589 versu
274 1568 310 1588 se
349 1558 461 1588 eodem
488 1567 614 1597 semper
648 1557 741 1587 modo
776 1566 874 1597 agere
908 1555 982 1585 dicit
1017 1560 1049 1585 et
1075 1564 1203 1594 semper
1230 1555 1413 1584 liberalitate
1442 1553 1494 1593 uti,
1520 1556 1552 1583 ut
1578 1553 1617 1583 ab
1644 1552 1780 1582 avaritia
1807 1552 1932 1581 omniuo

143 1497 296 1538 gravibus
332 1495 545 1536 perficiendis.
611 1496 691 1525 Post
718 1504 834 1524 vocem

143 1624 287 1649 remotus
313 1620 364 1650 sit·
412 1619 576 1648 Posterior
609 1618 833 1657 specialiorem
861 1626 990 1646 sensum
1017 1616 1156 1646 offerens
1183 1626 1300 1646 versus
1328 1625 1402 1655 pars
1429 1614 1524 1654 priori
1551 1614 1738 1654 generaliori
1764 1614 1845 1653 parti
1872 1623 1933 1642 ex·-

141 1680 309 1720 plicandae
343 1681 468 1711 servire
499 1684 615 1719 potest.
679 1680 801 1710 Vocem
829 1674 923 1723 pinis,
950 1688 1043 1717 quum
1080 1688 1208 1709 sensum
1236 1688 1298 1707 non
1325 1681 1453 1718 augeat,
1481 1676 1518 1706 iis
1547 1676 1643 1705 rebus
1670 1675 1933 1705 adnumerandam

143 1752 220 1773 esse
248 1753 378 1781 censeo,
406 1753 486 1782 quae
512 1753 530 1772 a
556 1743 664 1781 poesis
692 1742 801 1781 peritis
823 1742 913 1782 ,ἕω-κ
943 1747 976 1771 et
1002 1738 1087 1781 dyc-5
1128 1742 1307 1780 appellatae
1334 1739 1489 1769 interdum
1514 1738 1617 1778 poetis
1653 1738 1732 1767 vitio
1769 1741 1934 1767 vertuntur

145 1805 270 1844 (conf.
311 1806 379 1838 libr.
415 1815 520 1835 meum
555 1804 703 1835 Darstell.
739 1804 768 1835 d.
796 1804 894 1834 Arab.
921 1804 1038 1833 Versk.
1072 1814 1100 1842 p.
1129 1803 1240 1841 522).
1295 1801 1414 1831 Omnes
1441 1806 1546 1831 autem
1574 1809 1638 1838 reS,
1666 1809 1746 1839 quae
1774 1800 1932 1829 hominem

144 1871 303 1907 spectant,
321 1877 415 1906 quum
431 1871 483 1896 aut
502 1868 628 1896 interra
655 1870 707 1896 aut
736 1867 765 1895 in
793 1866 880 1895 coelo
909 1867 979 1904 sint,
995 1871 1026 1895 et
1054 1870 1137 1895 terra
1163 1865 1346 1902 coelumque
1374 1867 1470 1893 totam
1497 1868 1641 1893 naturam
1669 1861 1934 1901 complectantur,

144 1928 234 1958 hisce
261 1929 369 1958 verbis
390 1929 502 1967 voluit,
521 1929 686 1958 avaritiam
714 1933 781 1958 toto
811 1928 898 1957 caelo
926 1927 964 1957 ab
992 1928 1060 1966 ipso
1089 1927 1214 1957 abesse.
1267 1927 1353 1956 Ante
1384 1926 1649 1966 praepositionem
1678 1939 1720 1962 (γ
1747 1926 1934 1969 vocem&

145 1992 354 2031 supplendam
393 1997 480 2030 puto.
553 1991 587 2020 In
629 2000 725 2020 versu
761 1991 892 2029 denique
929 1996 1039 2029 quarto
1076 1991 1175 2020 leuem
1202 1992 1372 2028 mitemque
1398 1999 1435 2019 se
1462 1993 1525 2018 tam
1552 1990 1582 2018 in
1609 1986 1757 2017 adversis
1786 1996 1877 2025 quam
1906 1987 1934 2015 in

145 2054 294 2084 secundis
312 2055 407 2083 rebus
431 2064 507 2084 esse
524 2054 608 2083 dicit.
641 2054 798 2083 Naturam
826 2063 917 2083 suam
946 2064 1016 2084 cum
1043 2053 1116 2083 fune
1143 2053 1346 2090 comparavit,
1360 2052 1410 2090 qui
1437 2061 1493 2090 per
1521 2050 1669 2089 temporis
1697 2048 1933 2079 vicissitudines

146 2126 249 2155 neque
276 2116 481 2146 dissolvendo
516 2126 618 2155 neque
646 2115 880 2155 contorquendo
908 2120 1056 2145 mutatur.
1085 2117 1119 2145 ln
1145 2115 1252 2145 verbis
1275 2111 1367 2157 59¹2).ss
1394 2109 1458 2150 &Lyd
1486 2115 1583 2155 9:950
1609 2121 1674 2141 vox
1699 2107 1764 2147 „zi-,45
1793 2110 1831 2140 ad
1857 2119 1935 2139 sen-

145 2188 216 2208 sum
245 2177 499 2209 constituendum
526 2178 756 2218 quodammodo
782 2177 945 2218 superflua
972 2183 1032 2209 est.

949 2273 1128 2306 xxix.

743 2340 927 2373 uatem
950 2339 1177 2381 Thajjita
1199 2338 1336 2372 «lixit.

245 2413 304 2443 Vir
330 2422 452 2442 summa
476 2412 664 2442 liberalitate
691 2415 796 2452 notus,
824 2415 858 2441 ut
886 2411 915 2440 in
942 2412 1144 2451 proverbium
1170 2411 1304 2449 veniret,
1332 2411 1425 2451 paulo
1453 2415 1528 2441 ante
1553 2406 1806 2439 Mohammedem
1844 2405 1935 2437 vixit.

149 2477 255 2507 conf.
282 2477 420 2507 Meidan.
445 2476 579 2516 append.
1591 2463 1603 2466 χ

149 2548 178 2577 1.
228 2550 298 2586 qu
331 2559 457 2587 operam
485 2558 549 2578 non
580 2548 634 2583 do,
665 2550 701 2577 ut
727 2547 861 2577 dimissd
888 2548 958 2576 eius
988 2544 1170 2588 (camelae)
1202 2546 1324 2576 habena
1352 2543 1542 2584 receptaculi
1562 2552 1675 2582 aquam
1698 2545 1771 2571 ante
1793 2546 1932 2571 caeteros

921 2601 1056 2631 camelos
1084 2601 1174 2630 bibat.
