2155 2892
935 139 1200 171 —200-

172 244 300 276 tristitia
337 243 556 273 dehortentur.
608 242 752 272 Similem
781 251 915 272 sensum
943 241 1055 272 Ausus
1086 239 1114 269 b.
1144 238 1265 278 Hadjar
1292 238 1406 278 (poeta
1441 242 1587 277 tempore
1613 237 1808 277 paganismi)
1844 237 1952 281 verbis

171 305 375 346 sequentibus
403 306 567 343 expressit
594 304 703 343 (metr.
733 305 918 344 Monsarih)
948 304 974 334 0
1002 297 1152 334 anima!
1191 302 1228 331 in
1267 301 1461 332 tristitia
1499 299 1680 340 pulchre
1719 309 1812 342 age,
1848 299 1953 340 quod

170 371 274 400 enim
301 378 453 410 caves,
481 368 559 398 iam
586 362 757 398 incidit!

169 469 201 497 2.
246 466 345 503 Quem
366 468 448 496 enim
471 466 626 504 deploras,
651 475 721 494 eum
743 468 829 494 terra
852 466 884 493 et
901 465 994 502 fovea
1016 464 1159 498 incurva,
1183 465 1340 492 excavata
1362 463 1499 490 removit.

271 537 343 567 Hoc
368 546 468 566 versu
494 545 604 574 causa,
631 544 687 564 cur
712 534 807 564 nimia
833 533 962 564 tristitia
987 533 1078 563 uxori
1094 531 1311 563 abstinendum
1329 531 1382 569 sit,
1411 533 1597 560 continetur.
1650 531 1682 559 ln
1701 533 1784 560 terra
1799 529 1955 568 sepultum

170 599 209 630 ad
237 599 381 630 homines
416 599 520 629 reduci
553 607 613 627 non
648 606 757 637 posse.
819 596 1006 636 Sepulcrum
1039 595 1146 626 verbis
1174 591 1262 627 ,etati
1290 597 1359 642 εἱ»)-
1387 594 1525 632 (curvus
1551 594 1631 632 loci)
1657 598 1751 633 poeta
1779 592 1956 633 insignivit,

171 661 255 700 quod
282 661 311 691 in
339 661 479 700 sepulcri
505 660 603 690 latere
630 659 758 689 foveam
785 668 914 689 curvam
942 662 1091 701 pararent
1117 654 1215 700 (conf.
1243 657 1335 686 Ham.
1365 656 1400 685 P.
1429 655 1460 686 2.
1489 665 1520 695 p.
1549 655 1606 695 25,
1638 652 1743 696 138.)
1793 654 1956 683 Substan-

172 725 274 754 tivum
301 727 378 768 3552>
398 723 608 763 supplendum
637 727 689 753 est
715 722 823 752 conf.
840 722 950 751 Ham.
969 728 1000 758 p.
1015 717 1069 749 1²0?
1083 730 1115 749 v.
1134 718 1162 747 1.
1215 717 1302 747 Idem
1332 726 1459 757 quoque
1485 717 1642 747 adiectivo
1656 713 1748 755 όρὸ
1760 716 1956 758 designatur,

172 797 253 827 quae
279 797 345 817 vox
371 788 472 827 magis
501 785 539 816 ad
561 785 833 816 homoioteleuton
856 781 1120 823 constituendum,
1148 790 1240 820 quam
1263 779 1302 810 ad
1323 789 1454 810 sensum
1468 778 1684 818 complendum
1698 779 1805 809 addita
1819 778 1955 809 videtur.

171 896 204 926 3.
247 895 436 925 Sibrz'lmnus
457 899 488 924 et
508 895 661 924 Haritsus
684 897 717 923 in
736 896 861 934 foveam
883 902 953 923 eum
975 893 1163 921 dimiserunt
1183 894 1213 920 et
1235 893 1309 920 ante
1332 894 1361 919 le
1382 892 1416 919 in
1437 893 1524 919 terra
1544 892 1689 927 yentibzcs
1719 892 1850 920 eoeitium
1879 895 1955 921 erat.

269 965 471 1004 Sepulturam
498 965 685 995 describens
712 974 754 994 ex
779 973 817 994 eo
845 963 989 994 solatium
1017 961 1113 1001 capit,
1140 961 1222 1000 quod
1248 960 1318 991 talis
1346 960 1481 990 omnium
1510 960 1687 990 mortalium
1714 969 1786 989 sors
1808 960 1859 993 sit,
1885 961 1955 990 Duo

172 1029 243 1069 viri,
272 1031 326 1068 qui
351 1034 507 1059 mortuum
536 1031 566 1059 in
593 1028 722 1058 foveam
749 1027 917 1058 demisisse
944 1030 1122 1065 narrantur,
1149 1026 1220 1054 sine
1246 1023 1339 1053 dubio
1376 1023 1446 1053 eius
1482 1023 1610 1063 cognati
1644 1026 1698 1051 ant
1730 1021 1822 1051 amici
1856 1027 1956 1061 erant,

171 1100 243 1121 nam
269 1091 382 1121 mortui
407 1090 582 1130 sepeliendi
609 1089 746 1120 officium
773 1089 958 1129 propinquis
986 1087 1155 1126 amicisque
1183 1090 1260 1117 erat.
1326 1086 1476 1116 Sibrikan
1510 1084 1691 1116 ben-Badr
1732 1086 1818 1116 initio
1852 1086 1958 1116 Islami

172 1153 254 1183 vixit
280 1153 380 1184 conf.
410 1152 498 1183 Meid
537 1152 574 1183 C.
596 1153 621 1191 1,
642 1152 671 1182 1.
725 1150 787 1190 Qui
809 1151 837 1181 si
863 1155 974 1180 noster
1000 1155 1062 1189 est,
1089 1155 1226 1190 tempus,
1253 1158 1314 1189 quo
1341 1157 1465 1179 carmen
1491 1150 1700 1188 compositum
1726 1148 1780 1189 sit,
1807 1148 1960 1188 quodam-

171 1215 264 1245 modo
291 1215 474 1246 coniectura
499 1213 620 1244 definiri
647 1217 761 1253 potest.
814 1213 889 1244 Vox
915 1202 978 1242 ιλὲ
1004 1213 1131 1243 foveam
1157 1212 1187 1242 in
1214 1212 1316 1243 latere
1341 1212 1480 1251 sepulcri
1506 1217 1649 1251 paratam
1676 1211 1824 1252 designat
1857 1211 1957 1240 conf.

172 1278 266 1308 Ham.
282 1278 319 1307 T.
335 1278 374 1307 ΙΙ.
393 1278 427 1307 Ρ.
446 1277 478 1307 2.
496 1287 526 1316 p.
542 1277 587 1306 25
603 1285 663 1317 sq.,
691 1276 721 1305 in
748 1284 811 1316 quo
838 1278 982 1306 mortuus
1009 1275 1197 1314 ponebatur.
1251 1275 1326 1305 Vox
1342 1270 1403 1315 2533:
1417 1274 1457 1304 de
1471 1275 1612 1314 interitu,
1641 1274 1691 1314 qui
1711 1274 1827 1304 homini
1853 1273 1958 1303 subito

172 1342 373 1381 supervenit,
399 1340 575 1370 adhibetur.
628 1340 685 1369 Sic
720 1340 749 1368 in
787 1348 887 1369 versu
922 1342 1037 1378 poetae
1065 1338 1172 1377 (metr.
1200 1336 1361 1376 'rhawiuz
1395 1335 1456 1381 ,La-3
1476 1332 1554 1384 3.·ρὶ
1577 1340 1632 1380 ,2⁴:3²
1660 1338 1725 1376 ψει
1751 1336 1789 1382 Ol
1817 1348 1888 1365 »aa
1919 1334 1957 1376 la,

174 1401 256 1444 [ρΣ-,ὲ
281 1401 380 1444 mss-ll
407 1400 501 1435 malti:
529 1400 552 1431 la
579 1401 618 1432 535
641 1402 800 1433 Nullus
827 1402 974 1432 mortis
999 1400 1163 1441 modus,
1193 1400 1230 1431 si
1258 1399 1293 1431 ei
1321 1399 1427 1430 forti
1453 1399 1588 1430 animo
1615 1399 1860 1438 succumbo,
1890 1399 1958 1429 de-

174 1465 323 1496 decori
351 1470 435 1504 est,
462 1468 803 1505 quotiescunque
829 1464 993 1495 animae
1019 1463 1226 1494 interitus
1254 1471 1354 1493 suus
1381 1461 1648 1502 supervenit.

173 1576 205 1605 4.
251 1573 382 1610 Qualem
404 1576 505 1604 virum
527 1576 569 1604 ibz'
588 1575 860 1610 abscondiderunt,
885 1574 959 1603 dum
979 1583 1085 1602 eorum
1114 1582 1228 1602 manus
1249 1573 1347 1603 simul
1367 1577 1482 1603 terram
1505 1573 1831 1612 superinfmulebant!

271 1644 442 1674 Admirans
471 1650 503 1674 et
532 1650 688 1674 mortuum
724 1644 954 1686 magnifaciens
988 1643 1066 1674 haec
1098 1643 1199 1673 verba
1235 1643 1372 1682 protulit.
1434 1643 1533 1673 Simili
1565 1643 1711 1682 loquendi
1743 1644 1833 1674 modo
1864 1650 1960 1684 poeta

173 1706 266 1736 Ham.
294 1716 323 1745 p.
350 1705 409 1735 fl&
435 1716 467 1735 v.
497 1706 528 1735 5.
558 1716 635 1736 usus
663 1710 722 1736 est.
775 1706 939 1736 Posterior
962 1714 1037 1745 pars
1052 1704 1160 1735 verbis
1175 1705 1268 1734 Ham.
1285 1704 1387 1744 p.1²t¹i”
1402 1714 1434 1736 v.
1450 1704 1482 1735 3.
1509 1705 1619 1735 similis
1646 1710 1708 1735 est.
1759 1705 1959 1736 scholiastes

173 1769 272 1799 verba
297 1770 380 1815 L521>
408 1774 441 1799 et
467 1765 534 1803 At>
561 1769 608 1799 sic
636 1768 856 1809 distinguenda
886 1777 961 1798 esse
988 1768 1172 1809 adnotavit,
1207 1773 1242 1798 ut
1273 1768 1350 1798 illud
1387 1773 1500 1798 terram
1532 1768 1696 1798 effundere
1726 1769 1755 1798 in
1782 1779 1848 1799 rem
1875 1770 1959 1799 terra

173 1832 203 1861 in
230 1841 334 1861 aerem
361 1831 457 1870 elata,
484 1831 546 1861 hoc
569 1837 686 1861 terram
713 1830 877 1861 effundere
904 1828 990 1861 terra
1019 1831 1104 1861 haud
1131 1832 1216 1861 elata
1245 1829 1413 1871 significet.
1475 1831 1553 1860 Illud
1589 1836 1694 1860 autem
1732 1831 1839 1860 facere
1876 1841 1958 1871 eum,

173 1894 224 1933 qui
251 1903 349 1933 prope
374 1903 436 1923 non
462 1893 582 1934 adstet,
605 1893 663 1923 hoc
692 1904 773 1935 eum,
801 1894 853 1934 qui
880 1893 919 1924 ad
946 1894 1084 1933 sepulcri
1110 1894 1194 1923 latus
1211 1902 1310 1932 prope
1327 1891 1444 1922 adstet.
1497 1891 1571 1921 Vox
1589 1889 1637 1920 tu
1656 1896 1759 1921 autem
1785 1891 1958 1933 significat,

174 1966 237 1986 rem
265 1956 377 1986 eodem
403 1962 545 1996 tempore
574 1956 689 1987 factam
716 1966 803 1987 esse.

173 2051 241 2094 (11.
266 2051 392 2092 4¹28.)
435 2054 466 2083 5.
490 2055 576 2083 Erat
595 2064 633 2083 ac
655 2056 686 2083 si
705 2057 792 2084 terra
813 2054 918 2092 ampla
940 2053 1091 2083 lateribus
1111 2054 1180 2082 suis
1201 2062 1249 2082 me
1270 2053 1427 2081 attolleret
1447 2062 1484 2081 ac
1508 2053 1770 2081 circemwerleret.

270 2126 426 2166 Magnum
453 2124 603 2162 dolorem,
632 2133 692 2164 quo
718 2124 786 2164 ipse
812 2128 935 2155 mortuo
955 2123 1083 2162 sepulto
1102 2123 1328 2164 corriperetur,
1357 2122 1526 2164 significat.
1582 2122 1629 2152 Ob
1646 2122 1785 2152 dolorem
1800 2121 1959 2162 vertigine

173 2188 285 2227 capitis
312 2193 461 2226 correpto
490 2187 551 2226 ipsi
577 2192 673 2225 terra,
699 2187 853 2216 lateribus
880 2186 1063 2223 contractis,
1093 2191 1129 2216 ut
1156 2191 1241 2216 terra
1269 2185 1357 2215 nimis
1384 2189 1524 2225 angusta
1550 2189 1660 2222 esset,
1697 2184 1727 2213 in
1762 2183 1869 2212 orbem
1897 2182 1958 2212 cir-

173 2250 330 2280 cumverti
358 2249 533 2279 videbatur.
587 2249 662 2279 Vox
688 2246 788 2277 21.le
816 2250 1023 2288 appositionis
1048 2249 1150 2279 locum
1177 2251 1283 2287 tenet3
1315 2250 1414 2277 0.υῶ
1441 2256 1497 2286 pro
1530 2249 1646 2276 2.me
1681 2250 1732 2276 est
1763 2248 1793 2274 et
1827 2245 1959 2274 verbum

173 2322 233 2351 ope
260 2311 504 2351 praepositionis
531 2322 564 2348 ῳ
593 2312 794 2340 transitivam
828 2310 1092 2351 significationem
1127 2312 1252 2351 accipit.
1304 2311 1424 2340 Eadem
1462 2311 1551 2341 verbi
1577 2305 1667 2351 335³,
1705 2312 1776 2348 post
1802 2307 1885 2346 quod
1912 2319 1959 2352 ὁ.)

173 2375 381 2415 supplendum
409 2380 471 2416 est,
499 2375 579 2404 ratio
606 2378 667 2403 est.
722 2372 813 2411 Quae
835 2373 1027 2404 scholiastes
1055 2373 1095 2403 de
1121 2374 1225 2404 littera
1251 2381 1284 2401 ι’)
1311 2373 1400 2402 vocis
1428 2385 1507 2406 W
1535 2370 1720 2413 adnotavit,
1760 2378 1799 2398 ea
1832 2377 1960 2398 versum

174 2439 322 2478 priorem,
348 2438 379 2467 in
405 2446 465 2476 quo
494 2446 560 2467 vox
587 2436 734 2477 occurrit,
761 2436 942 2475 spectantia
969 2446 987 2466 e
1014 2437 1240 2466 commentario
1261 2435 1416 2465 Mersukii
1439 2434 1600 2474 descripta
1618 2438 1703 2463 sunt.
1757 2431 1877 2470 Causa,
1905 2439 1960 2460 cur

175 2500 362 2530 scholiastes
391 2506 466 2539 post
492 2500 574 2530 hunc
600 2509 728 2530 versum
756 2508 796 2529 ea
822 2497 1036 2539 adnotaverit,
1063 2498 1149 2528 nulla
1175 2507 1251 2528 esse
1279 2503 1399 2537 potest,
1435 2498 1494 2527 nisi
1521 2495 1604 2536 quod
1631 2504 1684 2525 res
1711 2496 1742 2524 in
1767 2493 1895 2525 scholiis
1922 2492 1961 2523 ad

174 2564 309 2602 priorem
336 2574 467 2595 versum
497 2564 645 2606 neglecta
680 2563 742 2602 ipsi
782 2562 909 2592 maioris
943 2561 1092 2591 momenti
1127 2560 1309 2601 videretur,
1349 2569 1441 2599 quam
1479 2568 1559 2598 quae
1596 2556 1720 2587 omnino
1753 2556 1959 2586 omitteretur.

174 2625 327 2654 Litteram
353 2634 385 2653 ψ
411 2625 549 2656 feminini
575 2626 701 2666 signum
732 2633 807 2654 esse
835 2624 919 2654 dicit.
972 2624 1042 2654 Hoc
1069 2623 1265 2661 femininum,
1304 2622 1386 2661 quod
1415 2622 1509 2651 Ham.
1536 2630 1565 2659 p.
1592 2621 1632 2649 rm
1660 2618 1698 2649 ad
1727 2627 1805 2648 rem
1834 2613 1958 2655 (ixionii-ll)
