2155 2892
910 97 1151 144 ..964-

129 219 161 250 3.
185 218 277 248 Illors
299 219 374 254 viro,
398 215 575 252 ubicunque
597 213 723 249 incedit,
747 211 926 242 insidiatur.
971 209 1073 246 Quam
1096 213 1199 239 aulem
1221 218 1288 238 rem
1307 207 1492 246 pulchram,
1518 216 1598 245 quae
1619 208 1684 236 viro
1705 210 1768 242 est,
1801 210 1835 236 tn
1857 215 1919 236 non

927 264 1113 302 possidebas
1121 263 1137 291 .?

229 343 351 378 Virum,
381 339 559 378 ubicunque
586 340 747 376 versetur,
775 335 866 366 morti
895 334 1071 364 subiectum
1099 341 1186 370 esse,
1214 335 1247 362 ut
1273 331 1382 361 variae
1409 333 1519 361 mortis
1547 339 1666 360 causae
1693 339 1768 360 esse
1789 330 1924 369 possint.

130 404 204 435 Inde
231 407 338 433 autem
365 400 405 431 ad
432 399 547 429 mortui
575 397 700 428 laudem
727 406 763 426 se
791 396 973 436 convertit,
1010 393 1068 423 sed
1099 393 1210 432 paucis
1237 392 1344 422 verbis
1372 402 1438 422 rem
1465 392 1607 433 expedit.
1668 392 1797 432 Fingit,
1834 393 1923 422 varia

131 467 237 499 mortis
268 474 387 506 genera
413 461 509 506 (hanc
535 462 617 491 enim
644 461 715 490 voci
743 456 815 494 tem*
842 456 1110 499 significationem
1138 454 1279 494 tribuo),
1315 456 1345 484 in
1374 456 1457 483 omni
1482 455 1556 495 via,
1590 454 1641 484 ubi
1670 453 1761 483 homo
1791 453 1926 491 incedat,

131 528 248 559 homini
275 526 422 557 insidiari.
475 524 595 554 Similis
622 526 730 552 autem
756 519 957 559 comparandi
986 517 1098 548 modus
1126 519 1193 556 est,
1229 525 1290 555 quo
1317 525 1402 545 mors
1430 526 1500 546 cum
1528 521 1683 546 venatore
1711 520 1925 555 comparatur,

134 603 294 635 invenitur
321 602 412 632 Ham.
440 609 470 639 p.
487 600 541 627 ΡἼΛ
556 608 587 630 v.
606 598 635 627 1.
670 597 762 626 Alter
789 594 916 636 legendi
945 592 1056 624 modus
1084 575 1158 638 ιλιῖο),
1184 596 1244 621 est.
1307 590 1369 629 Qui
1396 591 1478 620 hunc
1504 590 1643 632 recepit,
1677 591 1705 621 ei
1742 591 1816 621 voci
1853 587 1926 626 1,ςίἃῖ

133 666 264 706 pluralis
291 672 410 694 sensus
438 660 624 692 tribuendus
652 665 713 691 est.

134 777 166 807 4.
190 775 300 806 Omnis
322 783 373 802 νω-
395 772 517 806 occidit,
540 780 636 809 quum
661 772 694 799 in
717 772 839 806 tempus
859 769 968 796 morlis
992 769 1064 794 ittae
1087 766 1219 810 infidi&
1242 765 1295 793 diu
1319 767 1424 793 aulem
1447 765 1602 794 desiderio
1626 767 1678 793 tuo
1701 766 1771 794 sine
1786 765 1927 794 molestia

918 822 1038 858 politus
1061 830 1144 848 eras.

233 899 268 929 Si
295 903 421 936 tempus
447 895 558 925 mortis
586 898 717 923 nostrae
748 891 900 930 advenit,
938 890 979 920 nil
1016 899 1075 919 nos
1110 899 1129 919 a
1166 892 1265 918 morte
1291 889 1426 918 liberare
1448 891 1577 927 potest3
1617 887 1675 917 sed
1702 888 1732 918 in
1758 898 1817 929 eo,
1845 889 1927 928 quod

134 961 201 1000 quis
229 959 316 989 vitae
343 957 479 998 spatium
509 957 646 987 feliciter
673 956 743 985 sine
770 953 928 983 molestiis
956 951 1130 991 transegit,
1169 950 1284 989 aliquid
1310 950 1417 980 solatii
1449 954 1511 979 est.
1573 950 1608 979 In
1635 950 1792 980 Mersukii
1819 950 1929 980 codice

136 1019 222 1055 kall-b
248 1022 398 1062 scriptum
425 1025 488 1061 est,
517 1019 547 1050 id
573 1018 668 1060 quod,
695 1026 884 1058 quamquam
912 1020 944 1046 et
972 1015 1107 1045 alterum
1143 1013 1218 1044 ferri
1253 1017 1380 1053 potest,
1418 1012 1479 1042 hoc
1517 1014 1547 1042 in
1587 1012 1655 1042 loco
1688 1012 1929 1052 praeferendum

134 1091 186 1116 est
211 1084 317 1115 conf.
346 1083 451 1113 Harir.
479 1092 510 1122 p.
537 1080 564 1111 lo
591 1081 693 1111 schol.

133 1196 166 1225 5.
187 1194 306 1225 Gravis
330 1195 439 1232 utique
460 1202 512 1221 res
535 1194 598 1226 est,
624 1200 704 1230 quae
726 1193 755 1218 le
777 1189 950 1226 impedit-it,
986 1187 1154 1225 quominus
1177 1185 1255 1213 mihi
1275 1185 1492 1222 responderes.
1536 1183 1591 1212 Me
1623 1182 1820 1222 consolabor)
1852 1184 1935 1221 quod

751 1246 780 1272 te
802 1243 1014 1278 interroganti
1034 1249 1097 1269 non
1120 1241 1320 1277 respondisti.

211 1317 283 1356 Quo
300 1320 403 1347 autem
421 1315 538 1346 maiore
559 1324 667 1344 amore
689 1322 758 1343 cum
773 1312 837 1342 filio
856 1313 1023 1342 coniuncta
1043 1310 1146 1341 fuerat
1171 1314 1284 1350 mater⁷
1310 1318 1349 1338 eo
1377 1308 1508 1349 gravior
1537 1317 1613 1337 esse
1641 1307 1736 1337 debet
1761 1316 1823 1346 res,
1851 1316 1931 1346 quae

139 1389 210 1411 eum
236 1379 399 1419 impediat,
429 1377 597 1417 quominus
624 1376 684 1415 ipsi
713 1375 922 1415 interroganti
951 1373 1155 1413 respondeat.
1186 1371 1277 1410 Quae
1303 1375 1408 1401 autem
1436 1380 1489 1401 res
1516 1370 1568 1399 illa
1586 1370 1736 1409 specialis
1757 1372 1811 1410 sit,
1838 1379 1932 1409 quum

135 1444 227 1475 matri
254 1445 385 1483 cognita
411 1450 472 1471 non
499 1443 602 1476 esset,
630 1438 704 1468 voci
735 1435 784 1482 lsi
812 1436 980 1468 articulum
1008 1446 1070 1466 non
1097 1435 1226 1465 dedisse
1253 1434 1391 1466 videtur.
1427 1433 1626 1464 Scholiastes
1652 1437 1757 1463 autem
1785 1434 1853 1464 eius
1880 1443 1934 1463 ra-

137 1506 255 1536 tionem
283 1505 415 1544 habens,
442 1501 525 1542 quod
555 1502 732 1531 subiectum
759 1510 778 1530 a
805 1499 1024 1541 grammaticis
1053 1497 1166 1536 ‘leuge-2
1193 1499 1387 1538 appellatum
1408 1498 1544 1528 maxime
1561 1496 1725 1527 definitum
1745 1497 1787 1526 sit
1803 1495 1932 1534 (Gram.

137 1569 195 1598 Ar‚
220 1568 258 1597 Τ.
284 1568 323 1604 11,
350 1562 461 1608 517),
489 1574 549 1604 qua
577 1563 616 1593 de
644 1573 744 1593 causa
771 1556 838 1614 coli
868 1559 1009 1591 ...εἵκω
1036 1555 1129 1601 &xl
1150 1557 1220 1608 5⁶35
1247 1560 1285 1605 Οἱ
1323 1559 1488 1590 dicendum
1517 1564 1628 1599 esset,
1665 1568 1728 1588 rem
1765 1562 1799 1588 ut
1835 1567 1935 1588 excu-

137 1634 245 1670 saret,
271 1629 372 1669 dixit,
409 1637 524 1657 vocem
555 1623 604 1669 tsi
635 1627 779 1665 apposito
808 1624 966 1654 adiectivo
993 1624 1167 1663 specialem
1204 1624 1292 1665 fieri,
1320 1628 1354 1653 ut
1382 1632 1501 1652 sensus
1529 1623 1653 1652 omnino
1691 1622 1796 1651 clarus
1832 1620 1935 1661 fieret,

139 1692 233 1722 dubio
260 1695 393 1720 remoto.
447 1690 538 1719 Hanc
565 1689 604 1718 ob
632 1697 781 1726 causam,
821 1696 914 1726 quum
942 1687 971 1715 in
999 1696 1148 1716 sermone
1173 1697 1290 1718 sensus
1318 1686 1397 1716 ratio
1426 1685 1616 1725 haberetur,
1644 1693 1662 1714 a
1693 1693 1776 1713 voce
1803 1683 1936 1713 subiecti

138 1756 243 1786 locum
270 1753 419 1792 occupari
454 1760 561 1791 posse.
615 1750 685 1780 Filii
713 1758 838 1788 quoque
867 1749 936 1778 laus
966 1748 1057 1778 hisce
1097 1749 1204 1779 verbis
1245 1750 1348 1788 inest⁷
1388 1757 1480 1786 quum
1519 1750 1618 1777 mater
1655 1746 1753 1776 filium
1790 1751 1935 1785 tanquam

140 1819 224 1858 pium
252 1821 284 1847 et
312 1816 425 1845 officiis
452 1814 702 1844 satisfacientem
731 1813 902 1842 describat.
954 1813 1055 1842 Filius
1089 1818 1193 1842 autem
1230 1811 1258 1840 si
1288 1810 1417 1850 pietatis
1453 1809 1557 1840 officia
1593 1818 1671 1850 erga
1703 1811 1804 1848 ipsam
1832 1808 1936 1848 negli-

141 1884 246 1921 geret,
276 1879 336 1908 hoc
362 1882 460 1908 mater
487 1886 587 1917 aegre
604 1876 721 1916 serret3
749 1875 807 1904 sed
822 1884 916 1914 quum
933 1875 1048 1904 nemini
1064 1875 1260 1913 respondere
1281 1873 1395 1912 possit,
1423 1873 1452 1901 in
1470 1872 1529 1902 hoc
1553 1872 1656 1902 solatii
1681 1881 1810 1901 cansam
1837 1871 1934 1900 videt.

197 1967 208 1978 ι

142 1990 176 2020 6.
201 1990 329 2020 Utinam
359 1987 552 2026 aliquamdiu
582 1996 636 2015 cor
667 1996 768 2014 meum
790 1986 946 2023 polientici
967 1986 1029 2014 suci
1063 1987 1091 2013 te
1125 1984 1251 2012 absente
1275 1980 1452 2019 polirelm·!
1484 1983 1605 2009 utinum
1639 1989 1694 2017 eqo
1724 1983 1776 2008 tuo
1805 1979 1871 2007 Ioco
1898 1979 1940 2007 ad

849 2042 978 2067 mortem
1003 2040 1096 2067 ducta
1117 2047 1217 2066 essem
1230 2035 1244 2064 J

240 2115 313 2144 Hoc
340 2113 369 2142 in
396 2122 506 2152 versu,
535 2112 587 2151 qui
614 2111 644 2140 in
673 2109 830 2140 Mersukii
859 2108 971 2138 codice
999 2117 1059 2136 non
1090 2106 1217 2146 legitur,
1248 2113 1404 2134 summum
1428 2111 1601 2132 moerorem
1620 2101 1770 2131 ostendit.
1799 2101 1934 2140 Optans‚

144 2182 179 2207 ut
206 2185 262 2216 pro
289 2175 352 2205 filio
380 2179 507 2204 mortem
535 2173 680 2209 obiisset,
708 2171 822 2201 nullum
849 2170 908 2199 sibi
936 2179 1051 2198 revera
1078 2169 1223 2199 solatium
1249 2176 1325 2196 esse
1354 2165 1546 2195 manifestat.
1600 2164 1800 2194 Scholiastes
1830 2163 1858 2192 in
1888 2163 1935 2200 iis,

144 2247 223 2277 quae
251 2236 380 2266 Solaico
408 2234 593 2272 acciderint,
621 2234 764 2263 indicium
796 2233 874 2270 eius,
903 2232 984 2271 quod
1014 2235 1114 2261 mater
1142 2230 1258 2261 Solaici
1285 2239 1402 2259 versus
1431 2228 1557 2267 dixerit,
1586 2227 1717 2256 invenit.
1769 2226 1851 2255 Huic
1877 2235 1937 2255 non

145 2299 384 2331 assentiendum
413 2302 501 2338 pnt0,
530 2298 646 2337 qnippe
673 2307 826 2326 versuum
864 2296 964 2326 verba
999 2304 1066 2325 cum
1100 2295 1196 2324 rebus
1232 2293 1333 2332 gestis
1368 2301 1429 2320 non
1467 2290 1572 2320 intime
1608 2289 1807 2319 cohaereant.
1869 2287 1935 2318 Res

147 2368 293 2393 narratae
327 2361 386 2391 hae
417 2364 512 2389 sunt:
552 2358 702 2389 Solaicus
737 2359 765 2387 b.
803 2357 976 2387 Alsolacah
1009 2366 1078 2387 eum
1108 2360 1204 2396 gente
1237 2354 1479 2384 'l'aim-Alribab
1492 2353 1519 2391 ¹)
1549 2353 1660 2381 exieus
1693 2360 1749 2389 per
1787 2350 1935 2391 regiones

146 2426 254 2456 herbis
282 2425 479 2455 abundantes
509 2423 567 2462 (de
592 2422 683 2452 vocis
702 2425 774 2469 ψὰρ)
795 2424 943 2450 accurate
970 2417 1148 2448 definienda
1176 2417 1412 2458 significatione
1440 2425 1501 2445 non
1529 2413 1750 2451 consentiunt)
1778 2412 1937 2452 processit

165 2509 196 2542 1)
215 2510 302 2542 Quum
323 2510 412 2538 plures
431 2512 524 2539 gentes
541 2507 614 2531 'raim
633 2506 785 2536 appellatae
804 2507 902 2535 essent,
922 2510 1026 2532 nempe:
1047 2502 1121 2526 Taim
1141 2502 1166 2525 b.
1186 2501 1251 2524 Kais
1271 2500 1294 2523 b.
1314 2499 1466 2522 'rsahlabnh
1485 2500 1510 2521 et
1528 2495 1600 2520 'raim
1620 2495 1642 2517 b.
1662 2493 1794 2517 Schaiban
1814 2494 1937 2516 b.'1'sah-

213 2556 290 2580 laban
312 2556 335 2578 in
355 2558 432 2585 gente
446 2555 511 2577 Beer
528 2556 553 2576 et
571 2553 740 2576 Taini-Allat
759 2557 806 2575 nec
826 2558 879 2574 non
899 2550 973 2573 'raim
992 2551 1017 2574 b.
1038 2548 1162 2572 nhabhah
1183 2547 1206 2569 in
1226 2548 1306 2576 gente
1327 2544 1453 2568 Dhabbah
1468 2546 1492 2566 et
1503 2540 1797 2569 'raim-Anatingente
1811 2537 1936 2569 Chesredj

212 2607 362 2633 cognomen
372 2601 492 2631 ΑΙτίὴειΙ),
503 2607 554 2631 quo
565 2607 580 2624 a
590 2600 707 2624 caeteris
719 2600 769 2623 ista
779 2605 846 2630 gens
857 2597 1079 2627 distingueretur,
1089 2594 1197 2619 addidit·
1217 2593 1271 2616 lsto
1281 2594 1370 2615 autem
1381 2588 1537 2621 cognomine
1548 2593 1615 2618 gens
1625 2586 1751 2610 Duabhah
1760 2585 1936 2616 significatur.

1660 2678 1668 2693 ι
