2155 2892
872 116 1141 146 —426-

114 214 146 243 6.
190 215 237 243 Et
256 213 407 252 quomodo
424 213 674 241 coniunctionem
684 221 841 249 personae
861 217 943 251 peto,
960 223 1053 252 aqua
1074 215 1105 242 si
1124 213 1206 242 oculi
1221 214 1381 253 festucam
1396 216 1556 251 petiturus
1573 215 1719 252 fuissem,
1733 216 1807 245 licet
1824 225 1909 253 pau-

822 277 893 297 cum
914 269 966 303 sit,
991 277 1055 296 non
1075 268 1203 296 dederit.

220 335 318 374 Spem
352 345 442 365 suam
481 335 594 366 falsam
633 345 720 377 esse,
745 336 880 367 feminae
910 342 1037 367 amatae
1064 336 1252 367 crudelitate
1279 337 1309 366 in
1338 338 1441 377 ipsum
1468 337 1591 377 probat.
1621 336 1717 375 Quae
1745 348 1840 377 quum
1869 348 1909 369 ne

114 396 270 425 minimam
308 397 432 435 quidem
470 408 534 427 rem
570 398 629 438 ipsi
666 408 859 429 concessura
885 400 946 436 sit,
985 408 1119 438 sperare
1153 409 1214 429 non
1252 409 1371 439 posse,
1399 400 1480 440 fore,
1508 404 1540 430 ut
1569 400 1628 439 ipsi
1656 401 1908 431 coniunctionem

112 457 277 488 concedat.
330 459 398 489 Res
424 461 547 490 minima
573 461 598 490 si
625 461 655 490 in
685 461 810 492 oculum
833 461 950 498 incidit,
979 462 1113 491 molesta
1138 467 1206 502 θείς
1235 466 1344 501 potest
1372 462 1470 502 igitur
1497 462 1625 491 festuca
1652 462 1735 492 oculi
1761 472 1825 492 rem
1849 463 1909 491 mi-

116 522 228 550 nimam
263 521 465 562 significare3
494 523 553 552 sed
583 529 710 563 praeter
737 523 821 553 huuc
848 524 1041 563 intelligendi
1070 523 1195 553 modum
1224 524 1304 553 duos
1333 524 1411 553 alios
1438 523 1631 553 scholiastes
1659 523 1827 554 adnotavit
1856 528 1910 554 aut

111 591 223 612 vocem
251 583 492 614 antecedentem
519 582 584 631 lejt
616 587 765 616 omissam
793 596 881 625 esse,
897 591 930 616 ut
957 595 1075 616 sensus
1103 587 1161 616 sit:
1190 587 1250 624 „Si
1280 596 1348 615 eam
1377 595 1556 627 rogassem,
1583 590 1615 616 ut
1643 586 1799 616 festucam
1828 586 1909 616 oculi

113 647 315 675 removet-ew
330 651 396 683 aut,
411 647 494 685 quod
510 648 611 678 minus
630 649 798 678 verisimile
827 654 887 685 est,
913 653 947 677 ut
974 657 1091 677 sensus
1119 649 1179 678 sit:
1208 649 1266 686 „Si
1294 659 1363 678 eam
1384 658 1564 690 rogassem,
1593 659 1632 678 ne
1660 650 1786 679 oculum
1807 659 1909 679 meum

112 706 239 737 festuca
265 707 439 748 laetlei‘et7“
456 709 718 748 quemadmodum
734 710 833 739 verba
846 707 917 754 0}ss
932 719 1010 754 *³5⁸0
1025 706 1084 738 libb
1099 707 1198 743 &Ata
1215 711 1349 752 »rogavi
1365 711 1520 751 quendam
1538 712 1777 750 percussionem
1797 713 1909 741 cuius-

113 767 206 798 dam«
235 769 430 810 significant,
458 775 489 800 te
517 771 619 801 virum
646 781 774 812 rogare,
803 775 835 801 ut
863 777 917 801 tua
942 782 1039 802 causa
1067 782 1138 802 cum
1166 779 1335 812 percutere
1364 773 1538 803 omitteret.

112 868 142 895 7.
188 867 276 903 Quae
297 870 327 896 si
349 871 484 898 animam
506 880 605 898 meam
619 871 745 909 effluere
767 871 906 903 vidisset.
917 872 1058 909 profecto
1083 871 1218 900 diceret:
1247 871 1285 899 Te
1300 880 1415 899 semum
1438 871 1534 907 video,
1548 867 1622 898 dm'n
1644 878 1698 897 cor
1715 869 1829 899 durum
1854 874 1909 899 est.

210 936 437 967 Crudelitatem
466 938 602 969 feminae
624 945 750 969 amatae
777 940 876 980 magis
905 942 1055 979 explicat.
1082 940 1173 980 Eam,
1193 941 1254 970 etsi
1284 945 1380 981 poeta
1407 940 1434 968 in
1463 948 1501 969 eo
1528 939 1583 979 sit,
1603 942 1638 967 ut
1659 938 1728 968 vita
1754 940 1909 980 privetur,

112 997 151 1027 nil
179 1007 300 1028 curare.
365 998 470 1037 Quum
502 1001 605 1030 anima
640 1009 711 1030 cum
746 1002 904 1041 sanguine
933 1003 1099 1033 coniuncta
1128 1008 1276 1042 putetur,
1306 1004 1420 1043 quippe
1448 1003 1551 1033 anima
1579 1011 1648 1031 cum
1676 1003 1834 1042 sanguine
1861 1002 1911 1032 ef-

112 1059 227 1089 fluente
254 1061 368 1090 animal
398 1062 565 1102 relinquat,
593 1069 689 1103 poeta
716 1066 848 1093 animam
876 1065 944 1094 loco
972 1065 1138 1105 sanguinis
1167 1069 1265 1105 ponit.
1319 1067 1427 1097 voces
1454 1066 1548 1102 »kg-l>
1572 1063 1678 1107 oljzll,
1708 1070 1762 1096 aut
1789 1064 1827 1094 ad
1856 1073 1911 1094 cor

112 1123 195 1152 viri
224 1129 276 1153 aut
305 1124 343 1154 ad
372 1134 428 1155 cor
455 1126 640 1156 feminae
668 1127 779 1156 referri
807 1132 952 1166 possunt.
980 1129 1073 1158 Prius
1104 1129 1347 1168 praeferendum
1376 1134 1465 1169 puto,
1493 1134 1527 1159 ut
1553 1138 1624 1159 cum
1651 1129 1767 1168 priore,
1792 1129 1822 1157 in
1851 1136 1910 1167 quo

111 1185 150 1214 de
178 1186 246 1214 viro
275 1196 383 1216 sermo
408 1193 470 1229 est,
500 1189 723 1230 coniungatur.
776 1189 952 1231 Feminam:
981 1200 1170 1231 quamquam
1201 1201 1310 1221 amore
1338 1189 1500 1231 periturus
1533 1196 1613 1232 erat,
1643 1191 1746 1222 dicere
1784 1190 1911 1232 signifi-

111 1253 172 1286 cat,
199 1249 266 1279 eius
295 1259 349 1279 cor
376 1250 487 1280 durum
516 1260 600 1290 esse,
625 1256 659 1282 ut
686 1261 774 1282 amor
802 1253 863 1282 vim
891 1254 921 1282 in
951 1253 978 1283 id
1005 1263 1065 1282 non
1093 1253 1219 1283 habeat.
1249 1254 1305 1284 Sin
1336 1254 1473 1284 feminae
1499 1263 1555 1284 cor
1574 1253 1787 1295 significatur,
1804 1258 1910 1292 poeta,

112 1311 180 1340 eius
208 1321 260 1341 cor
288 1312 396 1342 durum
427 1323 515 1355 esse,
544 1319 577 1345 ut
604 1318 710 1344 status
739 1315 834 1345 miser
860 1315 961 1355 ipsam
990 1320 1114 1358 tangat,
1143 1318 1313 1348 contendit.

111 1420 143 1449 8.
188 1422 233 1449 ΕΙ
255 1432 271 1450 o
295 1423 429 1452 Amans!
448 1426 540 1454 cuius
561 1429 674 1462 pectus
696 1427 816 1455 dnobus
838 1431 1031 1456 ornamentis
1060 1431 1220 1466 arqenleis
1241 1431 1386 1457 ornatum
1410 1430 1474 1462 est,
1499 1428 1532 1455 in
1556 1426 1668 1464 quibus
1688 1434 1811 1462 yemma
1833 1433 1910 1460 pre-

930 1483 1010 1511 liosa
1032 1487 1088 1514 est.

211 1543 372 1574 Feminam
400 1547 569 1586 alloquitur
596 1549 769 1579 ostendens
798 1558 867 1579 eam
897 1551 1059 1589 pulchram
1089 1562 1164 1582 esse
1192 1557 1224 1581 et
1252 1552 1347 1581 rebus
1376 1550 1524 1590 pretiosis
1553 1555 1706 1582 ornatam.
1758 1550 1910 1580 Feminae

112 1605 261 1643 pulchrae
296 1616 367 1637 cum
404 1608 592 1640 dorcadibus
625 1611 718 1640 Ham.
754 1612 795 1640 Ἢν
830 1612 900 1641 infr.
928 1617 960 1644 et
997 1624 1104 1644 earum
1133 1613 1342 1654 pulcherrima
1368 1613 1479 1652 specie
1509 1612 1579 1642 alba
1609 1612 1702 1641 Ham.
1732 1613 1789 1641 ΡΨἺ
1818 1622 1849 1640 v.
1878 1613 1910 1641 5.

112 1674 344 1706 comparantur.
397 1670 514 1701 Forma
549 1672 652 1703 dualis
691 1674 783 1718 0335
820 1681 876 1704 aut
910 1676 994 1715 quod
1030 1677 1147 1716 duplex
1184 1676 1302 1706 collare
1329 1681 1398 1705 erat
1425 1681 1481 1706 aut
1508 1676 1591 1715 quod
1620 1675 1683 1705 duo
1712 1675 1782 1705 colli
1809 1675 1910 1704 latera

113 1729 273 1772 Cingeret)
302 1732 441 1763 adhiblta
469 1738 525 1764 θδῑ·
579 1735 654 1765 VOX
681 1738 755 1780 &2³55
783 1737 927 1776 (proprie
953 1744 1105 1779 separata
1129 1740 1238 1778 unica)
1266 1739 1295 1768 in
1322 1739 1425 1769 medio
1455 1738 1498 1768 fili
1527 1743 1560 1768 et
1586 1739 1624 1768 ab
1652 1738 1722 1768 aliis
1750 1738 1908 1777 magnitu-

112 1792 183 1823 dine
223 1794 371 1826 distincta
399 1798 474 1831 nnio
509 1805 563 1829 aut
601 1810 727 1841 gemma
760 1805 823 1831 est.
875 1802 1073 1832 Scholiastes
1101 1802 1276 1835 adnotavit,
1304 1811 1440 1842 vocem,
1469 1802 1498 1832 si
1525 1810 1597 1831 cum
1625 1800 1847 1839 antecedente,
1875 1803 1909 1828 ut

112 1857 288 1894 genitivum
316 1867 427 1888 casum
451 1860 620 1903 obtineret,
641 1864 864 1905 coniungatur,
880 1869 1029 1903 tanquam
1051 1875 1068 1894 a
1095 1865 1140 1894 rei
1167 1864 1317 1893 metricae
1345 1864 1454 1903 peritis
1471 1862 1542 1903 §5255
1565 1862 1757 1902 appellatum
1785 1862 1909 1896 vitium,

113 1919 233 1947 mutata
267 1920 506 1952 homoioteleuti
540 1926 665 1962 vocati,
701 1928 862 1966 reprobari
903 1927 1027 1966 (cons.
1074 1927 1225 1956 Dat-stell.
1261 1926 1290 1956 d.
1333 1926 1428 1955 Arab.
1458 1925 1646 1956 Verskunst
1674 1934 1703 1963 p.
1731 1923 1802 1953 328
1831 1924 1906 1961 sq).

113 1978 195 2009 Fieri
224 1991 347 2022 quoque
375 1994 493 2027 posse,
530 1993 564 2017 ut
599 1998 693 2019 casus
734 1991 948 2021 nominativus
988 1990 1164 2020 subiectum
1193 1989 1236 2019 sit
1263 1988 1446 2028 praedicato
1474 1990 1614 2028 omisso7
1651 1987 1741 2026 quasi
1770 1986 1907 2017 dixerit:

115 2042 193 2081 W
220 2047 307 2085 “X-47⁵>
350 2051 402 2076 »et
434 2048 463 2077 in
497 2050 606 2088 quibus
643 2051 766 2081 duobus
804 2053 875 2082 unio
910 2062 1024 2093 magna
1054 2057 1138 2081 est«.
1190 2051 1296 2091 Magis
1327 2055 1433 2081 autem
1464 2050 1590 2089 placere
1620 2049 1752 2079 alterum
1780 2048 1906 2089 legendi

113 2105 235 2135 modum
264 2109 328 2135 lim-²
356 2108 424 2154 lad-5,
451 2117 485 2141 ut
512 2113 571 2143 hae
599 2124 700 2144 voces
727 2118 884 2145 sermonis
912 2115 987 2144 novi
1010 2115 1130 2144 initium
1160 2115 1233 2151 sint,
1263 2123 1399 2152 quocum
1427 2121 1492 2142 vox
1519 2114 1593 2155 '’x-⁴55
1620 2111 1840 2151 coniungatur.

113 2201 146 2230 9.
191 2204 275 2233 Num
296 2207 406 2235 sedulo
435 2208 468 2236 id
495 2210 600 2248 facio,
637 2212 720 2248 quod
746 2212 835 2241 solus
866 2214 899 2240 iu
927 2212 991 2240 loco
1015 2212 1171 2240 Ramman
1194 2214 1224 2239 el
1245 2209 1432 2240 Glmdhwm·
1456 2218 1518 2237 non
1540 2209 1660 2243 incedo,
1683 2208 1747 2235 nisi
1772 2207 1906 2235 dicitur:

922 2265 991 2301 Quo
1023 2267 1096 2294 vis?

214 2330 258 2359 Se
286 2340 345 2359 uon
375 2341 472 2369 posse
500 2342 561 2362 non
588 2342 699 2373 agere,
725 2333 986 2373 quemadmodum
1014 2344 1102 2363 amor
1130 2333 1336 2373 praescribat,
1357 2336 1416 2363 etsi
1444 2333 1576 2363 aliorum
1605 2331 1830 2369 vituperationi
1850 2336 1903 2358 aut

116 2392 245 2423 ludibrio
274 2395 442 2433 expositus
476 2396 529 2425 sit.
583 2397 700 2426 Amore
732 2402 876 2427 coactum
909 2406 947 2426 se
975 2396 1034 2426 duo
1063 2397 1133 2426 loca
1167 2395 1379 2434 frequentare.
1432 2396 1553 2425 Vocem
1583 2394 1774 2424 Ramman
1801 2391 1902 2420 scho-

115 2455 227 2485 liastes
254 2457 365 2494 locum,
394 2458 526 2488 Kamusi
554 2465 666 2489 auctor
693 2465 828 2489 montem
856 2459 962 2500 gentis
988 2459 1068 2488 Thai
1090 2468 1166 2488 esse
1197 2458 1287 2498 dixit,
1308 2458 1425 2489 Ghad
1438 2468 1522 2488 war
1549 2465 1659 2487 nomen
1677 2464 1777 2494 aquae
1797 2456 1903 2496 gentis

117 2526 202 2555 esse,
230 2525 363 2558 uterque
392 2521 564 2551 adnotavit.
595 2522 718 2561 Aquam
747 2533 766 2553 a
793 2527 899 2552 monte
926 2521 1008 2552 haud
1036 2526 1188 2551 remotam
1217 2521 1330 2561 fuisse,
1360 2521 1517 2550 coniicere
1546 2520 1628 2549 licet.
1659 2518 1782 2547 Vocem
1801 2523 1904 2557 &jo-2>

118 2578 209 2607 modo
236 2581 369 2610 nominis
396 2583 530 2612 actionis
558 2592 643 2621 esse,
673 2589 707 2614 ut
734 2584 878 2622 verbum,
894 2593 955 2624 quo
976 2584 1214 2622 (accusativus)
1232 2588 1372 2623 regatur,
1387 2582 1539 2612 omissum
1563 2580 1614 2609 sit.
1647 2580 1732 2609 Loco
1746 2580 1845 2626 aaut
1875 2581 1904 2609 in
