2155 2892
886 117 1155 150 „⁴58—

130 227 226 257 faciei
253 225 436 260 cohaereat,
463 227 539 258 ante
562 221 671 255 oculos
698 220 851 252 habuisse
877 217 1036 249 videntur.
1089 217 1150 256 Qui
1174 216 1278 255 M&
1302 213 1384 261 ‘⁵02³'
1412 216 1611 257 praeferunt,
1640 220 1695 246 aut
1721 216 1914 257 generaliter

127 290 229 324 verba
256 290 516 326 interpretantur,
544 288 579 315 ut
601 284 813 325 signa,·quae
841 281 1058 318 manifestent,
1086 289 1156 310 cum
1184 279 1297 320 pallio,
1325 289 1383 318 quo
1411 278 1518 309 induta
1541 278 1595 318 sit,
1624 283 1825 317 comparetur
1860 283 1914 310 aut

129 349 273 389 loquendi
312 348 425 379 modus
467 347 507 378 ad
540 347 647 388 gentis
682 346 845 378 avaritiam
881 347 1026 383 spectet,
1062 342 1179 383 quippe
1212 342 1263 372 vir
1294 342 1433 372 liberalis
1471 337 1561 384 stoji
1585 343 1646 387 505:
1672 340 1792 379 (amplo
1819 341 1911 380 pallio

127 412 285 450 vestitus)
313 410 500 450 appelletur.

125 484 157 513 5.
202 482 304 519 Quasi
322 485 424 512 arium
444 485 569 510 stercus
590 490 686 518 super
709 479 860 516 capzlibus
879 482 931 514 sit,
954 487 1049 516 quum
1068 480 1179 514 yenles
1193 476 1272 505 Kais
1294 480 1325 505 et
1350 476 1465 505 Tamim
1487 475 1584 504 simul
1605 477 1813 511 conyreyatae
1831 478 1916 504 sunt.

225 554 314 584 Prior
340 561 458 582 versus
487 559 559 590 pars
586 559 680 590 quum
707 548 853 589 ambigua
879 548 932 588 sit,
950 547 988 576 ab
1017 546 1243 586 interpretibus
1270 545 1359 575 vario
1387 545 1478 575 modo
1508 545 1669 585 explicata
1697 550 1758 575 est.
1794 544 1915 575 Gram-

125 616 258 646 maticus
277 616 350 645 Abu
371 613 573 644 Mohammed
589 612 739 643 Alahrabi
765 616 909 641 stercore
937 610 1040 640 avium
1068 609 1106 638 ob
1133 608 1232 639 album
1259 608 1394 638 colorem
1422 608 1532 647 capitis
1559 608 1717 638 calvitiem
1754 607 1915 649 designari

124 683 237 719 putat3
275 677 334 708 sed
367 677 516 708 calvities
545 676 670 706 multum
698 675 804 711 abest,
839 677 871 704 ut
897 673 1057 703 Arabibus
1084 681 1213 711 semper
1240 671 1388 701 dedecori
1415 671 1474 712 sit,
1502 675 1535 702 ut
1561 672 1665 711 potius
1700 682 1719 702 a
1746 671 1915 711 frequente

124 742 238 782 galeae
265 742 294 770 in
322 740 439 781 pugnis
469 723 529 768 usu
557 741 626 767 orta
652 737 734 767 laudi
763 736 927 765 habeatur.
958 735 1019 773 Qui
1045 736 1076 764 in
1107 735 1209 774 capite
1236 743 1330 764 avem
1356 733 1471 774 habet,
1499 743 1537 763 se
1563 743 1625 763 non
1652 741 1761 765 movet
1787 736 1913 775 timens,
1936 745 1940 748 ’

123 813 163 833 ne
189 804 260 833 avis
286 802 401 832 avolet.
442 800 558 830 conf.
592 800 682 829 Ham.
707 809 736 838 p.
765 801 810 827 vlt.
860 798 937 827 Sine
963 798 1057 828 dubio
1085 797 1212 827 timidos
1239 806 1296 826 eos
1322 805 1398 826 esse
1424 797 1453 826 in
1481 798 1630 827 concione
1658 802 1690 828 et
1717 799 1854 840 quietos,
1880 804 1915 829 ut

122 865 207 894 facta
232 863 316 893 haud
344 862 530 903 glorientur,
548 866 643 900 poeta
661 859 844 901 significare
863 860 932 889 vult
953 863 994 898 et,
1018 865 1051 890 ut
1071 860 1245 900 satyricum
1275 859 1432 889 sermonis
1459 869 1589 890 sensum
1615 860 1778 901 indicaret,
1799 871 1912 892 vocem

122 927 200 971 ⁹³5⁵*
226 930 370 955 stercora
394 924 523 954 addidit.
577 923 678 954 Simili
704 922 796 953 modo
825 923 855 952 in
882 926 1037 962 sequente
1064 932 1164 952 versu
1191 922 1328 965 legimus
1359 924 1465 963 (metr.
1483 924 1629 964 WVafir):
1657 924 1778 963 Quum
1805 934 1912 966 gens

121 988 236 1018 Asad
264 987 303 1017 in
331 988 423 1017 loco
451 986 604 1017 Ocaths
624 983 710 1029 (ubi
736 990 1003 1016 mercaturae
1032 995 1162 1016 causa
1188 987 1308 1016 multi
1328 987 1491 1017 Arabes
1519 988 1783 1029 congregati
1803 990 1913 1033 sunt)

121 1055 265 1081 castra
304 1049 438 1090 ponit,
477 1049 514 1079 in
549 1051 641 1078 eius
670 1048 814 1089 capite
841 1056 1015 1077 corvum
1042 1047 1179 1078 vides.
1231 1048 1378 1087 (Corvus
1406 1054 1576 1088 praeterea
1601 1051 1674 1080 avis
1701 1050 1772 1081 mali
1801 1051 1913 1091 ominis

121 1115 190 1154 est)
219 1112 327 1144 conf.
355 1112 499 1143 scholion
527 1111 566 1141 ad
593 1120 723 1141 versum
750 1115 947 1150 sequentem.
979 1109 1071 1148 Quod
1090 1116 1192 1142 autem
1219 1116 1335 1152 gentes
1363 1113 1443 1144 Kais
1470 1117 1504 1142 et
1528 1113 1646 1143 Tarnim
1673 1113 1844 1151 coniunxit,
1874 1114 1914 1151 id,

120 1182 155 1207 ut
180 1186 327 1217 magnam
352 1175 581 1205 multitudinem
610 1173 815 1216 designaret,
843 1174 962 1204 fecisse
990 1175 1128 1206 videtur.
1181 1174 1267 1206 Ordo
1300 1176 1469 1207 ve1borum
1508 1176 1578 1207 talis
1605 1180 1672 1215 est,
1698 1181 1734 1208 ut
1758 1186 1824 1207 vox
1853 1175 1913 1216 Lu,

121 1249 202 1280 quae
227 1238 413 1279 explicando
439 1238 607 1280 inserviat,
634 1246 735 1268 voces
763 1239 851 1284 54⁶3,
880 1238 957 1277 Ump'
983 1244 1145 1277 sequatur.

119 1338 152 1368 6.
197 1337 330 1373 Quando
351 1336 540 1365 Dltabbitnm
563 1336 601 1364 de
620 1336 768 1372 pessimis
788 1335 893 1371 yemis
914 1344 993 1363 suae
1014 1337 1090 1364 viris
1112 1338 1301 1373 interrogas,
1324 1335 1380 1364 libi
1401 1336 1504 1364 dicet:
1528 1335 1690 1373 Altjidsita
1714 1336 1784 1365 vilis
1805 1340 1861 1365 est.

218 1407 287 1436 Hoc
314 1407 343 1436 in
371 1415 470 1435 versu
497 1415 515 1435 a
544 1404 717 1445 Djeuhario
736 1405 795 1434 sub
815 1405 922 1435 radice
937 1403 997 1446 ‘55⁸²
1025 1407 1122 1435 citato
1151 1411 1281 1446 gentem
1311 1404 1469 1444 Ahjidsah
1497 1406 1589 1435 vilem
1616 1414 1698 1445 esse,
1715 1406 1785 1444 ipso
1801 1406 1906 1446 gentis

118 1469 278 1507 Dhabbah,
308 1469 397 1499 cuius
426 1477 500 1507 pars
527 1472 608 1508 erat,
624 1467 738 1497 iudicio
765 1468 887 1507 probat.
912 1468 978 1498 Sed
1006 1470 1037 1498 in
1064 1468 1221 1498 Mersukii
1247 1468 1369 1497 scholio
1400 1468 1526 1509 legendi
1553 1468 1665 1498 modus
1682 1470 1752 1508 '⁸⁸35
1769 1484 1808 1510 Γ..
1832 1478 1910 1498 »se-

119 1538 241 1563 cretum
269 1532 376 1573 gentis
401 1541 502 1562 suae«
533 1531 696 1570 indicatur,
724 1531 787 1570 qui,
807 1540 899 1570 quum
925 1540 1003 1573 rem,
1034 1539 1114 1569 quae
1141 1530 1229 1570 genti
1256 1528 1404 1560 dedecori
1430 1528 1484 1569 sit,
1511 1530 1672 1560 occultare
1702 1530 1817 1570 soleat,
1843 1529 1910 1558 Te-

119 1595 214 1624 brisio
242 1595 356 1634 placet.
410 1594 489 1624 Pars
517 1598 623 1623 autem
651 1594 765 1624 scholii
791 1593 830 1623 ad
858 1593 992 1633 priorem
1019 1602 1150 1624 versum
1177 1593 1321 1633 pertinet.

924 1709 1081 1743 xvn.

182 1775 375 1812 Malu-Es
399 1776 438 1810 1».
464 1776 739 1810 NEoeahbar
762 1775 1017 1809 Dhahbita
1041 1775 1090 1809 in
1115 1776 1309 1816 gentem
1334 1774 1512 1818 Aindijj
1540 1776 1578 1809 Ι».
1612 1776 1847 1819 Djondab

766 1832 806 1865 b.
833 1831 1093 1864 Alalinliar
1120 1830 1257 1863 «lixit.

861 1890 981 1929 (conf.
1020 1902 1048 1930 p.
1083 1889 1160 1930 taff.)

120 1964 147 1993 Ῑ.
191 1963 288 1994 Genti
309 1964 422 2001 Ahclijj
443 1967 588 1993 mmlimn
608 1966 725 2003 perfer,
740 1974 799 2002 quo
820 1967 975 1992 terrarum
992 1964 1176 1991 discesserit
1186 1961 1238 2003 (el
1249 1967 1370 2000 tempus
1390 1964 1558 1992 vindictam
1567 1966 1703 2000 pelentt's
1718 1972 1781 1992 non
1794 1962 1906 2003 peril),

237 2033 334 2063 Modo
363 2034 521 2064 Arabibus
550 2034 633 2064 haud
669 2034 853 2064 inconsueto
892 2043 1018 2063 carmen
1045 2032 1151 2072 incipit
1188 2042 1266 2062 con
1280 2032 1299 2062 f.
1328 2033 1420 2062 Ham.
1449 2030 1487 2061 lzx‘l
1513 2042 1545 2061 v.
1579 2032 1608 2063 1.
1640 2032 1674 2061 In
1699 2032 1762 2062 fine
1787 2042 1905 2064 versus

118 2105 209 2126 suam
237 2096 407 2127 vindictam
436 2097 615 2135 quaerentis
643 2096 757 2136 agendi
788 2097 941 2126 rationem
970 2094 1127 2134 designat.
1162 2094 1207 2123 Se
1236 2104 1296 2123 non
1325 2093 1499 2132 quievisse,
1529 2092 1631 2123 donec
1658 2092 1816 2123 desiderio
1845 2103 1905 2132 po-

119 2159 241 2188 tiretur.
303 2158 422 2188 Similis
451 2161 611 2189 sententia
638 2161 729 2195 Ham,
765 2162 820 2189 ‘lr'v
845 2170 877 2189 v.
909 2160 937 2189 1.
965 2158 1133 2187 invenitur.
1197 2156 1334 2186 Causam
1361 2156 1505 2186 carminis
1533 2156 1612 2187 lianc
1639 2156 1742 2187 fuisse
1769 2160 1905 2186 narrant.

119 2221 250 2259 Poetae,
279 2220 382 2250 vicino
411 2223 516 2261 gentis
544 2221 650 2260 Ahdijj
681 2220 782 2261 (quae
809 2231 883 2261 pars
911 2221 1015 2262 gentis
1042 2220 1162 2249 Tarnim
1191 2220 1275 2257 erat)
1304 2229 1322 2248 a
1350 2224 1447 2259 gente
1475 2219 1598 2249 Ahmru
1625 2219 1652 2249 b.
1681 2219 1771 2248 Cilab
1800 2227 1904 2248 came-

120 2294 156 2314 os
184 2288 313 2323 ereptos
343 2283 455 2313 fuisse.
485 2283 586 2321 Quam
606 2284 645 2313 ob
669 2293 797 2313 causam
817 2293 908 2323 quum
937 2287 1065 2323 gentem
1090 2281 1195 2320 Ahdijj
1223 2281 1369 2317 adiisset,
1397 2282 1479 2312 hanc
1505 2283 1745 2321 promittentem
1775 2280 1898 2320 quidem

117 2348 159 2378 nil
188 2347 317 2377 fecisse.
347 2347 479 2376 Poetam
505 2346 602 2386 igitur
628 2345 796 2387 fatigatum
814 2343 1031 2376 Almochariki
1059 2349 1093 2375 et
1123 2344 1331 2382 Almosaliiki,
1348 2343 1480 2374 filiorum
1506 2344 1677 2384 Schehabi,
1697 2343 1786 2382 quie
1805 2347 1902 2382 gente

118 2408 287 2448 Chosaah,
325 2412 415 2447 parte
450 2410 558 2448 gentis
593 2409 731 2448 Masen,
772 2407 892 2438 oriundi
918 2411 1040 2447 essent,
1070 2406 1218 2437 auxilium
1245 2407 1433 2446 implorasse
1459 2412 1493 2437 et
1519 2406 1707 2445 obtinuisse,
1734 2408 1767 2434 ut
1794 2404 1906 2434 cameli

117 2474 177 2513 ipsi
203 2473 419 2502 redderentur.

117 2547 149 2574 2.
191 2545 313 2582 seques
335 2554 386 2573 eos
411 2553 490 2580 esse,
514 2553 609 2581 quum
632 2544 672 2572 iis
694 2544 850 2579 occurris,
874 2544 939 2571 nisi
959 2544 992 2571 in
1014 2551 1165 2573 sermone,
1196 2551 1255 2579 quo
1279 2542 1425 2581 adflictus
1447 2540 1532 2570 vana⁴
1553 2549 1607 2577 spe
1628 2538 1784 2576 impletur,
1824 2539 1896 2568 dum

803 2593 950 2636 (sermo)
982 2596 1132 2626 molestus
1154 2599 1209 2625 est.
