2155 2892
898 127 1170 160 —4'72—

141 236 256 266 femina
282 232 455 263 scholiaste
481 237 611 263 auctore
638 237 700 262 est.
753 231 855 263 Huius
881 232 954 274 loci,
980 230 1214 263 similitudinem
1240 239 1311 261 cum
1338 230 1508 271 scorpione
1535 229 1669 269 eiusque
1695 230 1838 260 aculeum
1870 240 1924 260 re-

142 298 293 337 spiciens,
323 296 510 326 mentionem
538 294 622 335 fecit,-

945 393 1122 427 XXIX.

653 459 849 493 Adham
874 461 912 494 Ι».
935 459 1250 494 Abi-l'Salnn-a,
1278 457 1407 492 (lixit.

883 532 919 570 (c
934 542 951 562 o
967 543 986 562 n
1000 532 1021 563 f.
1049 542 1078 572 p.
1105 531 1181 572 Ὶτῗῖ.)

142 602 170 631 1.
215 602 242 633 0
259 603 320 642 filii
340 602 551 642 Chaibartjjil
576 604 730 641 Tarpibas
746 606 941 633 sermonibus
962 606 1121 639 abstinele,
1146 606 1202 643 qai
1216 614 1235 633 a
1257 604 1340 632 vobis
1357 604 1503 641 prodiere
1525 608 1555 633 e!
1572 614 1727 643 quaenam
1751 613 1858 634 earum
1878 612 1930 632 res

927 661 999 693 sinl,
1023 657 1148 687 fidele!

241 724 377 756 Gentem
406 726 588 765 Chaibarijji
612 726 761 755 versibus
789 726 941 766 satyricis
970 732 1095 765 poetam
1122 729 1266 768 petiisse,
1295 738 1335 758 ex
1364 727 1423 757 hoc
1450 737 1549 757 versu
1576 728 1808 769 cognoscimus.
1837 728 1931 758 Abu-

142 787 314 827 Rijaschus
350 789 507 818 narravit:
536 783 629 827 'quum
666 788 931 819 Ahbd-Allahus
962 790 989 819 b.
1019 790 1140 820 Modlih
1167 813 1174 820 .
1203 813 1209 820 .
1237 814 1244 821 .
1275 813 1281 820 .
1309 791 1449 831 Thajjita
1471 780 1664 832 *Honaidanb
1693 791 1787 821 filiam
1816 790 1928 820 Ahbd-

142 850 321 880 Alrahmani
349 851 378 881 b.
416 851 536 881 Hodair
572 852 600 881 b.
637 851 817 890 NVabarah,
841 862 859 882 e
886 857 985 893 gente
1015 853 1184 894 Chaibarijj
1213 855 1244 884 in
1272 854 1502 885 matrimonium
1530 853 1675 885 duxisset
1702 859 1734 885 et
1761 855 1873 886 femina
1899 858 1931 886 in

142 913 311 943 concubitu
345 923 417 943 eum
453 913 619 944 admittere
652 915 828 956 noluisset,
867 915 1042 946 Adhamum
1069 917 1172 947 hosce
1199 926 1314 946 versus
1342 917 1486 956 dixisse3
1513 916 1583 958 sed,
1621 916 1778 957 quomodo
1812 927 1929 948 versus

143 983 211 1004 cum
242 974 302 1004 ista
337 985 371 1005 re
406 975 619 1014 cohaereant,
649 986 710 1007 non
747 982 846 1017 patet.
900 978 1100 1010 scholiastes
1127 985 1238 1010 noster
1266 980 1296 1009 in
1324 980 1385 1010 fine
1412 990 1530 1010 versus
1559 967 1645 1010 tertii
1671 985 1808 1021 poetam,
1836 989 1932 1020 quum

143 1035 286 1066 feminam
302 1039 332 1066 in
352 1038 579 1067 matrimonium
599 1043 733 1079 peteret,
751 1049 768 1069 a
787 1044 886 1081 gente
901 1041 1061 1080 repulsam
1074 1051 1203 1081 passum
1229 1052 1305 1072 esse
1320 1043 1408 1073 dixit.
1437 1044 1517 1085 Hoc,
1537 1044 1565 1073 si
1585 1054 1694 1074 verum
1711 1049 1770 1084 est,
1788 1044 1933 1074 carminis

143 1105 332 1140 argumento
359 1101 462 1141 magis
490 1102 648 1131 convenit.
690 1102 812 1132 Vocem
839 1100 936 1152 {dl-«23,
961 1113 1041 1143 quae
1068 1114 1133 1134 vox
1161 1106 1252 1134 metri
1280 1115 1380 1136 causa
1406 1093 1641 1137 Nunuationem
1667 1109 1800 1146 accepit,
1827 1107 1933 1146 potius

144 1173 214 1194 cum
242 1164 347 1194 littera
374 1165 474 1194 Dsal
501 1164 698 1195 scribendam
726 1174 802 1194 esse
829 1170 914 1205 puto,
944 1168 1060 1206 quippe
1088 1166 1252 1198 derivandi
1281 1169 1392 1199 modus
1412 1178 1430 1198 a
1448 1169 1553 1199 radice
1572 1163 1640 1217 5343
1655 1170 1756 1209 aptior
1775 1169 1933 1200 videatur.

144 1250 176 1278 2.
219 1249 265 1278 Et
285 1252 361 1287 quot
378 1250 618 1288 inobsequentes
639 1251 727 1286 apud
744 1259 802 1279 nos
823 1252 896 1285 sint,
920 1260 974 1279 vos
992 1253 1094 1290 scitis,
1118 1261 1199 1290 qaae
1222 1262 1317 1291 qamn
1335 1254 1476 1292 fugiant,
1501 1263 1572 1282 sero
1592 1255 1769 1291 quiescunt.

244 1317 383 1348 Sensum
399 1318 534 1348 huiusce
560 1328 678 1349 versus
705 1321 796 1349 vario
825 1319 916 1349 modo
944 1321 1155 1360 explicarunt,
1185 1331 1292 1362 quum,
1321 1332 1476 1361 quaenam
1504 1323 1566 1353 sint
1592 1322 1850 1363 inobsequentes>
1871 1323 1933 1353 du-

145 1379 237 1410 bitari
265 1380 379 1419 possit.
406 1380 502 1419 Sunt,
524 1381 575 1420 qui
603 1390 721 1411 uxores
748 1381 997 1422 inobsequentes
1023 1382 1194 1423 significari
1221 1389 1345 1425 putent,
1374 1389 1408 1414 ut
1434 1394 1506 1414 cum
1533 1385 1677 1423 loquendi
1705 1384 1793 1414 modo
1816 1384 1935 1414 cohae-

146 1445 226 1479 reat,
247 1441 514 1480 »inobsequentes
550 1442 580 1471 in
608 1442 839 1472 matrimonium
866 1443 1058 1483 duxerunt,«
1088 1445 1115 1474 si
1143 1446 1224 1486 quis.
1252 1445 1395 1476 homines
1423 1456 1488 1477 rem
1515 1446 1672 1477 difficilem
1698 1451 1829 1486 peractu
1857 1456 1936 1477 sus-

147 1506 290 1546 cepisse,
328 1504 565 1544 significaturus
600 1510 661 1535 est.
725 1506 791 1535 Aut
827 1506 915 1545 ipsas
943 1506 1024 1536 tales
1053 1517 1172 1538 uxores
1210 1518 1337 1548 poetam
1365 1509 1510 1539 voluisse
1537 1514 1590 1540 aut
1617 1509 1646 1539 in
1673 1510 1781 1540 verbis
1809 1509 1850 1540 nil
1875 1512 1938 1540 nisi

147 1568 413 1607 comparationem
441 1578 529 1608 esse,
559 1578 620 1607 qua
646 1568 751 1608 gentis
780 1568 961 1607 superbiam
987 1574 1083 1608 poeta
1109 1570 1308 1600 indicaverit.
1375 1571 1435 1601 Alii
1473 1572 1585 1611 poesin
1618 1571 1791 1613 significari
1818 1572 1937 1613 dicunt,

147 1639 230 1670 quae
255 1631 294 1660 ab
322 1632 400 1670 ipsis
424 1631 543 1661 emissa
570 1631 649 1661 inter
675 1631 819 1661 homines
847 1631 1046 1672 divnlgetur3
1070 1632 1121 1662 alii
1137 1632 1269 1671 denique
1296 1632 1496 1663 infortunium
1515 1632 1696 1674 intelligunt
1714 1638 1745 1664 et
1764 1634 1838 1672 vim,
1855 1643 1939 1674 quae

148 1693 217 1723 aliis
241 1693 384 1731 infertur,
411 1702 493 1732 quae
520 1694 547 1722 si
574 1694 736 1733 inceperit,
762 1693 847 1724 haud
875 1695 1030 1733 quiescat.
1067 1695 1146 1725 Voci
1173 1690 1277 1734 ffb,
1306 1704 1399 1734 quum
1426 1696 1549 1725 nonnisi
1576 1696 1606 1725 in
1633 1696 1754 1726 feminis
1782 1697 1935 1727 adhibea-

149 1759 209 1794 tur,
236 1756 360 1796 signum
389 1755 528 1785 feminini
555 1756 770 1785 necessarium
797 1765 859 1785 non
886 1761 946 1786 est.
975 1757 1051 1787 Vox
1077 1756 1155 1802 &als
1185 1757 1266 1787 idem
1294 1757 1378 1797 quod
1399 1756 1438 1801 μί
1467 1758 1641 1799 significat,
1668 1758 1739 1800 sed,
1766 1769 1838 1790 num
1866 1759 1936 1790 dia-

150 1818 223 1847 lecti
250 1818 357 1858 gentis
383 1817 484 1856 Thai,
513 1827 593 1856 quae
622 1817 753 1848 diversa
780 1823 841 1856 est,
869 1820 997 1858 propria
1023 1829 1089 1850 vox
1115 1819 1169 1860 sit,
1198 1829 1254 1859 pro
1282 1826 1367 1851 certo
1395 1820 1555 1851 affirmare
1582 1831 1643 1851 non
1673 1831 1815 1861 possum.

149 1889 182 1919 3.
225 1890 273 1918 Et
299 1891 332 1917 in
354 1881 503 1919 thalamis
524 1890 590 1918 velo
617 1891 808 1919 abscondilis
835 1900 917 1928 pane
953 1895 1042 1928 lerya
1073 1895 1182 1920 nostra
1208 1892 1334 1929 paellae
1358 1897 1435 1922 sant
1456 1894 1643 1923 dorcadihas
1664 1893 1792 1934 similes,
1815 1897 1940 1932 mayais

900 1945 1000 1974 aculis
1019 1947 1191 1981 praeditae.

249 2012 436 2052 Repulsam,
454 2023 544 2052 quam
571 2014 641 2053 ipse
660 2013 805 2044 seminam
828 2024 869 2044 ex
888 2015 948 2044 alia
976 2019 1073 2056 gente
1097 2016 1126 2044 in
1155 2016 1385 2045 matrimonium
1413 2021 1538 2055 petens,
1559 2026 1677 2056 passus
1705 2018 1758 2059 sit,
1778 2027 1839 2048 non
1866 2027 1940 2048 esse

152 2075 316 2107 dolendam
345 2076 427 2115 (licit7
457 2086 550 2115 quum
577 2079 609 2107 in
636 2077 773 2116 ipsorum
802 2077 919 2108 familia
946 2077 1083 2108 feminae
1110 2078 1262 2118 pulchrae
1288 2079 1363 2119 siut,
1391 2087 1470 2116 quas
1505 2078 1535 2108 iu
1563 2079 1794 2110 matrimonium
1821 2080 1940 2110 ducere

152 2138 266 2177 possit.
295 2137 448 2167 Pulchrae
480 2139 604 2177 puellae
631 2148 698 2169 eum
733 2138 921 2169 dorcadibus
949 2139 1165 2178 conferuntur,
1194 2145 1225 2170 et
1252 2139 1424 2169 dorcadum
1453 2141 1532 2171 oculi
1562 2142 1679 2181 pulchri
1706 2142 1878 2181 habentur,
1906 2146 1940 2170 ut

153 2201 274 2241 pulchri
304 2201 477 2240 puellarum
506 2201 586 2231 oculi
615 2210 682 2231 cum
709 2202 770 2231 illis
801 2203 1016 2233 conferantur.
1077 2203 1186 2232 Mirari
1224 2201 1307 2231 haud
1334 2202 1424 2242 licet,
1455 2202 1578 2233 Arabes
1605 2202 1635 2232 in
1661 2202 1800 2243 pulchris
1827 2201 1939 2242 puellis

154 2264 314 2294 oculorum
347 2263 530 2302 frequenter
557 2266 749 2295 mentionem
778 2264 917 2306 fecisse,
946 2270 1010 2296 tum
1050 2265 1132 2305 quod
1168 2265 1249 2295 oculi
1276 2264 1513 2305 pulchritudinis
1541 2263 1638 2293 sedes
1663 2264 1739 2304 sint,
1768 2267 1832 2294 tum
1859 2262 1941 2302 quod

153 2327 277 2366 reliqua
306 2327 448 2366 corporis
474 2329 564 2366 parte
592 2327 739 2357 vestibus
766 2327 864 2368 largis
893 2331 978 2357 tecta
1003 2327 1085 2357 nulla
1111 2327 1253 2366 corporis
1281 2336 1354 2366 pars
1382 2332 1510 2366 praeter
1528 2326 1637 2357 oculos
1656 2326 1734 2356 viris
1760 2324 1940 2364 adpareret.

156 2383 371 2428 (11650)
397 2390 504 2420 conf.
533 2390 648 2420 Diwan
676 2389 909 2420 Amru-l‘Kaisi
938 2399 969 2428 p.
996 2387 1026 2418 ³²⁶1
1055 2399 1086 2419 v.
1115 2389 1147 2419 6.
1174 2387 1407 2418 Amru-l‘KaISi
1432 2388 1542 2419 Moall.
1569 2398 1602 2418 v.
1627 2387 1685 2418 31.
1711 2388 1745 2417 lu
1785 2387 1941 2417 Mersukii

155 2452 266 2483 codiee
294 2453 404 2482 melius
432 2452 569 2493 legitur:
599 2449 720 2493 &jab-Si
747 2449 849 2481 ska-..235
876 2449 1022 2498 63,ψῇ
1047 2447 1160 2496 ),κ.ω.3’1
1189 2448 1269 2487 ψ.

156 2539 188 2567 4.
231 2538 300 2567 Nos
323 2541 447 2574 aulem,
479 2547 592 2576 qaum.
616 2538 700 2576 qaod
726 2536 847 2567 Aabd-
857 2536 996 2567 Allalms
1020 2536 1141 2564 caelebs
1161 2537 1210 2566 sil.
1235 2537 1434 2571 irascamini,
1457 2537 1512 2573 qai
1531 2535 1564 2563 id
1584 2534 1827 2571 levipendamas,
1855 2534 1944 2571 digni

989 2599 1119 2627 smnus,-
