2155 2892
934 124 1196 156 -238—

174 229 207 256 4.
249 225 319 262 Eyo
343 233 423 259 vera,
448 224 693 260 quotiescunque
714 223 889 251 necessitas
911 231 960 250 me
981 224 1100 260 coeyit,
1122 224 1160 251 ut
1180 221 1222 249 ad
1242 220 1352 249 domus
1375 223 1448 250 tuae
1468 223 1592 257 portam
1620 222 1818 260 accederem,
1847 223 1877 250 ei
1896 231 1954 259 per

846 277 926 306 alios
949 285 1042 316 quam
1064 279 1093 304 te
1114 276 1265 314 satisfeci.

269 347 343 376 Non
370 354 444 375 esse
471 355 599 376 causam
622 345 651 374 in
679 355 738 375 sua
764 346 866 385 ipsius
894 345 1010 387 agendi
1036 345 1169 386 ratione,
1196 354 1252 375 cur
1275 344 1365 383 parvi
1396 344 1565 384 habeatur,
1593 353 1676 383 nam,
1712 352 1804 382 quum
1829 344 1952 374 nonnisi

174 410 369 439 necessitate
400 411 528 438 coactus
558 417 629 438 eum
658 408 782 449 adierit,
810 407 944 447 petendo
972 417 1009 437 se
1026 406 1129 446 ipsum
1149 416 1211 436 non
1235 406 1402 436 abiecisse.
1429 406 1474 436 Se
1492 405 1598 445 potius
1611 415 1667 445 per
1690 405 1768 435 alios
1795 404 1953 435 desiderio

176 481 235 501 suo
262 470 473 502 satisfecisse.
526 472 600 501 Vox
628 468 722 512 [93305
748 470 892 512 indicat,
929 473 1052 510 poetam
1080 470 1295 500 necessariam
1334 478 1399 498 rem
1427 478 1495 499 cum
1525 478 1606 508 aqua
1632 477 1836 508 comparare,
1872 477 1954 508 quae

173 542 242 563 cum
272 531 416 562 molestia
443 541 460 561 e
487 537 583 572 puteo
611 531 798 563 extrahitur.

1035 640 1092 674 V.

607 705 818 740 Schabib
843 705 888 738 b.
912 706 1133 739 Alban-za
1153 705 1367 739 Nlorrita
1390 704 1527 739 «lixit.

270 779 401 809 Poetam
428 783 503 817 post
528 778 634 808 Islami
661 783 784 816 tempus
811 776 936 807 vixisse
964 782 1052 817 pute,
1079 781 1208 807 narrant
1234 779 1317 808 enim
1356 781 1493 807 matrem
1520 776 1588 807 eius
1625 787 1643 807 a
1669 777 1890 807 Mohammede
1924 778 1953 806 in

171 840 396 871 matrimonium
424 841 552 880 petitam
580 849 666 870 esse.
733 838 825 877 Quae
852 849 946 879 quum
973 849 992 870 a
1017 845 1108 879 patre
1138 838 1348 870 Mohammedi
1375 839 1433 869 sub
1462 842 1631 878 praetextu
1666 838 1773 878 leprae
1803 845 1953 870 recusata

172 908 269 941 esset,
296 903 404 933 statim
428 904 516 943 lepra
543 907 691 942 correpta
717 902 817 933 fuisse
844 902 957 933 dicitur
984 901 1081 932 conf.
1109 901 1148 932 de
1175 907 1272 942 poeta
1301 902 1410 932 librum
1439 900 1530 933 Citab
1558 900 1727 942 Alaghani.

172 1013 207 1043 1.
228 1013 298 1050 qu
321 1020 398 1040 seme
420 1011 523 1039 odium
545 1009 698 1048 relinquo,
722 1012 814 1038 cuius
836 1011 869 1037 in
889 1010 1064 1047 propinquo
1083 1008 1188 1045 pulvis
1211 1010 1273 1037 iam
1296 1010 1452 1046 apparuit,
1477 1010 1551 1038 dum
1573 1009 1607 1037 id
1626 1018 1690 1037 non
1710 1010 1821 1043 excito,

270 1081 369 1111 Poeta
397 1089 476 1121 erga
504 1079 639 1110 clientes
669 1079 822 1118 patientia
849 1088 886 1108 se
914 1081 958 1108 uti
986 1077 1072 1118 dicit,
1101 1088 1140 1108 ne
1166 1077 1282 1117 odium,
1310 1080 1401 1108 cuius
1428 1077 1559 1117 primum
1586 1077 1734 1108 indicium
1763 1081 1826 1108 iam
1853 1088 1954 1118 appa-

171 1149 262 1185 reat,
289 1144 483 1174 incendatur.
537 1144 657 1173 Vocem
682 1137 745 1186 &555¹
773 1142 890 1181 (saepe
919 1141 1117 1180 relinquens)
1150 1141 1309 1178 adhibuit,
1344 1145 1378 1170 ut
1404 1150 1495 1171 suam
1521 1140 1602 1171 hanc
1631 1151 1707 1171 esse
1733 1142 1849 1183 agendi
1875 1151 1953 1172 con-

171 1207 373 1238 suetudinem
403 1207 599 1237 ostenderet.
629 1207 704 1236 Vox
729 1207 795 1251 &55⁴³
823 1208 951 1246 proprie
977 1204 1135 1235 humidam
1162 1209 1292 1245 terram,
1319 1213 1399 1242 quae
1418 1204 1478 1233 sub
1504 1203 1676 1243 superficie
1704 1210 1767 1246 est,
1795 1204 1954 1246 designat.

177 1272 210 1300 Ιιι
237 1271 339 1300 odium
361 1270 516 1300 occultum
532 1269 602 1299 mihi
618 1269 782 1299 transferri
796 1268 934 1308 videtur,
954 1273 987 1298 ut
1006 1277 1078 1298 cum
1105 1275 1143 1296 eo
1160 1265 1369 1306 proverbialis
1384 1265 1529 1304 loquendi
1556 1265 1665 1296 modus
1677 1263 1765 1310 255&ss
1778 1271 1861 1311 &¹³23
1881 1279 1956 1308 mer!

176 1331 323 1363 »humida
349 1335 432 1362 terra
458 1331 537 1361 inter
565 1340 623 1361 eos
649 1331 734 1361 sicca
759 1336 831 1360 est«
861 1330 881 1364 i,
908 1341 937 1360 e.
964 1330 1080 1360 inimici
1106 1329 1183 1359 facti
1208 1333 1294 1367 sunt,
1322 1327 1500 1358 cohaereat.
1552 1328 1690 1359 Humida
1715 1333 1811 1370 terra,
1838 1329 1867 1358 si
1893 1329 1954 1358 soli

171 1400 331 1436 ventoque
359 1395 536 1435 exponitur,
565 1394 653 1424 sicca
682 1392 726 1423 fit.
778 1393 821 1423 Ut
849 1397 954 1424 autem
986 1392 1119 1422 verbum
1152 1389 1302 1435 lsfiixmi,
1338 1390 1420 1431 quod
1460 1390 1490 1419 in
1523 1390 1682 1432 pulvere,
1717 1391 1768 1430 qui
1794 1395 1898 1421 motus
1926 1392 1956 1421 in

169 1469 271 1490 aerem
298 1469 335 1488 se
362 1458 454 1499 tollit,
478 1458 653 1496 adhibetur,
672 1468 691 1488 a
716 1461 812 1497 poeta
838 1461 927 1487 recte
953 1455 1124 1486 adhibitum
1150 1456 1202 1493 sit,
1229 1454 1329 1484 verba
1355 1449 1427 1497 [ΦΣΒ
1454 1449 1508 1489 io.)
1535 1452 1607 1482 mihi
1633 1462 1688 1492 pro
1708 1450 1781 1497 ΕΦΨ
1807 1466 1882 1494 med
1898 1452 1953 1492 Sex?

170 1527 239 1566 (p.
265 1523 398 1565 501.)
441 1521 609 1560 »apparuit
635 1520 741 1550 siccus
769 1519 874 1560 pulvis
902 1519 993 1548 eius«
1024 1516 1109 1547 dicta
1138 1515 1302 1556 videntur,
1338 1525 1408 1545 nam
1438 1514 1477 1545 de
1504 1515 1636 1555 pulvere
1670 1515 1797 1546 humido
1827 1515 1958 1560 &fix-'ani

169 1582 232 1613 dici
260 1585 317 1613 vix
345 1586 459 1622 potest.

173 1680 204 1707 2.
252 1679 388 1717 Te'mens,
416 1689 455 1708 ne
478 1689 624 1717 maynam
647 1680 726 1709 milli
746 1690 811 1709 rem
833 1681 964 1717 excitet,
986 1687 1059 1707 mum
1080 1687 1132 1707 res
1152 1687 1252 1715 parra
1273 1686 1325 1706 res
1344 1685 1459 1713 yraces
1480 1676 1610 1704 eoecz'tat.

271 1749 344 1779 Hoc
368 1749 398 1778 in
424 1759 525 1779 versu
552 1759 619 1780 cum
647 1750 749 1789 priore
776 1749 964 1779 cohaerente
991 1756 1142 1787 causam,
1170 1756 1223 1776 cur
1250 1746 1292 1775 ita
1320 1749 1411 1785 agat,
1450 1744 1589 1784 exponit.
1643 1743 1778 1773 Parvam
1807 1752 1872 1772 rem
1909 1744 1958 1773 si-

169 1811 265 1840 lentio
281 1811 594 1850 praetermittendam
622 1821 707 1852 esse,
734 1821 774 1840 ne
801 1811 871 1840 inde
899 1819 1015 1851 magna
1041 1818 1091 1839 res
1118 1810 1243 1839 oriatur.
1272 1809 1347 1838 Vox
1365 1806 1448 1836 hb&
1474 1806 1704 1837 Accusativum
1732 1814 1841 1835 casum
1859 1814 1955 1836 acce-

174 1874 229 1913 pit,
257 1873 339 1912 quod
367 1883 484 1904 causae
512 1873 694 1903 indicandae
722 1871 766 1911 (td
795 1870 905 1914 abtim)
933 1872 1067 1902 inservit
1101 1871 1225 1910 (conf.
1255 1870 1365 1901 Gram.
1398 1870 1454 1901 Ar.
1485 1869 1520 1898 Τ.
1548 1869 1577 1897 11
1604 1877 1633 1907 p.
1664 1867 1762 1906 114),
1802 1869 1832 1896 et
1860 1867 1954 1897 Nun-

174 1937 328 1967 nationem
358 1937 472 1977 amisit,
498 1936 580 1976 quod
607 1946 675 1966 cum
702 1935 909 1975 sequentibus
936 1934 1070 1964 vocibus
1097 1938 1243 1973 tanquam
1274 1942 1344 1962 cum
1374 1932 1496 1962 nomine
1523 1930 1685 1960 cohaeret.
1714 1929 1813 1958 Verbi
1844 1926 1954 1974 (ἐμὲ,

174 1999 264 2028 cuius
291 1999 466 2029 subiectum
493 1998 596 2028 odIum
624 2000 692 2038 est,
721 1996 876 2026 obiectum
905 1996 1055 2025 omissum
1083 1999 1143 2026 est.
1199 1994 1395 2024 Scholiastes
1430 2002 1525 2032 quum
1554 1986 1649 2027 Lesb:
1676 1987 1726 2034 isi
1763 2000 1905 2032 magna
1923 2002 1953 2022 m

664 2062 730 2097 ca>
758 2056 1020 2096 decerpendi
1046 2055 1309 2097 significationem
1339 2054 1533 2085 tribuendam
1563 2064 1638 2083 esse
1666 2058 1753 2093 puto.
1782 2054 1815 2083 In
1843 2060 1955 2094 poste-

646 2085 672 2104 ι,

175 2123 257 2150 riore
284 2130 401 2150 versus
424 2125 514 2159 parte
539 2121 637 2150 verba
664 2119 860 2159 transposita
887 2119 930 2148 sic
956 2117 1179 2147 constituenda
1216 2122 1307 2149 sunt:
1342 2115 1463 2161 [4⁴55ss
1484 2112 1581 2164 )3203'5
1609 2120 1689 2159 7910
1715 2128 1812 2166 ὂψ.
1865 2117 1955 2145 Mer-

176 2069 257 2088 rem
284 2059 492 2098 suppleverit,
520 2059 619 2088 verbo

175 2183 313 2220 sukium,
339 2182 390 2221 qui
418 2182 492 2212 voci
512 2184 596 2225 :³²³ae
627 2191 757 2211 sensum
796 2180 998 2210 collectivum
1038 2179 1202 2218 tribuerit,
1250 2188 1310 2208 non
1337 2187 1471 2217 sequor,
1506 2178 1660 2218 siquidem
1689 2188 1749 2208 una
1778 2187 1830 2208 res
1857 2186 1956 2216 parva

172 2245 309 2283 plurium
339 2253 525 2285 magnarum
553 2253 654 2273 causa
680 2253 756 2273 esse
781 2247 897 2281 potest.

169 2353 201 2381 3.
225 2353 388 2382 Pervilam
399 2351 517 2381 meam!
536 2352 585 2380 die
597 2351 759 2380 Olmaisale
769 2353 801 2379 in
820 2361 854 2379 eo
863 2360 963 2388 eram,
977 2349 1169 2379 utdesitlerio
1177 2350 1302 2386 potirer,
1318 2351 1347 2377 si
1359 2350 1520 2380 vinculum
1530 2352 1627 2380 animi
1635 2351 1823 2386 meifirmum
1831 2350 1956 2386 fuisset.

271 2421 457 2451 Vindicandi
484 2421 697 2460 occasionem,
725 2429 818 2460 quam
846 2418 896 2448 die
911 2418 1075 2449 Ohnaisah
1102 2418 1258 2458 habuerit,
1287 2428 1324 2447 se
1352 2419 1501 2449 omisisse
1529 2419 1620 2456 dicit,
1647 2428 1738 2458 quum
1771 2416 1893 2447 firmum
1913 2419 1958 2448 rei

173 2483 368 2522 propositum
396 2492 458 2512 non
484 2482 626 2512 haberet.
680 2482 729 2511 De
755 2480 806 2511 die
834 2480 997 2511 Ohnaisah
1023 2479 1064 2509 nil
1092 2480 1168 2509 certi
1196 2480 1298 2510 habeo
1325 2480 1409 2520 quod
1436 2481 1548 2511 dicam.
1600 2480 1803 2510 scholiastes
1831 2478 1953 2509 Ohnai-

171 2544 229 2573 sah
256 2554 369 2574 nomen
395 2545 457 2575 loci
484 2553 558 2574 esse
587 2544 682 2583 dicit3
710 2544 740 2573 in
767 2543 898 2574 Kamusi
925 2551 1022 2582 opere
1052 2542 1166 2573 collem
1193 2542 1316 2583 nigrum
1344 2542 1374 2571 in
1399 2542 1486 2573 valle
1512 2540 1623 2572 Folaih
1648 2549 1723 2571 esse
1750 2540 1834 2581 lego.
1867 2541 1953 2570 Num

174 2604 242 2634 dies
270 2606 379 2644 proelii
405 2616 444 2637 an
472 2607 552 2637 alius
579 2605 660 2646 dies,
689 2615 750 2645 quo
778 2606 818 2636 ibi
844 2615 897 2635 res
924 2604 1078 2644 quaedam
1104 2608 1282 2645 ageretur,
1309 2603 1406 2634 fuerit
1432 2604 1551 2634 nescio.
1603 2602 1637 2631 ln
1672 2600 1821 2631 Meidanii
1858 2610 1956 2642 opere
