2155 2892
891 121 1160 153 —460-

132 225 164 254 8.
210 223 312 259 Quasi
334 222 454 250 nummi
474 221 566 249 aurei
586 221 619 248 in
642 227 749 248 eorum
765 219 912 257 faciebus
934 220 1009 256 sint,
1033 220 1093 247 etsi
1111 226 1266 247 occursus
1284 218 1389 256 facies
1411 217 1628 245 emaciaverat.

254 290 433 322 Masenitas
469 289 603 320 laudans
638 287 899 328 pulchritudinem
933 287 1083 318 facierum
1109 296 1178 317 cum
1206 287 1340 316 nummis
1368 285 1474 315 aureis
1503 284 1644 324 confert,
1681 287 1755 322 turn,
1782 294 1822 314 ne
1848 285 1919 325 quis

131 364 186 386 eas
217 354 339 385 mollem
375 354 414 383 ob
439 353 537 383 vitam
565 352 701 392 pingues
728 350 924 389 nitentesque
951 354 1052 389 putet,
1080 359 1161 389 quae
1188 358 1241 379 res
1268 348 1352 379 laudi
1378 357 1439 377 non
1465 352 1568 386 esset,
1594 347 1719 387 quatem
1744 346 1921 386 pulchritu-

134 418 236 448 dinem
275 426 313 446 se
349 416 455 456 velle,
481 414 691 454 sequentibus
718 412 827 442 verbis
855 412 982 443 indicat.
1020 412 1219 451 Quamquam
1239 411 1340 441 facies
1369 420 1475 440 eorum
1502 419 1641 440 occursu
1668 409 1804 438 hostium
1832 418 1921 438 ema-

132 483 237 511 ciatae
264 484 296 511 et
322 480 412 519 quasi
440 480 624 510 exsiccatae
649 482 736 517 sunt,
763 482 869 507 tamen
896 476 935 504 ob
963 475 1150 504 hilaritatem
1178 476 1314 504 nummis
1342 474 1446 504 aureis
1473 472 1705 513 comparandae
1732 474 1812 502 sunt.
1848 471 1922 501 Nou

133 547 195 573 tam
224 542 487 582 pulchritudinem
513 551 698 581 corpoream
726 539 832 573 faciei,
849 547 943 578 quam
962 537 1150 567 hilaritatem
1178 537 1285 566 vultus
1313 536 1403 565 nobis
1432 536 1601 567 arridentis
1629 535 1802 577 designare
1828 536 1922 573 poeta

136 604 165 633 in
192 604 294 634 animo
322 604 428 635 habet.
492 604 582 634 Prior
609 610 725 632 versus
751 609 824 641 pars
848 609 878 639 p.
903 600 951 628 v‘ln
978 599 1116 638 repetita
1142 602 1202 627 est.
1231 596 1337 627 conf.
1365 597 1458 629 Ham.
1482 606 1512 636 p.
1531 598 1555 626 Ἰ,

934 693 1125 726 ΧῙῚΙΙ.

596 760 930 795 Schamahlah
956 760 996 793 b.
1020 758 1313 792 Alachsshar·
1335 756 1473 791 dixit.

883 829 1016 875 (conf.
1055 841 1084 871 p.
1112 831 1184 869 Μ’.)

243 913 305 943 Alii
333 912 497 943 Mondsiro
524 911 553 941 b.
584 908 726 940 Alrokad
753 908 781 938 b.
815 907 930 938 Dhirar
956 907 985 937 b.
1015 906 1134 936 Ahmru
1162 905 1339 935 Dliabbitae
1366 913 1484 934 versus
1511 903 1705 934 adscribunt.

136 999 162 1027 1.
207 997 340 1027 Gentem
365 996 430 1026 Cus
451 999 482 1025 et
500 998 624 1032 yentem
648 994 764 1031 Hadjir
786 995 820 1022 in
842 993 965 1021 bilance
984 993 1150 1028 posuimus
1172 993 1202 1019 et
1214 998 1294 1027 qens
1310 988 1493 1018 Banu-Ous
1514 991 1638 1025 yenlem
1657 989 1772 1026 Hadjz’r
1793 989 1928 1026 pondere

135 1050 200 1094 (ι).
223 1046 351 1091 (321.)
858 1047 1011 1076 inclinata
1032 1047 1202 1082 superavit.

233 1121 276 1151 Ni
304 1120 406 1160 fallor,
429 1119 460 1149 in
487 1119 636 1149 versibus
656 1117 861 1157 sequentibus
889 1115 1014 1146 nonnisi
1040 1119 1169 1155 gentem
1199 1113 1311 1153 Hadjir
1329 1111 1526 1152 perstringit.
1552 1111 1587 1141 Id
1607 1110 1693 1147 facit,
1708 1109 1781 1140 dum
1797 1113 1927 1151 gentem

134 1183 245 1223 Hadjir
273 1181 414 1222 pondere
441 1190 511 1211 cum
539 1183 635 1221 gente
663 1179 730 1209 Cus
758 1177 890 1209 confert.
944 1176 1036 1207 Gens
1061 1175 1129 1205 Cus
1158 1174 1205 1213 (b.
1233 1176 1353 1216 Cahb]‚
1383 1180 1418 1205 ut
1448 1183 1530 1215 gens
1562 1173 1686 1214 Hadjir‚
1714 1182 1790 1212 pars
1818 1173 1926 1214 gentis

135 1244 291 1277 Dhabbah
317 1248 408 1284 erat3
436 1243 495 1273 sed
522 1243 635 1273 minimi
663 1242 765 1271 fuisse
790 1239 926 1270 videtur.
980 1237 1073 1276 Quod
1098 1237 1125 1267 si
1153 1237 1260 1278 igitur,
1289 1242 1418 1278 gentem
1449 1236 1517 1266 Cus
1544 1236 1675 1266 alteram
1703 1235 1843 1276 pondere
1867 1245 1928 1266 su-

135 1318 281 1349 perasse‚
309 1307 398 1348 dicit,
426 1307 507 1337 hanc
533 1305 662 1336 minoris
690 1304 765 1334 facit
790 1307 822 1333 et
848 1302 1004 1341 despectu
1031 1300 1245 1341 dignissimam
1271 1309 1349 1330 esse
1375 1299 1503 1329 indicat.
1531 1299 1608 1336 Aut,
1628 1308 1711 1339 quae
1739 1298 1929 1329 scholiastae

137 1371 298 1402 sententia
326 1375 388 1411 est,
416 1373 545 1412 gentem
574 1368 643 1399 Cus
671 1367 802 1397 alteram
830 1364 960 1406 ingenio
988 1372 1145 1403 superare
1172 1363 1252 1393 vult.

137 1471 157 1489 ⁹
209 1467 276 1498 Sed
294 1470 325 1497 si
342 1476 424 1505 qens
447 1467 565 1504 Hatijir
593 1467 716 1495 viscera
743 1473 803 1492 sua
829 1462 911 1491 lacte
943 1463 1068 1489 recente
1097 1469 1169 1489 cum
1196 1460 1286 1488 acido
1318 1460 1418 1488 mixto
1440 1457 1651 1495 implevisset,
1676 1457 1772 1486 colles
1799 1458 1913 1485 montis

133 1489 165 1499 η.

777 1518 931 1548 Alacad1·r
951 1517 1088 1553 pondere
1109 1517 1303 1551 superasset.

235 1592 372 1624 Gentem
401 1596 550 1630 tanquam
576 1590 734 1632 gulosam,
764 1597 844 1627 quae
871 1586 980 1616 satiari
1010 1595 1070 1615 non
1098 1584 1214 1624 possit,
1243 1582 1403 1613 describit.
1431 1581 1564 1610 Tantam
1593 1578 1682 1608 lactis
1710 1578 1831 1617 copiam
1860 1587 1930 1607 eam

135 1664 334 1694 consumere,
364 1658 399 1683 ut
426 1652 566 1692 pondere
589 1653 721 1692 gravior
747 1649 813 1688 fiat,
852 1658 944 1688 quam
978 1647 1092 1677 montis
1123 1647 1229 1687 magni
1259 1643 1368 1675 colles.
1396 1641 1521 1671 Arabes
1548 1641 1597 1669 lac
1626 1639 1715 1668 dulce
1742 1647 1812 1668 cum
1839 1637 1930 1668 acido

136 1719 265 1748 mixtum
293 1726 349 1756 pro
377 1716 446 1745 cibo
475 1724 603 1744 sumere
630 1713 736 1743 solent
761 1710 858 1741 Meid.
887 1710 925 1740 C.
947 1711 977 1750 1,
994 1711 1026 1740 7.
1054 1711 1087 1739 In
1108 1708 1225 1738 llaririi
1253 1715 1350 1745 opere
1377 1714 1406 1743 p.
1427 1704 1473 1733 Ν·
1501 1702 1602 1732 schol.
1631 1701 1781 1742 legimus,
1803 1700 1930 1731 Arabes

134 1781 258 1811 remota
284 1780 366 1819 aqua
394 1779 495 1819 flava,
524 1786 602 1816 quae
630 1779 703 1815 post
729 1782 861 1815 parvum
889 1775 1042 1812 temporis
1069 1774 1207 1811 spatium
1234 1769 1306 1799 inde
1324 1767 1469 1808 prodeat,
1490 1766 1537 1795 lac
1556 1764 1679 1795 acidum
1707 1764 1823 1794 bibere.
1881 1764 1931 1794 De

136 1843 201 1873 situ
234 1843 349 1873 montis
376 1841 525 1871 Alacadir
552 1840 593 1870 nil
621 1839 737 1870 iuveni.

136 1940 169 1969 3.
215 1939 260 1969 At
279 1949 349 1968 vero
370 1938 518 1967 socordes
541 1939 641 1970 erant,
663 1936 735 1964 dum
757 1935 843 1972 apud
863 1943 915 1962 eos
938 1933 988 1961 lac
1011 1934 1178 1968 utrumque
1200 1930 1373 1962 diversum,
1405 1929 1469 1955 tam
1491 1924 1582 1954 dulce
1604 1932 1697 1961 quam
1721 1923 1857 1961 acidum,
1870 1932 1934 1959 pa-

933 1990 1037 2016 ralum
1059 1988 1136 2014 erat.

239 2059 331 2091 Gens
361 2060 473 2100 Hadjir
500 2060 569 2090 cibo
597 2059 805 2089 veliementer
833 2057 938 2087 dedita
966 2065 1060 2095 quum
1086 2055 1134 2084 lac
1161 2053 1289 2083 mixtum
1316 2057 1444 2087 semper
1472 2049 1614 2086 paratum
1641 2044 1769 2084 habeat,
1785 2043 1830 2073 rei
1853 2052 1932 2073 cau-

141 2133 210 2154 sam
238 2122 267 2151 in
297 2131 335 2151 eo
363 2122 519 2160 inveniri,
557 2120 638 2160 qnod
667 2119 855 2149 socordibus
883 2123 1039 2156 tempore,
1068 2125 1128 2155 quo
1156 2115 1255 2144 cibum
1283 2109 1419 2141 nondum
1447 2107 1650 2144 sumsissent,
1678 2106 1932 2145 supervenerint.

140 2186 224 2216 Voci
253 2180 354 2223 „23:125
382 2183 476 2213 lactis
504 2183 609 2212 ovium
638 2187 670 2212 et
697 2183 890 2212 camelorum
918 2180 1008 2209 mixti
1035 2176 1302 2219 significationem
1329 2171 1523 2203 scholiastes
1551 2169 1667 2199 tribuit.
1710 2167 1799 2206 Quae
1827 2172 1932 2197 autem

141 2256 218 2277 vera
246 2250 376 2286 satyrae
407 2253 504 2274 causa
530 2243 583 2284 sit,
612 2242 719 2272 dicere
746 2242 828 2272 haud
856 2251 954 2271 ausus
982 2243 1052 2271 sim.

970 2335 1104 2369 xlx.

551 2402 817 2437 Rirwasch
847 2403 887 2435 b.
911 2402 1085 2435 llauth
1111 2397 1365 2432 llhahbita
1388 2395 1525 2430 dixu.

829 2461 964 2500 (conf.
994 2461 1085 2491 Ham.
1115 2470 1143 2499 p.
1173 2460 1244 2497 m.)

143 2537 170 2565 1.
214 2537 336 2566 Certior
354 2537 464 2574 factus
484 2544 565 2571 sum,
588 2534 746 2570 Ilelcalum,
768 2534 869 2572 filium
893 2533 1079 2563 Ghorzwailidi
1105 2535 1134 2560 et
1158 2531 1361 2560 Alalelaemmm
1384 2531 1417 2557 in
1440 2529 1507 2557 loco
1527 2527 1589 2555 allo
1612 2525 1748 2561 reqionu's
1771 2522 1931 2553 Ghodsom

975 2589 1109 2615 versari.
