2155 2892
903 169 1165 199 —361—

943 313 1124 347 Lxlll.

623 394 734 428 Abu
750 410 770 420 -
793 393 986 434 nasjan
1015 391 1287 425 Alnomnlss
1318 392 1453 426 dixit.

249 480 296 511 Ob
325 490 454 510 sensum
484 479 593 518 prioris
620 488 736 508 versus
764 481 887 517 poetam
915 483 987 516 post
1012 477 1159 506 lslamum
1191 486 1306 506 versus
1333 477 1454 507 dixisse
1482 483 1567 517 puto.
1622 479 1668 508 De
1697 484 1791 518 poeta
1812 479 1915 509 conl.

737 551 765 580 p.
791 542 829 570 ⁸1·-
862 540 967 570 cous.
996 539 1092 568 Moid.
1127 540 1162 568 Τ.
1190 540 1234 568 ΙΙΙ
1263 549 1335 579 app.

249 617 446 647 Scholiastes
474 617 580 655 plures
606 617 736 645 nominis
764 614 878 655 najjah
907 614 1068 644 derivandi
1097 614 1207 643 modos
1235 617 1410 653 proposuit.

151 714 180 742 1.
225 714 367 742 Rmm'ma
389 722 436 741 me
457 713 595 741 iaculata
617 716 663 740 es!
676 734 685 750 ,
707 713 778 741 dum
809 714 869 742 Dei
891 712 988 740 celum
1011 714 1091 740 inter
1114 721 1161 740 me
1182 721 1310 750 eamque
1333 714 1401 740 erat
1422 715 1451 740 et
1472 721 1531 741 nos
1553 714 1585 740 it:
1608 714 1758 742 tractibus
1781 717 1916 751 reyionis

839 767 951 803 lliiljas
975 766 1245 794 commorabamur.

247 836 291 866 Se
317 846 421 866 amore
439 835 611 874 Ruminae,
631 845 815 875 quamquam
843 836 953 876 religio
969 840 1068 872 vetet,
1094 844 1132 863 ne
1159 842 1307 862 sermone
1333 843 1468 863 amorem
1498 835 1656 874 ostendat,
1682 841 1806 877 captum
1834 847 1919 877 esse,

149 898 328 929 confitetur.
356 898 515 927 Feminam
545 907 615 928 cum
645 903 812 935 venatore,
852 899 901 936 qui
927 897 1073 936 praedam
1101 897 1221 937 sagitta
1248 899 1336 936 petit,
1364 898 1567 936 comparavit.
1603 899 1716 929 Velum
1741 909 1834 940 quum
1861 901 1920 931 im-

150 961 271 1000 pediat,
303 961 468 999 quominus
503 960 551 989 vir
585 965 638 990 aut
674 959 819 989 feminam
850 959 1005 998 adspiciat
1043 964 1096 988 aut
1127 959 1165 988 ad
1194 969 1263 988 eam
1293 959 1436 999 accedat,
1463 960 1647 1001 religionem
1675 971 1742 991 cum
1770 972 1807 991 eo
1835 971 1920 993 com-

153 1027 252 1062 parat.
306 1022 396 1060 Quae
422 1022 520 1051 verba
551 1021 744 1061 intelligendi
778 1021 856 1051 ratio
888 1021 915 1049 si
952 1025 1037 1049 recta
1071 1023 1137 1058 est,
1176 1019 1320 1059 loquendi
1359 1020 1495 1061 modum,
1531 1031 1590 1060 quo
1618 1022 1752 1052 feminae
1786 1032 1922 1054 amorem

154 1087 296 1113 nostrum
312 1079 602 1130 patefacimusydjss
623 1082 813 1122 appellatum
838 1082 987 1121 respicit3
1011 1081 1094 1111 hunc
1119 1081 1198 1110 enim
1227 1081 1350 1111 modum
1383 1087 1526 1121 tanquam
1562 1084 1742 1114 indecorum
1775 1085 1923 1115 Moham-

154 1145 262 1175 medes
288 1144 634 1177 interdixeratzcontra
654 1144 775 1174 modum
803 1141 931 1183 ψΜῴΣῑ
958 1142 1149 1182 appellatum
1174 1145 1368 1182 permiserat.
1397 1144 1547 1174 Attamen
1573 1155 1649 1175 vcro
1678 1156 1769 1184 quum
1792 1147 1922 1176 canities

151 1208 256 1237 velum
293 1207 350 1237 Dei
384 1212 471 1237 recte
503 1206 653 1246 appellari
687 1207 791 1246 possit
818 1216 919 1245 eaque
945 1215 1006 1235 non
1033 1205 1135 1234 minus
1162 1205 1322 1244 impediat,
1350 1206 1511 1244 quominus
1540 1207 1588 1235 vir
1617 1217 1635 1236 a
1661 1208 1764 1246 puella
1791 1213 1922 1246 ametur,

154 1269 237 1299 haud
263 1269 331 1299 scio
358 1278 397 1298 an
423 1268 472 1298 hic
499 1268 694 1309 intelligendi
721 1268 832 1298 modus
859 1268 948 1297 alleri
975 1266 1203 1306 praeferendus
1236 1269 1287 1296 sit.
1341 1267 1482 1297 Similem
1510 1268 1654 1307 loquendi
1680 1269 1803 1299 modum
1828 1269 1923 1300 scho-

153 1331 264 1360 liastes
291 1330 321 1359 in
348 1330 555 1368 sequentibus
583 1331 732 1359 versibus
749 1330 946 1360 llodsailitae
975 1330 1094 1359 invenit
1110 1330 1218 1367 (metr.
1239 1329 1396 1369 'l'hawiljz
1417 1330 1534 1360 Sicut
1569 1336 1753 1370 tempore
1785 1331 1923 1361 domus

153 1402 223 1423 res
253 1402 327 1422 non
355 1398 448 1432 est,
469 1402 486 1422 o
514 1388 817 1423 materMalici!
845 1391 917 1422 sed
943 1397 1118 1422 catenae
1150 1391 1238 1421 coll
1259 1401 1277 1422 a
1311 1391 1545 1422 cinxerunt.
1594 1393 1760 1422 Iuvenis
1789 1393 1924 1423 instar

152 1457 266 1487 senis
309 1456 455 1486 factus
493 1460 578 1494 est,
619 1461 793 1495 praeter
833 1460 988 1486 rectum
1016 1454 1072 1484 nil
1113 1453 1299 1494 profert,
1349 1455 1437 1486 dum
1465 1456 1772 1495 vituperantes
1808 1454 1926 1493 quie-

151 1523 323 1549 verunt.
386 1518 447 1548 Hic
482 1522 583 1548 autem
612 1523 706 1557 poeta
732 1518 894 1559 religionis
926 1518 1017 1559 leges
1045 1527 1114 1547 cum
1140 1517 1261 1546 catenis
1289 1519 1497 1559 comparavit,
1525 1528 1606 1559 quae
1632 1518 1815 1557 impediunt,
1846 1524 1927 1556 quo-

153 1582 254 1611 minus
281 1581 329 1609 vir
355 1589 490 1610 amorem
518 1589 609 1610 suum
638 1580 743 1610 verbis
772 1581 877 1610 liberis
903 1580 1083 1619 patefaciat.
1135 1580 1345 1611 Posteriorem
1371 1590 1487 1610 versus
1514 1586 1633 1620 partem
1657 1580 1704 1610 sic
1722 1588 1845 1618 quoque
1868 1577 1927 1607 ad-

153 1641 271 1672 ferunt:
300 1651 366 1685 μμ)
393 1638 505 1680 Uti-,Ol
533 1640 593 1687 ΓΒΗ
621 1647 711 1669 M
732 1643 890 1680 »vespera
916 1642 1051 1681 lapidum
1079 1643 1136 1673 loci
1163 1644 1292 1673 Alcinas
1320 1643 1406 1684 dicti,
1434 1644 1583 1673 Ramima.

154 1739 186 1768 2.
231 1737 275 1765 Et
295 1738 333 1775 si,
357 1746 451 1774 quum
472 1747 519 1765 me
542 1737 679 1766 iac-ulula
701 1741 798 1772 esset,
832 1740 930 1775 ipsam
956 1748 1076 1777 quoque
1099 1741 1217 1775 sayilta
1236 1741 1416 1776 petiissem,-
1439 1741 1497 1768 sed
1515 1740 1646 1768 mullum
1669 1742 1813 1776 temporis
1832 1749 1927 1776 prae-

788 1795 885 1828 teriit,
911 1794 994 1832 quod
1012 1793 1178 1821 iaculando
1200 1796 1292 1822 cerlo.

230 1858 373 1901 Vocis-,J
391 1865 606 1900 consequente
625 1863 783 1891 sententia
801 1862 917 1891 omissa
932 1871 1030 1891 voces
1048 1859 1110 1904 7⁶35
1124 1850 1200 1892 »ιν-ξ
1222 1871 1294 1892 »res
1322 1867 1410 1892 recta
1437 1867 1546 1892 esset«
1567 1867 1620 1892 aut
1635 1861 1751 1891 similes
1775 1860 1928 1899 supplen-

157 1921 216 1951 dae
249 1927 334 1951 sunt.
400 1922 502 1951 Huius
538 1927 644 1951 autem
687 1931 804 1951 versus
845 1923 1003 1960 posterior
1036 1933 1110 1962 pars
1137 1934 1236 1955 causa
1271 1931 1339 1966 est,
1377 1935 1433 1955 cur
1461 1925 1598 1954 vocibus
1623 1921 1677 1951 afli
1698 1928 1759 1966 j..-
1783 1922 1928 1951 canitiem

156 1983 330 2024 significari
359 1984 554 2022 putaverim,
592 1985 708 2023 quippe
736 1985 764 2012 iu
792 1993 853 2023 qua
880 1984 919 2013 de
946 1989 1106 2015 senectute
1133 1991 1248 2024 poetae
1274 1995 1379 2015 sermo
1406 1985 1457 2015 sit.
1511 1984 1695 2024 Ramimain,
1721 1992 1799 2022 quae
1825 1983 1928 2021 ipsum

159 2046 274 2075 amoris
301 2046 421 2086 sagitta
449 2045 590 2084 laeserit,
606 2045 721 2076 iniuste
748 2047 859 2086 egisse
887 2044 975 2084 dixit,
1002 2056 1095 2086 quum
1121 2050 1203 2089 ipse,
1220 2049 1279 2078 iam
1296 2057 1408 2088 senex,
1434 2046 1549 2076 amoris
1576 2045 1696 2087 sagitta
1723 2054 1792 2074 eam
1819 2048 1928 2083 petere

157 2118 218 2138 non
245 2109 357 2148 possit.

957 2229 1131 2264 an‘.

847 2295 1042 2330 Alius
1074 2295 1258 2330 uixit.

164 2379 194 2408 1.
237 2379 323 2408 Num
347 2387 519 2415 carcerem,
542 2377 680 2415 rint-ula,
703 2378 898 2412 desiderium,
920 2379 1202 2415 peregrinationem
1224 2381 1254 2406 et
1274 2378 1443 2407 absentiam
1465 2379 1562 2405 amati
1580 2370 1814 2415 [coniunytsji'
1846 2371 1931 2402 Sane

885 2433 943 2460 hoc
970 2442 1118 2470 maymem
1149 2431 1217 2461 est!

262 2501 430 2539 Querstur,
457 2510 493 2530 se
521 2505 568 2530 tot
594 2500 685 2530 malis
719 2499 878 2530 adfectum
906 2510 979 2530 esse
1005 2501 1131 2541 singula
1159 2508 1356 2530 enumeranti.
1410 2498 1495 2527 Loco
1523 2498 1612 2526 vocis
1637 2498 1703 2542 2:951:
1728 2494 1930 2537 (peregrina-

162 2561 290 2607 tionem)
314 2567 344 2594 in
369 2564 527 2594 Mersukii
555 2563 666 2594 codice
691 2572 757 2592 vox
783 2567 846 2606 ’ὀὶ-ξε
874 2563 1083 2602 (lacrymam)
1109 2562 1234 2602 legitur.
1263 2559 1474 2590 Accusativus
1503 2558 1771 2588 substantivorum
1797 2565 1815 2585 e
1832 2556 1929 2585 verbo

164 2625 282 2654 omisso
309 2622 388 2672 &⁵³
415 2625 616 2667 (coniungis)
643 2629 698 2654 aut
724 2624 813 2654 simili
838 2624 962 2663 pendet.
990 2624 1082 2662 Sunt,
1098 2622 1147 2661 qui
1166 2621 1375 2652 substantivis
1403 2629 1509 2650 casum
1536 2618 1758 2648 nominativum
1783 2616 1930 2647 tribuant.
