2155 2892
889 146 1160 177 —223-

135 272 342 302 substitutam
368 282 453 302 esse.
483 272 568 302 Esse
596 279 744 311 quoque,
770 270 821 308 qui
883 250 928 298 >i
955 281 1025 301 cum
1054 271 1158 300 Kesrn
1185 270 1243 300 sub
1272 271 1377 300 littera
1415 272 1446 301 lu
1475 273 1652 304 enuncient.
1705 273 1777 304 noc
1811 280 1919 304 eorum

847 294 878 316 kf

133 348 276 390 loquendi
303 348 394 379 modo
417 352 663 378 consentaneum
691 355 777 382 esse,
804 346 853 384 qui
879 343 973 386 ‘²5:⁵³⁸
994 346 1111 385 (frater
1135 346 1227 383 tuus)
1247 345 1390 375 dicentes
1418 347 1552 377 litterum
1586 364 1601 386 >
1633 349 1660 377 si
1688 349 1785 378 ultera
1813 350 1917 381 littera

134 426 168 455 la
193 424 339 465 addatur,
363 424 394 454 iu
421 424 556 453 litteram
584 421 627 450 la
651 424 828 459 permutent
857 431 897 451 ex
923 431 971 462 gr,
997 410 1048 462 ,ζει-ι
1075 421 1147 459 (lilii
1173 421 1244 458 mei,
1271 426 1299 450 et
1325 410 1429 463 ζςΐὲκε
1453 422 1582 461 (viginti
1609 424 1686 461 mei)
1716 424 1745 453 in
1774 427 1917 456 nomina-

134 488 211 518 tivo.
263 488 317 518 Sic
343 494 464 526 quoque
493 485 522 514 in
549 484 656 514 verbis
684 489 798 524 poetae
825 486 930 523 (metr.
961 484 1088 523 Sarili):
1119 484 1242 513 Pater
1270 492 1381 514 meus
1412 484 1456 513 ob
1495 487 1841 524 generositatem
1876 495 1918 519 et

136 549 363 580 dominium
391 553 574 578 catenas
601 556 735 586 super
765 546 926 577 leonem
953 545 1238 585 conjiciebat.

136 644 206 689 (p,
229 641 362 686 198.)
406 645 438 674 3.
464 644 642 681 Litiyanles
664 644 698 672 ob
722 644 940 672 verecundiam
963 654 982 672 a
1004 636 1114 681 fratre'
1136 652 1201 670 meo
1223 644 1368 672 recedere
1387 643 1529 678 videbas;
1549 643 1607 671 sed
1628 647 1755 674 conviva
1779 657 1797 675 a
1817 649 1921 686 fratre

850 706 916 725 meo
939 706 1001 725 non
1024 697 1193 726 recedebat.

229 767 355 798 Laudat
382 767 509 798 fratrem
539 768 577 797 ob
604 765 846 804 verecundiam,
873 777 934 807 qua
962 776 1071 797 omnes
1098 777 1177 808 erga
1197 777 1267 796 enm
1294 767 1413 806 impleti
1454 773 1561 805 erunt,
1599 773 1633 798 ut
1660 778 1751 798 nemo
1785 779 1855 800 cum
1883 781 1920 802 eo

133 831 258 872 litigare
293 830 433 860 auderet.
485 830 698 860 Nihilominus
726 834 830 860 tamen
857 830 886 860 in
913 841 950 860 eo
978 835 1096 860 tantam
1126 829 1226 860 ruisse
1254 831 1455 868 comitatem,
1494 835 1528 860 ut
1556 831 1715 861 convivae
1744 841 1782 862 se
1815 833 1844 863 ei
1871 834 1922 864 lu-

132 893 244 924 benter
271 892 490 934 adiungerent.

927 999 1115 1033 CXXX.

655 1066 881 1100 Raitlrah
907 1066 1009 1099 filia
1035 1065 1232 1099 ,il-zlmi
1256 1065 1396 1099 «lixit.

233 1140 356 1170 Nomen
384 1136 581 1168 Raithah
610 1139 735 1178 pallium
765 1138 924 1179 designat.
952 1138 1086 1168 Pluralis
1112 1137 1297 1178 irregularis
1325 1133 1382 1182 bb)
1411 1139 1441 1167 in
1468 1143 1624 1176 sequente
1651 1149 1749 1169 versu
1778 1140 1921 1172 11οάεεί-

133 1203 206 1233 litae
245 1202 400 1232 invenitur
443 1204 552 1239 (metr.
579 1201 722 1241 u'afir):
765 1200 1039 1241 Quot'nigris
1077 1200 1214 1231 oculis
1257 1200 1486 1239 praeditis
1523 1200 1784 1232 delectatus
1820 1213 1922 1244 sum,

133 1273 303 1306 magnos
331 1263 478 1293 oculos
504 1262 818 1301 habentibus,
859 1262 1098 1301 delicatis,
1138 1263 1430 1293 vestimentis
1470 1263 1623 1303 longis
1664 1263 1920 1304 palliisque

130 1337 209 1359 ves
225 1328 341 1358 titis.
392 1327 551 1366 Pluralem
577 1324 670 1374 jag),
697 1327 748 1366 qui
775 1327 804 1357 in
831 1326 940 1356 verbis
968 1325 1338 1355 Ahbdi-bani-l'llashas
1364 1325 1541 1364 reperiatur
1568 1329 1600 1356 et
1626 1326 1734 1364 (metr.
1762 1326 1922 1366 ThawiD:

132 1392 186 1422 Ac
211 1391 310 1421 siin
337 1390 563 1430 superiore
589 1390 684 1420 eius
715 1393 838 1429 parte
866 1388 1002 1428 pallia
1027 1387 1311 1418 lemanensia
1337 1389 1452 1426 sint,
1491 1387 1615 1418 modum
1648 1386 1802 1418 formandi
1840 1397 1919 1419 con-

130 1457 258 1488 suetum
284 1461 347 1482 non
372 1454 476 1492 sequi.
527 1452 684 1493 Nomina,
716 1452 808 1481 cuius
840 1450 1013 1492 singularis
1041 1451 1164 1481 nonnisi
1198 1451 1303 1481 littera
1331 1454 1344 1477 'u'
1371 1449 1477 1480 addita
1503 1459 1521 1480 a
1549 1450 1661 1490 plurali
1697 1449 1922 1491 distinguatur,

133 1514 207 1545 talia
233 1522 306 1544 esse
333 1514 453 1555 solere,
481 1523 562 1553 quae
589 1523 641 1543 res
669 1523 688 1543 a
713 1517 826 1543 natura
855 1516 1063 1552 procreatas,
1090 1521 1151 1541 non
1187 1516 1256 1541 arte
1282 1511 1385 1543 factas
1414 1512 1609 1553 designent,
1648 1517 1683 1543 ut
1715 1514 1747 1542 in
1786 1512 1922 1542 vocibus

128 1578 222 1624 ipss-2
249 1582 281 1606 et
302 1578 384 1621 παι-εὶ
412 1575 601 1616 (hordeum)
628 1578 683 1618 35³²?
711 1580 744 1606 et
762 1578 810 1620 5³⁵⁴?
839 1576 914 1613 (bos
941 1579 973 1604 et
988 1570 1116 1616 boves).
1146 1575 1175 1604 Α
1202 1575 1337 1605 vocibus
1364 1572 1468 1603 attat„
1495 1579 1527 1604 et
1554 1577 1640 1619 'siju
1666 1574 1788 1604 abiecta
1816 1575 1922 1605 littera

130 1645 144 1668 b·
169 1638 318 1679 pluralem
347 1647 407 1668 non
435 1637 570 1668 formari.
624 1638 719 1668 Plura
745 1643 810 1668 tum
837 1637 1031 1668 scholiastes
1058 1637 1182 1666 nomina
1218 1637 1280 1666 isto
1309 1637 1400 1667 modo
1429 1636 1629 1666 nihilominus
1668 1636 1803 1666 formata
1842 1648 1922 1667 enu-

129 1705 242 1740 merat,
269 1700 350 1730 inter
380 1709 459 1739 quae
478 1705 639 1739 postremo
667 1700 737 1730 loco
764 1702 857 1731 ἕψου-ε
883 1704 915 1729 et
957 1698 1029 1745 sko-x:
1056 1700 1154 1739 ponit,
1181 1698 1242 1728 hoc
1273 1698 1401 1728 diverso
1437 1697 1529 1727 modo
1556 1698 1707 1737 explicari
1734 1707 1831 1738 posse
1861 1698 1919 1728 ad-

129 1762 219 1792 dens.
271 1762 325 1791 Nil
350 1761 431 1790 enim
459 1761 600 1801 obstare,
629 1762 701 1800 quin
727 1771 791 1791 vox
816 1765 887 1807 (με
924 1764 1014 1791 vocis
1048 1760 1139 1791 ’.ἰήιε
1181 1761 1312 1799 pluralis
1347 1760 1532 1801 irregularis
1572 1766 1710 1800 putetur.
1768 1761 1920 1790 Litteram

130 1822 199 1853 Alit
221 1823 252 1852 iu
278 1831 360 1852 voce
384 1820 475 1852 'se-ta:
501 1822 627 1851 litterae
653 1822 722 1851 Alis
748 1822 777 1851 in
804 1832 885 1852 voce
910 1820 992 1868 istm)
1019 1823 1152 1852 similem
1187 1832 1287 1862 csse3
1320 1822 1377 1852 sed
1405 1823 1541 1852 litteram
1569 1822 1638 1852 Alis
1668 1823 1698 1851 in
1733 1832 1815 1852 voce
1852 1828 1922 1868 ιιι-..ε

128 1885 254 1916 litterae
281 1884 348 1914 Alis
385 1886 415 1914 in
441 1884 576 1913 vocibus
602 1882 691 1926 ὁρ
719 1890 751 1915 et
772 1881 859 1929 „5³53
885 1886 1010 1915 similes
1037 1894 1111 1915 esse
1138 1886 1175 1924 (i.
1205 1895 1233 1915 e.
1261 1885 1385 1915 litteras
1413 1885 1480 1915 Alit
1502 1886 1531 1914 iu
1560 1894 1640 1915 voce
1667 1884 1737 1931 fta:
1773 1890 1805 1914 et
1831 1889 1921 1916 izai-4:

130 1947 244 1976 natura
272 1946 419 1976 diversas
447 1954 547 1982 esse3
572 1946 605 1986 in
634 1945 738 1983 priore
765 1955 846 1974 voce
873 1947 1002 1986 pluralis
1029 1948 1155 1987 signum
1177 1957 1272 1987 esse,
1301 1948 1331 1976 in
1356 1948 1534 1987 posteriore
1561 1956 1621 1976 non
1656 1947 1761 1986 item.)
1815 1946 1919 1985 Quum

129 2012 234 2038 autem
260 2008 455 2048 grammatici
485 2006 599 2036 linitum
627 2006 774 2036 duxerint
790 2007 905 2047 dicere,
935 2018 1048 2039 vocem
1075 2005 1162 2044 οὔ.)
1191 2009 1344 2048 pluralem
1369 2010 1578 2058 irregularem
1606 2019 1623 2040 a
1648 2019 1731 2040 voce
1758 2006 1846 2046 003>
1861 2009 1919 2039 de—

128 2071 266 2100 rivatum
293 2078 380 2106 esse,
411 2072 509 2107 (quae
536 2078 637 2098 voces
664 2070 749 2099 nullo
778 2070 869 2099 modo
896 2072 976 2100 inter
996 2080 1032 2100 se
1060 2071 1223 2109 differant)
1253 2071 1348 2101 multo
1378 2072 1480 2112 magis
1510 2071 1624 2102 licitum
1641 2072 1817 2102 habendum
1843 2082 1918 2102 esse

129 2131 247 2171 dicere,
276 2139 390 2160 vocem
419 2129 489 2177 ‘Aa
524 2132 677 2170 pluralem
716 2132 920 2174 irregularem
959 2142 976 2162 a
1003 2141 1085 2163 voce
1113 2131 1205 2163 xatas
1233 2132 1410 2162 derivatum
1437 2142 1539 2173 esse,
1575 2141 1657 2172 quae
1698 2142 1799 2163 voces
1827 2134 1920 2174 signo

132 2193 271 2224 feminini
302 2194 329 2233 ¹)
357 2192 525 2222 distinctae
552 2195 625 2222 sint.

129 2291 157 2319 1.
198 2289 297 2327 Steti;
319 2292 384 2318 lum
403 2289 540 2327 feminae
562 2290 638 2318 telis
666 2300 728 2320 non
757 2291 895 2320 obtectae
913 2293 947 2321 in
976 2292 1063 2321 domo
1091 2293 1197 2329 yenlis
1226 2300 1313 2320 meae
1339 2290 1375 2319 ob
1404 2290 1609 2319 calamitatem
1638 2299 1727 2318 sumn
1753 2290 1917 2327 plorantes

781 2345 940 2383 lacrymas
963 2355 1048 2374 meas
1069 2347 1263 2373 escilmvtnl.

227 2413 351 2443 Initium
378 2420 495 2441 versus
522 2411 562 2441 ad
587 2421 672 2452 rem,
702 2422 784 2452 quae
811 2424 909 2445 causa
938 2423 1090 2444 versuum
1118 2419 1208 2453 erat,
1235 2419 1415 2453 praeparat.
1470 2414 1533 2450 Se,
1560 2422 1651 2451 quum
1679 2415 1808 2442 nuntius
1836 2413 1916 2443 tales

128 2475 215 2505 viros
242 2474 400 2505 cecidisse
429 2472 467 2503 ad
497 2474 612 2513 locum,
641 2474 690 2503 ubi
718 2484 798 2514 gens
824 2476 936 2506 sedem
963 2477 1104 2519 liaberet,
1134 2480 1349 2518 pervenisset,
1377 2478 1510 2507 stetisse
1535 2476 1605 2506 forti
1632 2477 1734 2506 animo
1775 2487 1839 2507 rem
1867 2477 1916 2507 fe-

146 2579 174 2609 1)
191 2579 305 2603 Silentia·
326 2581 548 2609 praetereundum
568 2586 621 2603 uon
640 2583 681 2603 est
700 2579 725 2603 in
747 2580 835 2604 verbis
854 2578 947 2618 ’ὀμ-ιλ.)
965 2584 991 2605 et
1010 2578 1064 2619 3:¹64
1085 2580 1175 2604 littera
1195 2579 1207 2602 ii
1227 2586 1276 2602 nou
1295 2582 1346 2602 tam
1366 2579 1484 2602 feminini
1503 2579 1607 2610 signum
1628 2586 1705 2609 quam
1725 2580 1834 2603 unitatis
1855 2586 1916 2604 esse

198 2627 240 2644 eo
253 2627 268 2644 n
281 2621 299 2644 f.
318 2621 407 2646 Grani.
428 2622 473 2646 Ar.
493 2621 523 2644 Τ.
542 2621 552 2645 1
572 2628 597 2650 p.
616 2620 681 2644 ³01.
