2155 2892
887 147 1053 180 —331
1110 166 1157 172 ——

231 250 378 280 Studium
406 249 536 280 aliorum
565 259 630 280 rem
659 248 814 279 occultam
844 250 1058 290 cognoscendi
1085 247 1235 280 describit
1262 252 1294 275 et
1321 255 1355 275 se
1384 255 1491 275 eornm
1520 245 1627 275 verbis
1657 245 1824 284 deceptum
1852 254 1912 273 non

133 322 209 344 esse
236 313 317 343 dicit.
370 312 510 342 Similem
539 321 666 342 sensum
692 317 787 350 poeta
814 311 946 350 Djerir
973 312 1181 352 sequentibus
1209 310 1316 338 verbis
1345 310 1521 348 expressit:
1552 311 1657 346 (metr.
1687 308 1814 344 Cainel)
1844 307 1915 336 De-

132 376 294 406 latores
331 376 375 406 ad
414 384 602 406 errorem
631 384 690 404 me
723 374 991 413 impulerunt3
1027 373 1103 403 sed
1139 374 1267 402 virum
1294 377 1500 401 secretum
1529 377 1639 401 tunm
1667 380 1745 400 non
1773 369 1914 399 divul-

131 441 297 477 gunlem
324 438 599 474 invenerunt,
618 446 635 465 ο
653 431 875 466 Omaimali!
903 441 946 466 et
975 441 1174 468 tenacem,
1210 435 1330 464 Vocem
1359 432 1422 476 ..fol
1457 444 1512 472 pro
1539 432 1621 469 ’.κἰμῑ
1650 439 1743 472 poeta
1763 431 1912 462 adhibuit.

129 500 216 530 Loco
244 501 410 530 verborum
438 498 526 550 ’ζωοῦ
553 495 604 528 253
632 498 693 539 (fxii
720 499 832 538 legitur
859 496 925 526 &ilai
949 492 992 538 ,ὁ
1021 497 1082 538 ινε’»ὂῐ
1114 506 1197 538 nego
1226 496 1307 526 lidus
1337 506 1443 525 snm«.
1473 496 1545 525 Vox
1583 492 1609 523 m
1637 495 1665 524 in
1694 494 1755 524 sine
1782 495 1911 524 brevem

129 563 283 603 syllabam
308 582 346 594 -.
371 562 476 592 habet.
504 561 608 592 cons.
636 562 702 591 libr.
730 571 853 594 meum:
880 561 1087 601 Darstellung
1118 559 1147 590 d.
1170 560 1265 591 Arab.
1294 559 1480 590 Verskunst
1508 563 1569 588 etc.
1601 567 1630 597 p.
1659 558 1714 586 55.

964 706 1107 739 xxx.

771 773 896 808 Nasu·
922 774 960 807 b.
982 771 1109 806 nais
1132 771 1268 811 dixin

203 845 333 875 l’oetani
361 854 455 876 avum
484 849 595 885 poetae
615 845 828 886 Tliirimmalii,
847 846 897 885 qni
924 849 1065 884 tempore
1093 843 1261 873 Alcomaiti
1289 842 1392 873 Curae
1419 841 1560 878 doceret,
1579 840 1691 879 fuisse,
1718 838 1909 869 scholiastes

124 907 263 940 tradidit.
315 909 442 938 Nomen
468 909 499 938 N
518 907 595 938 afr
630 918 648 938 a
675 909 773 938 verbo
793 910 854 952 λῶ,
881 907 965 948 quod
991 908 1126 938 celerem
1153 910 1326 944 incessum,
1354 915 1415 946 quo
1447 907 1591 935 Meecam
1620 903 1862 944 peregrinantes
1891 911 1909 931 a

123 970 190 1000 loco
218 971 306 1000 Mina
333 969 553 1009 deproperant,
581 970 749 1010 significat.
778 970 869 1000 Hanc
894 970 983 999 verbi
1010 969 1277 1010 significationem
1304 968 1497 998 scholiastes
1525 971 1681 1006 sequente
1708 975 1806 994 versu
1833 973 1910 1003 pro-

122 1033 211 1064 bavit
235 1030 339 1075 (metr.
370 1032 514 1072 Camel):
543 1033 721 1062 Nonnisi
748 1038 838 1062 tres
868 1041 1075 1072 personas
1096 1032 1235 1062 Minae
1265 1030 1629 1069 occurrebamus,
1649 1028 1780 1058 donec
1806 1027 1908 1067 fuga

122 1094 214 1124 inde
256 1103 335 1124 nos
369 1098 626 1133 separaret.
688 1093 822 1123 Primam
856 1093 946 1123 verbi
982 1092 1112 1122 sormam
1139 1093 1239 1134 gloria
1265 1091 1411 1121 vincendi
1439 1091 1703 1132 significationem
1733 1089 1860 1128 habere,
1883 1096 1901 1116 e

121 1160 277 1196 sequente
305 1154 502 1186 hemisticliio
529 1154 618 1185 metri
643 1154 755 1187 Sarih:
785 1154 919 1186 »Gloria
946 1156 1051 1185 victus
1079 1154 1213 1184 vincenti
1239 1163 1274 1184 se
1303 1154 1481 1194 submisit«,
1507 1153 1661 1183 videmus.

119 1252 147 1280 1.
191 1252 306 1281 Nonne
329 1252 468 1281 Boltaisa
491 1247 653 1290 (femina)
676 1251 777 1279 dixit:
801 1249 887 1287 Quid
906 1251 1011 1288 lVasro
1033 1253 1090 1287 es!‚
1113 1251 1196 1289 quod
1221 1251 1410 1287 temporibus
1433 1252 1585 1279 nudatum
1606 1259 1675 1277 eum
1695 1246 1837 1277 rideam?

238 1321 403 1350 Mulierem
430 1320 637 1350 admirantem
665 1319 792 1360 inducit,
821 1319 904 1359 quod
931 1325 1026 1360 poeta
1053 1325 1196 1360 tempore
1223 1320 1333 1359 elapso
1362 1324 1423 1350 tam
1449 1324 1588 1349 mutatus
1615 1318 1667 1347 sit.
1734 1316 1802 1346 Duo
1830 1319 1904 1345 sunt

118 1382 243 1424 legendi
271 1382 353 1413 modi
381 1390 493 1422 mag-³,
521 1386 553 1412 ut
581 1382 609 1411 in
637 1382 793 1412 Mersukii
821 1382 930 1413 codiee
958 1382 1035 1421 (sed
1062 1383 1169 1413 folium
1193 1382 1254 1412 hoc
1292 1383 1352 1412 alia
1381 1392 1473 1412 manu
1500 1382 1651 1420 scriptum
1679 1382 1748 1419 est)
1778 1380 1903 1408 inveni-

118 1454 188 1474 mus
205 1450 237 1474 et
264 1444 602 1484 ›ma-1⁴..Scholiastes
632 1445 661 1474 in
690 1445 758 1474 aliis
786 1446 1021 1485 exemplaribus
1045 1449 1143 1485 ’'lma-3
1171 1445 1303 1476 inveniri
1329 1444 1437 1475 dicens
1466 1444 1600 1484 modum,
1621 1452 1683 1483 quo
1703 1440 1902 1472 Abu-{Abla

118 1515 230 1536 vocem
257 1507 357 1546 ’ὼν-τ)
385 1506 604 1545 explicandam
635 1507 805 1543 censuerit,
826 1507 999 1537 adnotavit.
1053 1508 1192 1537 Verbum
1219 1510 1299 1548 „ae-2³
1328 1505 1520 1536 extendendi
1547 1506 1708 1544 (manum)
1733 1503 1901 1543 significa-

115 1569 232 1599 tionem
261 1569 389 1606 habere,
429 1579 527 1599 versu
554 1569 699 1608 probavit
727 1575 901 1609 sequente:
935 1567 1035 1613 (metr.
1071 1567 1197 1612 Camel)
1237 1570 1342 1599 Num
1376 1568 1521 1607 vides,
1560 1569 1594 1597 si
1633 1577 1781 1597 manus
1820 1575 1902 1597 mea

116 1630 306 1672 gladium
341 1631 526 1661 Indicum
555 1637 728 1670 tenens,
756 1633 821 1672 qui
848 1635 890 1664 in
918 1643 1015 1663 osse
1045 1638 1355 1673 commovetur,
1384 1641 1538 1662 versus
1567 1636 1605 1661 te
1636 1629 1900 1660 extenditur.

112 1741 143 1768 2.
189 1740 234 1768 Et
254 1743 289 1768 tu
311 1743 396 1770 sicul
417 1751 472 1778 eqo
496 1751 544 1770 me
565 1743 692 1770 absente
713 1745 833 1771 mutata
854 1752 901 1780 es,
925 1752 998 1771 nam
1023 1742 1133 1771 stellae
1156 1741 1235 1771 Sirii'
1255 1741 1367 1771 similis
1390 1750 1471 1769 eras.

197 1809 242 1839 Se
274 1815 425 1840 mutatum
452 1819 526 1840 esse
552 1810 634 1840 haud
661 1816 769 1852 negat,
799 1811 855 1841 sed
882 1811 963 1841 idem
992 1812 1114 1842 mulieri
1143 1811 1299 1840 accidisse
1323 1810 1409 1850 dicit,
1439 1814 1471 1839 ut
1501 1810 1529 1838 ei
1559 1809 1597 1838 nil
1625 1808 1759 1837 obiicere
1787 1807 1898 1846 possit-

113 1869 252 1900 Ratione
282 1870 387 1900 habita
425 1872 518 1909 eius,
560 1871 642 1910 quod
669 1881 787 1902 versus
816 1873 843 1902 in
872 1875 976 1913 capite
1005 1871 1133 1912 ..a-*miii
1159 1873 1310 1911 inscripto
1339 1872 1548 1911 inveniantur,
1577 1876 1669 1909 poeta
1698 1869 1832 1898 feminae
1859 1868 1897 1898 ab

112 1933 182 1972 ipso
210 1938 333 1962 amatae
360 1932 533 1973 admiranti,
547 1942 583 1962 se
610 1935 726 1962 amoris
754 1933 911 1964 desiderio
938 1941 970 1966 et
997 1935 1105 1965 dolore
1132 1936 1317 1965 emaciatum
1345 1942 1432 1973 esse,
1458 1932 1629 1962 concedere
1652 1932 1789 1972 videtur,
1809 1933 1839 1961 in
1859 1939 1897 1960 eo

111 1994 200 2032 quasi
226 1994 371 2024 solatium
399 1995 575 2036 inveniens,
602 1995 686 2035 quod
713 1995 793 2025 idem
821 2006 946 2031 amatae
973 1997 1136 2026 acciderit.
1188 1996 1358 2025 Pristinum
1387 1999 1492 2024 autem
1522 1993 1758 2033 pulchritudinis
1785 1997 1898 2022 statum

112 2066 182 2086 cum
209 2055 378 2095 splendore
405 2058 518 2087 stellae
545 2058 678 2087 lucentis
707 2058 911 2097 comparavit.
939 2058 1089 2087 Feminae
1114 2057 1316 2096 pulchritudo
1344 2056 1373 2085 in
1406 2056 1475 2086 aliis
1513 2056 1590 2085 locis
1618 2064 1689 2085 cum
1716 2056 1790 2085 luna
1818 2064 1895 2085 con-

109 2119 210 2148 fertur
237 2127 285 2148 co
304 2118 357 2148 ns.
389 2119 480 2149 Ham.
507 2129 537 2159 p.
565 2121 606 2148 ΛΡ
634 2129 664 2149 v.
697 2120 710 2150 l
743 2126 775 2150 et
802 2121 848 2149 050
876 2130 906 2149 v,
935 2120 966 2150 2.
996 2119 1076 2150 Cum
1102 2120 1204 2149 stellis
1233 2119 1348 2149 heroes
1376 2120 1467 2148 llam.
1495 2121 1542 2148 θ’Ἱ·
1570 2118 1641 2148 infr.
1679 2124 1711 2148 et
1738 2119 1897 2158 principes

108 2181 199 2211 Ham.
226 2190 263 2208 w·
300 2190 331 2209 v.
366 2180 386 2210 2
420 2187 650 2220 comparantur.
704 2182 778 2212 Vox
807 2179 930 2225 &ja-:di
959 2181 1092 2220 plurium
1129 2181 1289 2211 stellarum
1317 2190 1480 2211 commune
1506 2191 1619 2211 nomen
1647 2184 1707 2218 est,
1727 2191 1810 2221 quae
1837 2180 1895 2210 ad-

107 2243 212 2281 posito
255 2242 412 2272 adiectivo
448 2242 696 2284 distinguuntur.
761 2244 917 2273 Nostrum
944 2253 1058 2273 nomen
1094 2244 1290 2278 Sirium,
1324 2244 1449 2273 stellam
1477 2243 1613 2274 lucidam
1642 2245 1670 2273 in
1699 2254 1753 2273 ore
1780 2244 1894 2273 sideris

108 2303 208 2334 Canis
241 2304 364 2334 maioris
399 2305 565 2344 appellati,
607 2305 755 2346 designat
797 2306 912 2338 conf.
939 2307 1040 2337 ldeler
1068 2306 1356 2347 Untersucliungen
1386 2312 1448 2336 etc.
1479 2316 1508 2346 p.
1537 2306 1619 2336 237.
1674 2306 1762 2336 Voce
1781 2303 1893 2352 »πελ

107 2366 180 2396 mihi
206 2366 366 2406 appellata
392 2367 533 2407 videtur,
561 2367 642 2406 quod
670 2378 725 2407 per
752 2369 874 2399 coelum
903 2371 1015 2400 transit
1042 2369 1148 2399 conf.
1177 2369 1254 2401 ibid.
1282 2378 1312 2408 p.
1339 2369 1419 2398 244.
1455 2368 1556 2397 Aliter
1584 2367 1725 2396 ldelerus
1752 2376 1782 2405 p.
1813 2366 1893 2404 246,

106 2428 307 2459 Scholiasles
337 2435 457 2470 noster,
472 2431 509 2460 ab
525 2431 681 2460 Arahibus
707 2441 818 2463 vocem
845 2432 975 2463 diverso
1005 2430 1096 2462 modo
1122 2430 1271 2471 derivari,
1298 2430 1471 2461 adnotavit.
1511 2430 1601 2465 Sunt,
1639 2428 1690 2466 qui
1718 2430 1792 2458 voci
1818 2436 1894 2457 mo-

107 2486 209 2521 lesti
244 2483 510 2533 significationem
546 2492 700 2532 tribuant,
737 2494 819 2533 quod
838 2495 934 2525 stella
959 2504 997 2526 se
1025 2494 1181 2526 adtollens
1208 2498 1312 2532 aestu,
1340 2492 1488 2523 decidens
1516 2493 1545 2522 in
1572 2488 1662 2522 coelo
1689 2490 1808 2532 frigore
1836 2498 1895 2529 pe-

104 2561 184 2586 cora
211 2556 378 2594 pascentia
403 2555 541 2589 adficiat.
