2155 2892
911 175 954 182 -
1032 159 1102 190 395
1157 174 1202 181 —

983 313 1135 348 (ἸῪΙΙ.

652 378 764 411 ΛΙιιι
797 379 991 420 najjnn
1017 378 1287 413 Nonum-im
1325 378 1461 412 «lixit.

266 454 357 483 llunc
385 451 534 481 disertum
565 449 701 480 Arabem
731 456 942 489 campestrem
973 452 1071 481 luisse
1100 456 1226 480 narrant
1253 452 1392 491 segnitie
1423 457 1453 480 ct
1482 461 1595 489 magna
1634 452 1798 482 timiditate
1828 453 1952 492 praedi-

166 520 237 546 tum.
290 516 327 545 Ei
355 523 463 543 ensem
491 512 590 542 fuiss-e
620 513 799 542 salivam
829 514 972 542 mortis
1000 514 1266 553 cognominatum.
1321 512 1360 542 L't
1390 514 1459 543 eius
1480 514 1673 543 timiditatem
1701 515 1878 553 probarent,
1897 524 1952 542 si·-

168 578 293 618 qucntiu
323 576 511 606 adtulerunt.
566 576 626 612 Qui
655 584 748 614 (pium
777 574 858 613 apud
888 575 1019 604 tunicum
1047 575 1074 603 in
1103 575 1216 614 oppido
1239 577 1341 605 Bazra
1368 581 1564 613 versarctur,
1594 582 1687 605 nocte
1713 586 1824 605 sunum
1854 577 1951 605 lenem

165 643 252 671 canis
283 640 310 669 in
338 639 429 668 domo
457 637 588 668 audiens
618 648 694 666 ense
723 646 802 673 ¹sim,
841 646 901 675 quo
930 636 1093 666 hausu-um
1121 639 1246 666 acutius
1274 642 1353 677 crat,
1383 637 1553 677 evaginato
1584 638 1739 667 brachium
1771 642 1950 677 tegumento

166 702 308 732 obvolvit
335 705 367 730 et
396 701 424 729 in
451 700 618 739 sequeutia
646 700 743 729 verba
773 702 898 738 erupit:
931 699 978 729 »0
1008 705 1113 729 contra
1142 708 1199 728 nos
1227 699 1330 729 audax
1362 704 1393 729 et
1422 710 1503 729 vano
1533 698 1675 729 nostruin
1705 700 1861 730 desiderio
1890 700 1948 730 de-

164 771 290 804 eeptuS,
317 773 408 802 quam
437 772 568 801 pravum
597 768 666 801 est,
708 772 761 800 per
799 761 921 800 Deum,
951 761 1030 800 quod
1060 761 1110 792 tibi
1137 760 1283 802 elegisti!
1315 762 1425 791 bouum
1456 771 1586 800 parvum
1616 762 1810 800 multumque
1838 762 1951 790 malum

164 835 193 859 et
223 828 310 858 ensis
340 828 465 866 politum,
494 827 603 855 mortis
631 826 731 854 saliva
761 825 1017 866 cognominatim,
1047 833 1137 862 quem
1168 823 1251 853 fama
1279 823 1438 863 audivisti,
1467 823 1584 853 celebri
1615 824 1683 853 acie
1712 823 1884 864 praeditus,
1904 825 1952 862 qui

164 902 203 922 ne
239 891 336 921 hebes
364 889 430 925 liat,
458 888 540 918 haud
569 889 706 918 timetur.
762 889 799 917 Et
827 888 853 916 si
883 892 1010 927 gentem
1039 886 1116 916 Kais
1146 885 1294 925 advoco,
1335 887 1493 926 equitibus
1531 887 1756 926 peditibusque
1784 892 1894 916 contra
1923 891 1952 916 te

165 964 231 984 eam
261 953 402 992 impleb0.
435 952 494 981 Exi
521 951 626 990 igitur,
645 960 706 980 vae
735 950 799 988 tibi,
830 950 919 979 venia
950 949 1096 987 donatus,
1121 949 1301 988 priusquam
1325 959 1456 988 poenam
1477 959 1608 979 sumens
1637 956 1748 980 contra
1777 957 1808 981 te
1828 946 1947 980 mirol«

164 1016 267 1054 Quum
296 1014 390 1055 igitur
417 1014 505 1044 canis
532 1014 644 1048 exiret,
662 1012 757 1042 dixit:
789 1012 874 1041 Laus
902 1011 966 1040 Deo
995 1011 1047 1049 sit,
1076 1012 1126 1048 qui
1156 1013 1185 1040 in
1218 1020 1325 1040 canem
1355 1017 1385 1041 tc
1416 1013 1550 1042 mutavit
1570 1017 1601 1042 et
1625 1023 1682 1042 nos
1698 1019 1810 1043 contra
1835 1014 1949 1043 bellum

163 1077 313 1110 defendit.
366 1077 497 1107 Poetain
537 1081 609 1116 post
645 1076 789 1105 lslamum
825 1075 963 1114 vixisse,
991 1083 1008 1103 e
1043 1074 1189 1103 versibus
1218 1084 1247 1113 p.
1276 1085 1325 1103 ovA
1353 1076 1590 1105 occurrentibus
1620 1076 1730 1106 videre
1758 1076 1840 1107 licet.
1865 1076 1948 1106 L'rbs

163 1144 267 1173 anra
297 1141 435 1171 Ohmaro
462 1144 614 1181 regnante
645 1137 773 1168 fundata
802 1142 863 1166 est.

164 1237 190 1264 l.
235 1235 354 1265 Alulier
377 1235 528 1272 languida
549 1244 565 1262 e
583 1236 677 1271 yeme
699 1232 957 1262 Rubialt-Altmir
979 1241 1048 1260 eum
1071 1233 1150 1266 iecit,
1177 1232 1307 1261 mullum
1330 1232 1488 1261 dormiens
1510 1233 1560 1260 die
1582 1234 1643 1260 ium
1666 1232 1792 1265 illustri,
1821 1240 1853 1260 m
1876 1241 1948 1260 mu-

731 1286 843 1314 lierum
867 1289 1020 1314 com-enta
1044 1289 1074 1313 et
1095 1286 1183 1324 quali
1207 1286 1383 1315 com-enm!

264 1357 387 1397 Virum,
416 1356 508 1386 cuius
535 1358 652 1385 mentio
688 1359 781 1384 antea
809 1354 908 1384 fuisse
937 1354 1071 1393 videtur,
1100 1354 1232 1384 feminae
1262 1364 1368 1385 amore
1396 1361 1520 1395 captum
1549 1366 1624 1386 esse
1654 1356 1804 1389 discribit.
1858 1356 1949 1386 Hanc

163 1425 269 1451 autem
303 1419 469 1458 seminam,
507 1423 542 1447 ut
569 1416 732 1447 commoda
759 1416 826 1446 vita
860 1416 982 1455 (cons.
1017 1418 1109 1447 llam.
1144 1420 1190 1446 οΛἹ
1227 1428 1258 1447 v.
1293 1417 1330 1456 1)
1359 1423 1451 1447 utens
1479 1419 1676 1459 designetur,
1712 1419 1890 1459 languidam
1919 1421 1949 1448 et

162 1482 213 1512 diu
241 1481 444 1511 dormientem
471 1490 548 1509 esse
575 1479 660 1509 dicit.
696 1479 816 1508 ,Plures
844 1483 945 1508 autem
973 1488 1066 1517 quim]
1095 1480 1158 1509 sint
1187 1484 1298 1520 gentes
1325 1481 1445 1511 Rabiah
1477 1483 1667 1521 appellatae,
1696 1492 1807 1512 vocem
1837 1482 1948 1512 Ahmir

163 1543 259 1574 addit.
312 1542 434 1572 Rabiah
462 1542 592 1571 Alfaras
621 1542 701 1570 lilius
732 1541 840 1571 Nisari
863 1541 890 1570 b.
922 1541 1038 1571 Maahd
1066 1547 1144 1572 erat.
1174 1542 1206 1570 In
1234 1548 1330 1583 gente
1363 1543 1474 1574 Olikail
1508 1545 1569 1574 duo
1598 1546 1655 1575 viri
1685 1545 1807 1575 Rabiah
1835 1545 1947 1584 appel-

163 1607 215 1635 lati
241 1610 341 1643 erant,
369 1614 449 1634 unus
478 1603 601 1633 Rabiah
629 1604 656 1633 b.
676 1603 801 1639 Olikass,
829 1603 907 1633 alter
935 1603 1059 1634 Rabiah
1086 1605 1238 1635 b.Ahinir
1257 1607 1285 1635 b.
1308 1607 1437 1642 oliti-ait:
1467 1619 1525 1638 nee
1554 1619 1613 1638 non
1642 1610 1786 1647 ingente
1814 1607 1946 1636 Tarnim.

162 1667 254 1698 Gens
281 1668 378 1698 maior
404 1666 524 1696 Rabiali
540 1667 568 1696 b.
584 1667 689 1704 Malic,
716 1666 839 1696 Rabiah
869 1667 986 1707 Aldjuh
1015 1669 1173 1706 appellata
1201 1674 1234 1698 et
1261 1670 1359 1698 minor
1390 1670 1512 1700 Rabiah
1541 1672 1568 1700 b.
1591 1670 1763 1700 llentselah
1779 1670 1806 1698 b.
1828 1670 1946 1698 Maleo.

163 1731 253 1763 Gens
289 1735 396 1760 autem
429 1730 459 1758 in
494 1737 590 1758 versu
626 1727 750 1757 Rabiah
783 1728 811 1758 b.
844 1728 953 1758 Ahmir
989 1730 1017 1758 b.
1045 1730 1245 1768 Zahzaah‚a
1272 1737 1368 1760 matre
1394 1732 1615 1772 Banu—Madjd
1643 1732 1814 1771 appellata,
1844 1730 1943 1759 fuisse

159 1793 288 1824 videtur
314 1790 440 1830 (conf.
468 1790 730 1820 Ebn-Kotaibah
759 1795 791 1820 et
819 1791 981 1831 Kamus).
1010 1791 1052 1822 Ut
1079 1798 1185 1823 autem
1214 1793 1329 1824 femina
1357 1795 1584 1834 pulchritudine
1612 1796 1747 1835 insignis
1775 1794 1944 1830 indicetur,

161 1861 258 1895 poeta
279 1853 377 1891 addit,
405 1862 474 1882 eam
499 1862 560 1881 nou
590 1852 690 1881 solam
718 1852 838 1891 suisse3
866 1853 924 1883 sed
952 1855 981 1883 in
1009 1857 1136 1895 agmine
1165 1855 1348 1886 feminarum
1378 1857 1590 1896 pulchrarum.
1653 1856 1863 1891 scholiastes,
1890 1853 1943 1883 lit-

160 1921 258 1947 teram
274 1915 376 1946 XVaw
403 1924 471 1945 cum
499 1914 605 1944 vocali
629 1914 732 1944 Fatha
760 1925 831 1944 raro
860 1916 889 1945 in
914 1917 1048 1947 litteram
1071 1917 1139 1947 Atif
1161 1918 1274 1947 mutari
1301 1918 1419 1956 dicens,
1447 1919 1490 1948 rei
1519 1918 1697 1956 probandae
1725 1926 1823 1947 causa
1843 1916 1942 1946 verba

162 1977 390 2008 Mohammedis
418 1977 587 2007 traditione
621 1976 661 2006 ad
696 1986 753 2006 nos
784 1977 888 2008 delata
915 1978 1089 2009 adnotavit.
1145 1980 1336 2018 nl'ecorum‚
1380 1990 1508 2020 quorum
1537 1980 1677 2009 decimae
1709 1979 1832 2008 solutae
1856 1981 1942 2016 sunt,

923 2036 965 2079 ¹519,
997 2046 1031 2071 ut
1057 2041 1236 2082 languidam
1265 2042 1302 2070 ob
1332 2041 1555 2081 pinguedinem
1585 2044 1727 2080 corporis
1750 2041 1943 2078 inultumque

162 2049 246 2070 noxa
285 2039 469 2079 disparuit.«
524 2040 644 2070 Vocem
674 2038 715 2068 ‘idi
743 2045 796 2070 aut
825 2049 879 2079 pro
907 2046 919 2068 8

163 2101 370 2130 dormientem
397 2100 545 2142 designet
563 2111 640 2131 csse
669 2107 723 2131 aut
745 2111 763 2131 a
787 2102 883 2131 verbo
903 2101 950 2141 gl,
979 2107 1011 2131 ut
1038 2107 1234 2133 cunctantem
1266 2107 1294 2134 in
1323 2113 1419 2143 opere
1446 2104 1603 2144 faciendo,
1621 2103 1823 2134 derivandam
1851 2112 1938 2142 esse,

161 2162 356 2192 scholiastes
386 2161 557 2193 adnotavit.
614 2164 648 2192 ln
681 2163 837 2192 Mersukii
864 2166 1089 2194 commentario
1117 2166 1249 2195 alterum
1279 2166 1405 2206 legendi
1433 2167 1555 2196 modum
1584 2166 1713 2212 &stedi
1740 2168 1817 2210 ορ),
1845 2175 1941 2195 sensu

161 2224 244 2254 haud
263 2227 395 2264 mutato,
414 2223 599 2253 invenimus.
627 2224 768 2254 Similem
798 2234 928 2254 sensum
943 2225 1206 2257 Amru-l'Kaisus
1235 2228 1263 2258 in
1293 2229 1472 2267 posteriore
1488 2233 1576 2268 parte
1603 2238 1720 2259 versus
1737 2228 1782 2258 36
1799 2224 1941 2268 (Moall.)

160 2286 332 2325 expressit.

160 2384 192 2412 2.
239 2382 315 2412 Tum
345 2384 428 2411 reni!
455 2384 557 2411 instar
585 2385 666 2411 rami
692 2385 814 2414 arboris
845 2386 872 2414 B
887 2396 905 2414 a
922 2395 944 2414 n
975 2387 1063 2415 ΙιαιιιΙ
1088 2388 1319 2416 inconsiderate
1348 2390 1381 2416 in
1404 2397 1455 2416 res
1477 2396 1594 2422 παρη-9,·
1616 2387 1673 2414 sed
1693 2395 1761 2414 cum
1787 2386 1862 2414 nolu*
1884 2387 1944 2414 tiri

888 2444 997 2478 qraris
1017 2440 1215 2478 pulchrique.

272 2508 381 2537 Virum
413 2516 521 2537 amore
547 2513 670 2546 captum
708 2507 870 2540 describit.
935 2509 1102 2540 Pulchrum
1131 2514 1163 2538 et
1191 2508 1334 2547 perfecto
1361 2517 1493 2546 corpore
1521 2507 1697 2545 praeditum
1726 2518 1796 2537 eum
1828 2507 1940 2537 fuisse.

158 2569 299 2599 Iuvenes
338 2574 464 2600 teneros
493 2579 563 2600 cum
593 2579 679 2598 ramo
705 2570 789 2599 illins
818 2571 939 2601 arboris
968 2572 1049 2601 molli
1079 2571 1269 2609 comparari,
1299 2574 1362 2599 tum
1392 2570 1498 2599 relicta
1527 2576 1765 2609 comparatione
1793 2571 1938 2600 iuvenem

161 2631 300 2670 perfecto
329 2641 464 2672 corpore
490 2632 664 2672 praeditum
693 2632 865 2673 significari
892 2633 1087 2664 scholiastes
1115 2632 1290 2662 adnotavit.
1344 2633 1392 2662 De
1416 2632 1527 2662 arbore
1556 2634 1644 2662 Bau
1672 2633 1824 2670 (salice
1861 2634 1936 2662 Ae-
