2155 2892
872 100 1042 131 —430
1101 117 1141 124 —

120 210 231 232 vocem
259 198 390 239 :Quat
418 199 618 229 referendum
642 205 703 237 est,
730 200 814 239 quod
842 204 937 240 poeta
964 201 1089 230 nonnisi
1117 201 1209 230 metri
1238 206 1269 230 et.
1298 201 1539 233 homoioteleuti
1566 204 1688 234 ratione
1715 205 1832 236 ductus
1859 205 1918 236 ad·

122 266 272 304 posuisse
298 263 435 296 videtur,
490 264 539 293 De
567 264 696 293 vexillis
724 263 826 293 conf.
854 263 888 293 P.
920 263 951 293 1.
979 273 1008 303 p.
1040 262 1123 296 563.

122 365 152 391 2.
198 363 244 392 Et
265 365 297 391 in
320 372 354 391 eo
374 360 569 391 vitiumjnon
592 364 650 398 est,
674 362 739 389 nisi
760 361 844 399 qaod
861 369 942 397 qens
965 363 1033 389 eius
1056 362 1150 395 timet,
1174 365 1211 390 ut
1232 364 1293 390 rita
1318 364 1386 391 eius
1409 362 1503 399 lonqa
1524 365 1575 392 sit.

221 434 255 463 In
284 432 343 463 hoc
370 431 584 462 fortitudinem
612 431 681 460 eius
709 429 826 462 laudat.
859 431 992 459 Tantam
1021 439 1107 470 esse,
1137 435 1169 459 ut
1198 432 1290 460 morti
1317 440 1353 461 se
1378 437 1529 471 exponat.
1558 433 1675 463 Dicere
1703 436 1808 463 autem
1836 434 1917 473 vult,

120 496 308 536 Djahfarum
336 495 421 526 vitiis
449 495 579 524 liberum
599 503 686 533 esse,
715 503 798 533 nam,
826 492 909 531 quod
937 493 967 522 in
994 502 1095 522 versu
1122 494 1392 530 commemoravit,
1413 503 1473 523 non
1502 495 1614 525 vitium
1641 495 1700 525 sed
1728 496 1831 525 virtus
1859 504 1919 534 ap-

122 560 232 602 pellari
268 564 388 600 potest.
454 556 603 587 Ostendit
629 564 751 595 quoque
779 548 903 592 metus}
927 555 1029 584 virum
1058 555 1145 594 genti
1170 564 1249 584 suae
1278 555 1476 585 carissimum
1505 566 1591 586 esse.
1645 557 1788 587 Similem
1815 562 1920 586 autem

122 623 267 663 loquendi
294 621 420 652 modum
456 621 485 649 in
511 629 611 649 versu
639 620 732 648 Ham.
759 627 789 657 p.
816 616 851 646 ⁸³²5
879 616 978 649 schol.
1006 617 1024 646 l.
1054 617 1085 646 2.
1113 617 1183 646 infr.
1211 615 1376 659 (conferas
1404 619 1497 649 Ham.
1525 630 1557 649 ov
1585 620 1603 649 l.
1622 620 1653 650 6.
1681 619 1766 662 infr.)
1794 620 1919 649 inveni-

121 696 203 717 muS.
256 686 331 716 Vox
357 684 394 721 la,
423 688 456 713 ut
483 683 513 712 in
544 682 652 712 verbis
679 682 770 722 2⁵>ss
799 680 822 708 la
844 683 912 724 5425..
953 690 971 710 a
998 680 1102 719 poetis
1132 680 1223 710 modo
1251 681 1449 720 pleonastico
1478 683 1558 712 inter
1585 682 1664 712 duas
1692 691 1792 712 voces
1819 690 1919 720 saepe

125 749 230 789 posita
256 753 308 777 est
334 747 416 777 conf.
446 747 538 776 Ham.
566 756 596 785 p.
624 748 676 785 t‘w,
707 746 760 775 m‘t
789 744 859 774 infr.
887 749 950 774 etc.

901 839 1150 873 cxxxn.

795 906 1024 942 Alius
1067 903 1279 938 «lixit.

82 983 88 989 '
122 984 149 1011 1.
196 982 265 1019 qu
288 983 320 1010 in
343 990 386 1011 eo.
411 980 496 1018 qaod
515 980 638 1008 domam
663 981 749 1007 tuam
768 978 879 1016 fagis,
912 977 943 1004 ei
960 975 1074 1004 similis
1102 984 1188 1010 sam,
1220 975 1275 1012 qai
1292 976 1400 1011 potum
1424 973 1633 1002 abundantem
1656 972 1735 1000 vidit
1746 981 1758 1009 ς
1780 972 1838 1000 sed
1857 980 1920 1000 noa

980 1029 1061 1058 bibit.

219 1105 347 1135 Versus
377 1112 477 1133 sensu
505 1101 605 1141 primo
632 1100 770 1141 paginae
798 1099 908 1129 versui
935 1098 1047 1128 similis
1075 1101 1137 1129 est.
1183 1097 1289 1126 Voces
1316 1096 1374 1135 &4⁵
1402 1100 1435 1126 et
1457 1108 1507 1140 ὁ)
1535 1094 1658 1124 nomina
1684 1094 1818 1124 actionis
1846 1097 1920 1124 sunt

123 1174 271 1207 tanquam
297 1166 422 1196 nomina
450 1164 601 1204 adhibita,
630 1168 664 1193 ut
692 1172 786 1194 unum
813 1162 904 1192 alteri
934 1161 1004 1191 loco
1033 1159 1243 1200 adpositionis
1271 1162 1325 1190 sit.

122 1267 153 1295 2.
198 1264 324 1302 Aquam
343 1263 496 1301 friqidam
518 1261 608 1295 videt,
633 1270 652 1289 a
676 1270 739 1298 qua
759 1259 934 1297 propulsas
956 1261 1005 1287 est
1032 1261 1063 1286 et
1083 1257 1208 1285 hortum
1228 1257 1382 1295 frigidum
1406 1255 1469 1285 alto
1491 1255 1551 1293 die,
1573 1256 1670 1283 ramis
1693 1254 1802 1284 mullis
1822 1263 1922 1292 prae-

902 1314 968 1342 dita
1000 1312 1140 1350 vespera.

219 1390 253 1419 In
281 1396 399 1417 versus
427 1386 531 1426 priore
560 1390 651 1425 parte
678 1385 708 1415 in
736 1384 984 1424 comparatione,
1012 1391 1072 1422 qua
1099 1380 1247 1410 seminam
1268 1383 1404 1409 amatam
1424 1388 1495 1409 cum
1514 1388 1597 1419 aqua
1623 1379 1769 1416 contulit,
1790 1383 1916 1415 manet3

122 1453 151 1481 in
179 1450 359 1491 posteriore
396 1458 466 1478 eam
494 1457 566 1478 cum
594 1448 684 1478 horto
713 1447 822 1476 umbra
848 1445 1026 1476 delectante
1053 1447 1227 1482 comparat.
1282 1442 1382 1472 Poeta
1411 1441 1537 1471 domum
1565 1440 1701 1470 feminae
1728 1444 1853 1471 amatae
1880 1441 1920 1470 ob

121 1513 330 1544 hostilitatem
358 1510 495 1540 familiae
524 1510 639 1551 fugere
666 1509 804 1549 videtur,
822 1513 865 1546 ut,
882 1512 1029 1548 tanquam
1056 1506 1199 1536 camelus
1226 1505 1340 1534 sitiens
1367 1505 1405 1533 ab
1432 1513 1525 1543 aqua,
1543 1503 1615 1533 inde
1643 1503 1830 1544 depellatur,
1850 1513 1921 1533 nam

120 1576 250 1605 verbum
275 1572 327 1601 oli>
356 1572 438 1602 hanc
466 1572 592 1611 proprie
626 1571 891 1612 significationem
929 1569 1025 1600 habet
1060 1568 1168 1598 conf.
1197 1568 1290 1597 Ham.
1326 1577 1355 1606 p.
1384 1569 1426 1597 *ΠΛ
1454 1577 1485 1596 v.
1514 1566 1536 1596 3
1565 1575 1613 1605 sq.
1669 1566 1777 1595 Voccs
1807 1566 1849 1593 :la
1876 1572 1920 1609 ³5?

123 1635 191 1680 (p.
224 1631 353 1677 622.)
391 1634 526 1674 frigus
554 1642 684 1672 aquae
712 1643 769 1672 pro
798 1631 856 1678 lost?
876 1633 931 1661 tela
958 1642 1101 1673 aquam
1129 1629 1332 1672 frigidam
1360 1629 1483 1669 poetice
1511 1628 1613 1659 dictae
1640 1631 1721 1657 sunt.

905 1751 1155 1786 cxxxnl.

780 1819 1006 1854 Alius
1046 1815 1269 1855 dixin.

127 1893 154 1921 Ι.
202 1892 302 1921 Ambo
327 1902 380 1921 ros
404 1893 447 1921 ad
465 1895 589 1929 yentem
611 1891 673 1919 loci
694 1890 869 1927 Alylmdlm
892 1893 1034 1925 transite,
1063 1897 1136 1916 nam
1165 1889 1198 1914 ιή
1226 1886 1293 1914 loco
1330 1883 1498 1921 Alylmdlm
1519 1882 1630 1911 molles
1651 1880 1822 1924 (puellae)
1844 1888 1924 1913 sunt

461 1946 616 1976 caeruleis
645 1945 747 1974 oculis
779 1945 867 1972 Imm!
883 1945 1063 1981 praeditae,
1087 1941 1273 1978 lippitudine
1296 1940 1384 1968 liam!
1402 1939 1589 1967 laborantes.

224 2017 316 2046 More
343 2023 508 2055 poetarum
535 2016 614 2046 duos
643 2015 749 2045 socios
780 2016 949 2052 alloquitur
977 2012 1087 2043 conf.
1104 2011 1198 2041 Ham.
1225 2012 1255 2039 tri
1284 2019 1315 2038 v.
1334 2009 1365 2038 5.
1391 2010 1423 2037 tat
1444 2017 1475 2036 v.
1498 2007 1528 2036 1.
1555 2001 1792 2037 Amru-l’Kaisi
1814 2008 1921 2037 Moall.

129 2089 160 2108 v.
193 2079 221 2111 l.
251 2079 455 2109 Scholiastae
472 2089 537 2109 vox
556 2079 641 2126 &3353
662 2078 882 2118 splendentem
911 2081 1017 2106 cutem
1045 2074 1224 2111 habentem,
1249 2071 1332 2111 quod
1359 2071 1532 2100 iuventutis
1548 2070 1675 2109 signum
1697 2075 1760 2109 est,
1777 2069 1924 2110 designat

125 2146 158 2171 et
185 2150 255 2171 cum
283 2142 343 2171 hac
369 2141 607 2182 significatione
635 2141 765 2180 vaporis
793 2139 955 2170 meridiani
982 2142 1088 2167 motus
1117 2142 1149 2167 et
1175 2144 1276 2174 aquae
1303 2134 1415 2163 similis
1442 2131 1594 2171 splendor
1611 2130 1734 2176 (alp)
1758 2130 1918 2160 cohaeret.

124 2202 283 2232 Arabibus
312 2202 394 2243 nigri
422 2202 501 2232 oculi
530 2202 699 2232 laudantur
738 2201 867 2239 (conf.
895 2202 989 2230 Ham.
1018 2201 1065 2229 0⁶10
1092 2199 1162 2229 infr.
1190 2199 1234 2227 05⁴¹
1262 2207 1293 2226 v.
1323 2197 1353 2226 2.
1408 2195 1560 2225 Caerulei
1591 2195 1671 2224 oculi
1699 2193 1835 2224 Graecis
1863 2193 1921 2222 tri-

125 2265 282 2304 buuntur,
314 2264 396 2294 oculi
424 2268 543 2304 autem,
572 2265 624 2303 qui
652 2263 835 2302 lippitudine
862 2263 1017 2302 laborant,
1048 2261 1132 2291 foedi
1161 2265 1246 2290 suut.
1273 2259 1357 2289 Sunt
1383 2264 1503 2296 autem,
1533 2258 1585 2296 qui
1612 2266 1694 2287 voce
1716 2252 1796 2301 23)ss
1823 2264 1922 2293 aquas

126 2326 270 2366 limpidas
299 2326 476 2367 significari
502 2330 632 2366 putent,
664 2330 699 2355 ut
725 2335 791 2354 vox
818 2337 881 2372 ὀύ
899 2334 995 2364 puras
1024 2333 1125 2363 aquas
1147 2329 1178 2353 et
1207 2333 1271 2352 vox
1299 2327 1362 2365 ow)
1390 2322 1532 2351 turbidas
1560 2320 1720 2360 designet.
1746 2320 1786 2348 Hi
1817 2324 1923 2348 autern

126 2400 144 2420 a
171 2399 250 2419 vero
278 2390 405 2430 longius
439 2389 609 2418 aberrasse
636 2388 806 2426 videntur,
842 2397 911 2416 nam
940 2387 1017 2416 alter
1046 2385 1242 2426 intelligendi
1271 2384 1380 2415 modus
1409 2389 1471 2414 tam
1498 2383 1668 2413 verborum
1695 2381 1920 2422 significationi

126 2463 218 2493 quam
246 2458 450 2494 argumento,
478 2452 562 2493 quod
590 2453 618 2482 in
648 2452 754 2491 capite
782 2455 947 2486 tractatur,
977 2448 1080 2489 magis
1109 2448 1270 2477 convenit.

127 2527 159 2554 2.
206 2526 326 2554 Parum
355 2525 481 2563 aberat,
504 2526 580 2562 quin
601 2527 754 2554 matutino
778 2525 925 2553 tristitiae
947 2525 1083 2558 tempore
1106 2530 1242 2549 amorem
1265 2520 1458 2549 ostenderem
1479 2522 1509 2547 et
1522 2520 1582 2546 iam
1607 2517 1668 2544 tici
1687 2524 1823 2544 amorem
1844 2525 1922 2552 per-

868 2577 986 2606 vadens
1013 2575 1183 2612 datusque.
