2155 2892
874 113 1141 144 —350—

919 270 1085 304 xmx.

855 349 998 384 Alius
1019 349 1155 385 dixit.

121 424 147 452 1.
192 422 295 458 Quum
319 421 354 450 ob
377 431 457 459 eam,
481 430 573 459 quam
601 429 705 454 amas,
734 428 835 457 neque
856 421 1013 456 separatio
1036 422 1201 458 utriusque
1221 422 1322 458 partis
1343 425 1372 450 te
1395 421 1587 457 consolatur,
1612 430 1712 459 neque
1735 421 1892 458 longitudo

777 475 878 502 mutui
893 483 1044 502 occursus
1066 477 1095 502 te
1116 478 1221 512 sanat,

114 558 145 586 2.
188 555 273 584 Num
296 557 330 584 tu
351 554 434 582 alius
456 563 504 591 es,
526 555 589 581 nisi
610 554 650 589 is,
673 553 728 590 qui
749 554 924 580 eoetremum
947 553 1027 580 vitae
1048 554 1193 589 spiritum
1212 562 1270 589 pro
1294 554 1416 582 animae
1437 555 1603 591 sanquine,
1628 562 1709 591 quae
1731 553 1892 581 decessum

115 609 182 650 (11-
208 607 331 648 5ῗ1.)
696 606 780 635 clare
801 607 961 642 indicarit,
985 607 1178 634 commodare
1200 606 1289 634 vult?

225 679 271 709 Se
304 679 406 718 ipsum
442 676 668 717 querimoniam
696 675 735 704 de
764 679 848 705 statu
875 684 933 705 suo
960 675 1080 704 iactans
1106 675 1285 714 alloquitur.
1339 675 1426 705 Talis
1455 681 1504 706 est
1529 677 1645 707 amoris
1672 680 1720 708 sui
1747 677 1892 724 conditio²

115 746 149 772 ut
182 742 265 771 nulla
298 750 331 770 re
367 745 422 770 aut
448 741 590 769 solamen
617 739 750 778 accipiat
776 742 832 767 aut
859 741 998 766 sanetur.
1051 736 1126 765 Non
1153 745 1251 775 posse
1278 746 1339 766 non
1366 737 1466 776 ipsum
1492 738 1619 769 interire
1682 739 1761 770 Cum
1790 749 1828 769 eo
1855 750 1893 770 se

114 803 320 843 comparavit,
338 803 388 841 qui
404 802 496 832 morti
521 801 712 842 propinquus
739 805 915 830 extremum
942 799 1072 829 halitum
1100 798 1203 828 effuso
1222 800 1379 840 sanguine
1407 799 1509 830 cordis
1526 800 1620 831 ducit.
1649 802 1770 832 Vocem
1793 805 1892 841 ἐἰξψ

112 866 303 897 scholiastes
333 865 531 895 Mersukium
557 872 697 902 sequens
734 862 868 892 vocibus
895 858 994 902 wie-all
1028 858 1138 889 uasti>
1169 870 1300 900 »purum
1327 862 1470 892 animae«
1500 863 1519 891 i.
1545 873 1573 894 e.
1601 865 1704 894 anima
1730 865 1811 904 ipsa,
1838 866 1890 894 cui

114 928 155 958 nil
181 928 276 958 alieni
304 926 471 956 admixtum
499 931 562 962 est,
609 925 805 965 explicavit3
834 923 892 954 sed
922 924 996 954 mihi
1023 923 1188 964 sanguinis
1215 923 1333 964 cordis,
1361 934 1443 965 quae
1470 925 1593 955 animae
1621 925 1790 965 peculiaris
1819 935 1892 966 pars

115 993 254 1030 putatur,
283 988 475 1030 significatio
505 989 609 1029 magis
637 987 749 1026 placet.

972 1119 1023 1153 L.

371 1197 693 1233 Anba-Anah
718 1197 757 1231 Ι).
780 1197 1112 1232 Altlomainah
1135 1198 1476 1234 Chatsahmita
1498 1199 1630 1234 dixit.

799 1267 922 1309 (conf,
948 1269 1040 1299 Ham.
1068 1279 1099 1309 p.
1126 1271 1204 1310 00⁴1.)

116 1344 144 1372 1.
190 1342 269 1373 Ah!
288 1353 304 1372 o
326 1343 464 1382 zephyre
492 1345 631 1381 reqiom's
651 1341 780 1380 Nedjd!
809 1340 941 1377 Quando
963 1351 979 1370 e
1000 1343 1127 1379 reqiane
1148 1342 1256 1380 Nedjd
1275 1344 1416 1383 advenis,
1436 1344 1598 1383 profecto!
1627 1348 1686 1375 iter
1704 1350 1791 1376 tuum
1812 1355 1891 1376 noc-

626 1399 754 1425 turnum
778 1404 914 1424 amorem
936 1404 1037 1424 meum
1058 1396 1254 1426 vehementer
1275 1402 1377 1436 auget.

231 1468 332 1498 Poeta
355 1467 423 1497 sine
450 1466 543 1497 dubio
570 1467 600 1496 in
629 1466 757 1508 regione
783 1465 891 1505 Nedjd
918 1465 1062 1496 feminam
1092 1466 1130 1496 ab
1157 1466 1226 1505 ipso
1254 1472 1387 1498 amatam
1418 1469 1597 1510 reliquerat.
1658 1470 1762 1501 Huius
1789 1475 1892 1502 autem

120 1531 338 1562 recordatione
365 1530 435 1560 eius
463 1539 550 1560 amor
577 1531 764 1571 augebatur.
793 1529 949 1570 Regionis
964 1529 1082 1570 Nedjd,
1102 1530 1153 1560 ubi
1180 1530 1232 1561 illa
1258 1531 1520 1569 commorabatur,
1547 1532 1708 1572 zephyrus
1736 1533 1806 1564 inde
1833 1534 1893 1564 ad-

117 1595 249 1625 veniens
282 1595 311 1623 in
338 1596 521 1623 memoriam
557 1599 783 1624 revocaverat.
853 1593 950 1623 Modo
977 1595 1071 1635 igitur
1108 1600 1271 1634 poetarum
1299 1593 1442 1632 zephyro
1469 1598 1616 1633 tanquam
1644 1605 1801 1635 personae
1828 1607 1894 1627 rem

118 1662 235 1687 narrat.
289 1657 376 1686 Num
409 1655 570 1695 zephyrus
608 1656 709 1686 noctis
744 1660 887 1695 tempore
913 1654 993 1695 flet,
1020 1665 1059 1686 an
1085 1657 1156 1686 voci
1185 1654 1257 1699 551...ae
1283 1654 1403 1685 itineris
1429 1655 1621 1696 significatio
1649 1657 1806 1698 generalis
1835 1659 1894 1688 tri-

117 1718 240 1749 buenda
266 1718 318 1755 sit,
346 1717 517 1747 diiudicare
542 1717 625 1747 haud
652 1728 795 1757 possum.
848 1718 897 1747 De
923 1717 1013 1746 vocis
1039 1723 1097 1758 ἐκ·
1122 1717 1155 1746 vi
1182 1722 1215 1747 et
1242 1716 1475 1758 significatione
1502 1717 1605 1747 conf.
1634 1717 1745 1749 Gram.
1773 1719 1827 1750 Ar.
1854 1719 1891 1748 T.

119 1781 132 1809 1
158 1790 188 1819 p.
220 1780 299 1811 185.
355 1780 403 1809 Ex
429 1779 677 1810 homoioteleuto
707 1779 820 1820 prioris
849 1778 1034 1810 hemistichii
1061 1779 1180 1810 initium
1207 1780 1352 1810 carminis
1380 1781 1591 1820 cognoscitur.

122 1891 153 1920 2.
197 1890 292 1923 Num,
317 1889 401 1927 quod
416 1888 578 1926 palumbes
600 1889 782 1927 splendente
802 1892 867 1921 sole
885 1893 918 1920 in
940 1901 1026 1920 ramo
1049 1894 1173 1920 recente
1194 1891 1315 1920 arboris
1338 1891 1457 1921 Rand
1476 1900 1576 1920 vocem
1597 1891 1735 1925 ediderit,

189 1958 223 1987 ln
251 1957 310 1986 hoc
336 1965 446 1996 versu,
474 1957 564 1987 cuius
591 1966 706 1987 sensus
733 1959 853 1989 nonnisi
880 1965 1037 2000 sequente
1064 1960 1170 1991 addito
1197 1960 1413 2002 cognoscitur,
1433 1960 1462 1990 in
1489 1960 1692 1990 describendo
1719 1966 1806 1992 statu
1831 1972 1891 1992 suo

121 2019 226 2060 pergit
242 2024 274 2048 et
292 2028 329 2048 se
345 2021 449 2058 ipsum
464 2024 518 2049 aut
533 2019 688 2050 admirans
704 2026 758 2051 aut
778 2022 962 2061 vituperans
990 2023 1165 2062 alloquitur.
1193 2024 1226 2053 In
1255 2023 1325 2053 loco
1340 2024 1431 2053 Ham.
1445 2032 1474 2062 p.
1490 2024 1537 2052 οΊν
1563 2023 1740 2054 audivimus
1768 2031 1894 2064 poetam

122 2081 288 2120 dicentem,
314 2072 456 2110 'dolorem
482 2090 574 2111 suum
602 2083 720 2123 gemitu
748 2084 902 2123 palumbis
933 2084 1034 2114 denuo
1061 2085 1235 2115 excitatum
1262 2093 1345 2114 esse.
1374 2083 1481 2114 conf.
1509 2084 1602 2114 Ham.
1630 2083 1678 2114 ‘11²1‘
1704 2085 1722 2114 l.
1752 2086 1808 2116 20.
1836 2087 1892 2116 Sic

121 2152 244 2182 quoque
272 2146 390 2172 noster.
429 2142 632 2181 Adjectivum
661 2141 738 2188 ὦ»,
765 2146 968 2176 substantivo
993 2145 1097 2177 'aial-⁴>
1124 2149 1255 2186 omisso,
1283 2146 1366 2185 apud
1394 2151 1505 2185 poetas
1534 2146 1708 2185 palumbem
1734 2147 1893 2189 designat,

125 2203 240 2243 quippe
267 2202 357 2232 cuius
385 2201 470 2231 color
498 2202 607 2233 fuscus
633 2204 685 2234 sit.
749 2205 871 2236 Vocem
905 2206 1017 2236 Rand
1045 2208 1189 2238 arborem
1216 2208 1295 2238 bene
1321 2207 1456 2237 olentem
1482 2207 1661 2249 significare
1686 2212 1804 2238 certum
1832 2214 1892 2249 est,

123 2267 284 2296 cuiusnam
302 2265 433 2306 generis
459 2265 512 2304 sit,
539 2273 600 2293 non
628 2270 763 2296 constat.

124 2376 157 2404 3.
200 2375 348 2410 Plorasti,
373 2377 458 2403 sicut
476 2383 556 2411 puer
575 2373 680 2411 plorat
699 2377 730 2403 et
747 2375 862 2412 fortem
883 2379 912 2405 te
941 2385 1004 2405 non
1029 2379 1161 2414 yessisli
1180 2381 1210 2407 et
1236 2378 1447 2416 manifestasti
1467 2378 1549 2416 quod
1568 2380 1660 2406 antea
1681 2376 1768 2405 haud
1786 2380 1892 2405 mani-

937 2431 1100 2468 fes-tabas?

241 2498 286 2529 Se
312 2508 384 2529 cum
413 2507 523 2537 puer0‚
550 2498 638 2528 cuius
667 2501 693 2529 si
718 2500 873 2530 voluntati
899 2500 981 2531 haud
1008 2501 1209 2532 satisfactum
1236 2506 1298 2542 est,
1327 2501 1470 2541 plorante
1497 2502 1637 2535 contulit.
1689 2502 1768 2532 Tum
1796 2513 1890 2542 prae-

128 2560 211 2590 teriti
237 2561 389 2600 temporis
416 2560 530 2600 agendi
559 2561 708 2592 rationem
737 2562 898 2601 praesenti
924 2563 1062 2603 opponit.
