2155 2892
885 170 1155 201 —585—

107 274 176 306 aliis
203 283 336 316 magnas
362 272 522 314 designat.
574 272 649 303 Vox
674 259 724 306 Σὲ
750 280 899 311 magnam
927 279 1029 310 aquae
1057 270 1170 300 molem
1198 269 1371 310 designat,
1400 274 1433 299 ut
1461 268 1590 308 pluralis
1618 268 1719 299 undas
1747 268 1898 308 copiosas

108 337 204 368 maris
232 336 380 376 profundi
405 334 577 377 significet.

107 434 139 463 3.
183 434 229 464 E!
249 444 284 463 os
303 436 460 470 iuteyrum
480 431 515 461 ob
537 431 721 468 dignitatem
744 439 805 458 non
826 430 1008 468 sranyimus
1032 431 1062 457 e!
1081 431 1215 464 palrono
1244 424 1402 468 (cliente)
1433 438 1541 457 carere
1569 438 1738 464 possumus
1769 431 1800 456 et
1825 430 1897 463 sru-

867 487 949 511 ctum
973 491 1134 511 sumimus.

210 555 340 585 Modum
369 553 486 596 agendi
513 553 542 583 in
569 553 658 583 donis
685 552 796 583 dandis
821 557 851 582 et
878 553 947 582 aliis
976 550 1164 581 adiuvandis
1191 551 1351 582 describit.
1404 551 1594 581 Liberalitas
1623 553 1762 582 Arabum
1793 553 1897 592 potis-

110 617 225 648 simum
253 618 282 647 in
309 617 437 648 camelis
465 616 642 647 mactandis
670 617 877 656 cernebatur,
905 624 1036 655 quorum
1064 622 1176 644 carnes
1207 614 1285 642 inter
1313 622 1434 653 egenos
1462 613 1700 644 distribuebant.
1761 616 1806 644 Se
1839 626 1898 646 non

111 690 211 720 parva
238 682 342 710 carnis
370 684 539 720 segmenta
567 679 707 719 fecisse,
750 684 783 709 ut
819 688 895 709 ossa
932 678 1171 718 frangerentur,
1199 676 1275 706 dicit
1340 678 1478 707 Causam
1508 676 1601 705 liuius
1629 678 1672 707 rei
1703 678 1788 708 addit
1817 688 1898 709 voce

111 741 199 790 55²³>
228 746 375 782 poterant
402 742 493 782 enim,
521 742 548 771 si
577 742 667 772 aliter
694 741 862 782 fecissent,
889 741 1046 771 avaritiae
1074 742 1229 769 accusari.
1267 739 1469 768 Selioliastes
1498 749 1611 769 nomen
1638 741 1770 770 actionis
1801 741 1898 771 statui

110 803 319 834 describendo
348 804 501 834 inservire
534 803 628 842 dicit,
670 809 703 834 ut
741 813 796 843 pro
824 808 953 851 &DQ
978 803 1029 832 sit.
1084 802 1145 832 Alii
1181 807 1287 832 autem
1315 812 1446 832 sensum
1474 802 1582 832 inesse
1612 803 1739 840 volunt,
1767 813 1803 833 se
1831 806 1898 834 aliis

110 866 172 895 vim
199 875 260 895 non
292 866 418 904 inferre,
446 871 480 896 ut
507 865 728 905 deprimantur.
768 864 863 895 Addit
891 874 996 904 porro,
1024 873 1059 894 se
1088 864 1232 894 clientem
1261 869 1315 894 aut
1343 870 1520 904 patronum,
1549 874 1619 894 nam
1647 867 1770 896 utravis
1798 867 1898 908 signi-

111 926 218 956 ficatio
248 927 318 956 voci
346 926 407 968 μὲν
434 932 494 964 est,
510 928 540 956 in
568 936 660 956 suum
689 927 884 957 commodum
913 936 950 956 se
978 935 1038 955 non
1065 926 1234 957 adbibere:
1262 925 1319 955 sed
1349 926 1506 956 infelicem
1532 936 1591 956 suo
1622 928 1738 957 auxilio
1765 935 1900 959 susten-

74 996 78 998 *
111 991 190 1016 tare.
243 987 404 1017 Infelicem
432 992 538 1018 autem
566 997 636 1018 cum
663 997 712 1028 eo,
741 988 791 1027 qni
820 987 951 1019 fractum
979 997 1016 1017 os
1044 988 1150 1027 habet,
1179 993 1274 1027 poeta
1301 989 1510 1028 comparavit.

111 1085 142 1114 4.
187 1085 277 1115 Erae
294 1086 378 1124 filios
400 1087 493 1116 lande
514 1090 545 1116 et
563 1089 746 1125 principatu
769 1089 900 1116 vicimus
906 1097 918 1119 ;
939 1087 997 1115 sed
1017 1091 1139 1125 tempus
1160 1090 1285 1116 vincere
1312 1097 1375 1116 mm
1395 1090 1564 1125 potuimus.

213 1154 258 1185 Se
286 1161 360 1186 ante
387 1165 498 1187 omnes
527 1156 671 1187 homines
701 1156 801 1197 gloria
829 1157 1000 1196 excellcre,
1029 1162 1063 1186 ut
1089 1157 1202 1186 nemini
1231 1156 1357 1196 cedant,
1385 1157 1471 1187 dicit.
1497 1159 1646 1197 'rempori
1674 1163 1778 1189 autem
1806 1169 1900 1200 quum

117 1218 360 1256 potentissimus
386 1220 518 1260 quisque
544 1220 712 1250 subiectus
740 1222 792 1260 sit,
820 1220 858 1250 ab
885 1229 923 1250 eo
952 1229 989 1249 se
1016 1219 1100 1249 vinci
1127 1228 1202 1249 eon
1214 1219 1234 1248 f.
1263 1219 1360 1249 Meid.
1389 1220 1492 1250 'l'.111.
1523 1220 1555 1249 l’.
1572 1221 1603 1250 2.
1633 1230 1662 1260 p.
1686 1221 1752 1251 138
1768 1231 1818 1262 sq.

942 1315 1089 1348 111'11.

574 1380 742 1422 norun·
771 1381 810 1414 Ιι.
835 1381 1032 1423 HaJJali
1065 1380 1276 1414 Antis-ita
1308 1379 1445 1414 «lixit.

120 1447 148 1475 1.
193 1447 342 1476 Alienum
364 1457 475 1484 meum,
497 1452 665 1487 poslqmrm
688 1459 802 1478 carnes
825 1454 930 1479 coctae
952 1453 1041 1487 smel,
1065 1450 1100 1478 nh
1121 1452 1284 1478 tii-aritium
1306 1458 1368 1478 non
1391 1459 1513 1487 semper
1535 1452 1687 1479 intactum
1710 1453 1789 1481 sino.

219 1516 456 1547 Liberalitatem
483 1527 574 1548 suam
602 1518 764 1548 describit.
791 1520 927 1559 Arabes,
956 1519 1102 1558 quamdiu
1130 1519 1264 1549 ahenum
1292 1519 1321 1548 in
1348 1519 1422 1560 igne
1449 1528 1547 1558 super
1580 1520 1756 1559 tripodibus
1789 1522 1907 1561 stabat,

117 1578 158 1608 nil
185 1579 311 1609 haurire
336 1580 493 1610 solebant.
546 1581 645 1611 Avari
675 1582 773 1622 igitur
799 1586 878 1621 erat,
909 1581 1042 1612 alienum
1072 1581 1123 1611 diu
1151 1582 1180 1610 in
1208 1581 1282 1621 igne
1309 1581 1486 1620 relinquere
1511 1582 1612 1611 coctis
1640 1584 1800 1613 carnibus.
1829 1584 1908 1614 Post

119 1641 252 1671 verbnm
281 1639 344 1687 „ol
372 1642 558 1682 suppleatur
579 1640 646 1688 2&
674 1641 743 1690 615:
773 1644 820 1682 (in
848 1644 952 1685 igne).
1015 1644 1115 1674 Poeta
1141 1647 1247 1673 autem
1275 1642 1416 1683 tripodes
1443 1645 1533 1683 quasi
1561 1654 1672 1675 carnes
1700 1645 1910 1677 defendentes

120 1702 278 1736 describit.

121 1800 152 1829 2.
196 1800 305 1828 Donec
327 1801 369 1839 id,
393 1801 477 1838 quod
498 1803 644 1838 continet,
666 1803 739 1831 dum
762 1802 900 1838 amplum
924 1804 980 1835 est,
1005 1803 1087 1830 inter
1108 1801 1218 1839 plures
1241 1802 1441 1831 distribuitur
1463 1805 1493 1830 et
1511 1805 1622 1839 pelen-s·
1643 1804 1701 1832 sub
1723 1807 1814 1832 nocte
1837 1804 1914 1832 ‹lm-e

892 1865 955 1884 non
978 1859 1143 1885 tractatur.

239 1923 300 1953 Hic
326 1933 444 1953 versus
471 1924 502 1953 in
530 1925 686 1955 Mersnkii
713 1925 820 1955 codice
847 1925 1058 1955 desideratur.
1112 1925 1259 1955 Alienum
1287 1925 1482 1956 distribuitur
1511 1927 1529 1958 i.
1557 1936 1585 1958 e.
1614 1935 1747 1966 carnes,
1775 1935 1857 1964 qnae
1885 1925 1914 1955 in

125 1984 226 2014 alieno
253 1990 336 2016 sunt.
364 1986 406 2016 Ut
433 1992 538 2018 autem
568 1988 681 2018 multas
709 1997 822 2018 carnes
851 1987 990 2018 distribui
1018 1986 1145 2027 indicet,
1173 1987 1308 2017 alienum
1339 1988 1472 2026 amplum
1501 1998 1577 2018 esse
1605 1987 1691 2017 dicit.
1721 1987 1915 2027 Quamquam

124 2056 187 2076 nox
216 2047 294 2077 dure
321 2049 475 2079 tractandi
504 2050 627 2080 modum
656 2050 844 2087 occultaret,
881 2056 914 2080 ut
941 2050 1114 2080 videntium
1143 2049 1367 2087 vituperationi
1395 2049 1533 2088 expositi
1561 2058 1623 2078 uon
1652 2054 1785 2090 essent,
1811 2055 1917 2079 tamen

124 2118 173 2149 se,
201 2118 292 2148 quum
313 2120 480 2141 avarorum
499 2112 577 2142 ratio
597 2112 650 2152 sit,
665 2112 709 2141 ita
729 2120 789 2140 non
809 2121 917 2153 agere.
947 2112 1106 2142 Suffixum
1133 2116 1163 2143 in
1192 2122 1273 2143 voce
1293 2109 1375 2152 QG:
1404 2113 1444 2142 ad
1470 2114 1606 2143 alienum
1635 2112 1835 2143 referendum
1855 2118 1916 2141 est.

126 2207 158 2235 3.
208 2206 362 2240 Vicinam,
386 2217 481 2245 quum
502 2210 634 2245 propius
657 2211 787 2241 accedit.
813 2209 850 2237 ab
875 2209 984 2245 opibus
1007 2218 1069 2236 ηοη
1092 2211 1208 2237 retineo
1233 2212 1264 2236 el
1284 2210 1317 2237 ιἰῑ
1337 2211 1431 2245 qenle
1453 2218 1520 2236 enm
1543 2217 1606 2236 non
1629 2208 1749 2246 adficio.

238 2276 325 2316 Erga
358 2278 490 2306 vicinam
525 2276 640 2317 agendi
670 2278 822 2307 rationem
849 2287 940 2307 suam
969 2277 1085 2307 laudat.
1139 2278 1184 2307 Se
1212 2287 1279 2307 eam
1307 2286 1401 2317 opum
1431 2286 1560 2306 suarum
1590 2276 1773 2315 participem
1801 2274 1918 2312 facere,

133 2342 165 2366 ut
195 2338 232 2366 iis
257 2337 298 2367 uti
324 2337 437 2376 possit.
465 2337 545 2366 Tum
573 2347 610 2368 se
637 2348 746 2368 eorum
776 2339 928 2368 rationem
957 2348 1017 2368 non
1038 2339 1140 2378 sequi,
1157 2341 1219 2378 qui,
1247 2339 1273 2368 si
1302 2340 1330 2368 in
1358 2338 1514 2377 quendam
1542 2337 1696 2367 beneficia
1719 2337 1920 2379 contulerint,

131 2409 202 2428 eum
231 2398 310 2428 lianc
339 2399 378 2428 ob
403 2408 529 2428 causam
558 2401 749 2430 contumelia
777 2400 918 2430 adlicere
944 2410 1040 2440 posse
1068 2407 1190 2440 putent.
1228 2401 1430 2431 Sclioliastes
1459 2400 1595 2429 litteram
1620 2399 1695 2437 Alis,
1723 2399 1785 2438 qua
1812 2399 1916 2429 addita

130 2469 148 2488 e
177 2460 273 2499 prima
300 2460 389 2490 verbi
418 2460 520 2490 forma
547 2468 658 2500 quarta
686 2462 729 2501 fit,
756 2460 838 2501 „pla-‘l
867 2461 932 2495 „All
961 2464 1144 2502 appellavit,
1173 2473 1263 2503 quum
1293 2466 1413 2502 primae
1441 2462 1561 2491 formae
1588 2461 1780 2502 significatio
1800 2462 1919 2491 intran—

131 2521 228 2551 sitiva
255 2521 284 2550 in
311 2523 442 2551 alteram
472 2532 650 2561 personam,
680 2530 713 2554 ut
741 2525 911 2555 transitiva
941 2524 1008 2565 fiat,
1036 2526 1258 2555 transferatur.
1301 2524 1454 2562 Quartam
1483 2523 1614 2552 formam
1643 2528 1695 2552 aut
1723 2523 1817 2553 vilem
1847 2523 1922 2553 red-

132 2581 223 2611 dendi
250 2588 306 2612 ant
333 2583 504 2623 efficiendi,
532 2589 565 2614 ut
592 2586 742 2625 erubeat‚
778 2585 1043 2626 significationem
1070 2587 1187 2616 habere
1216 2596 1325 2625 posse,
1354 2586 1469 2625 quippe
1500 2590 1633 2623 utraque
1662 2583 1854 2624 significatio
1884 2585 1923 2615 ad

135 2642 266 2673 eundern
293 2644 386 2674 finem
415 2645 533 2676 redeat.
