2155 2892
922 189 1144 220 „2-

147 302 257 331 nempe
293 289 538 320 Banu-Risam
578 294 610 319 et
645 289 863 319 Banu-Balal
898 289 1017 328 captivi
1051 289 1126 319 facti
1153 293 1254 319 erant.
1308 288 1430 327 Quibus
1466 297 1557 328 quum
1589 289 1764 320 ulciscendi
1792 290 1932 321 officium

148 357 246 394 esset,
276 356 377 383 utrum
406 362 462 382 eos
486 353 555 382 vitii
581 352 642 382 frui
669 352 810 381 sinerent
837 361 875 381 an
902 350 1097 392 occiderent,
1129 351 1325 384 dissensere.
1377 351 1427 381 Re
1456 361 1494 381 eo
1522 351 1669 392 adducta,
1698 356 1733 382 ut
1759 353 1798 382 ad
1825 362 1932 383 manus

146 420 275 445 ventum
308 419 410 456 esset,
437 424 519 455 gens
546 413 784 450 Banu-Balad,
825 422 904 452 quae
931 411 1090 442 necandos
1118 421 1194 441 esse
1222 412 1425 453 censuisset,
1466 412 1664 443 Ohrwahum
1692 413 1826 452 occidit,
1861 413 1931 444 dum

146 478 247 508 altera
272 487 353 517 gens
374 476 583 507 Chii-asehum
610 476 798 506 abducebat.
848 475 938 505 Unus
966 479 1073 504 autem
1099 484 1221 516 eorum,
1248 475 1436 506 beneficium
1464 476 1493 505 in
1521 486 1593 506 eum
1620 475 1804 506 conferendi
1833 484 1931 505 occa-

145 540 267 569 sionem
294 544 476 578 arrepturus
503 538 675 578 separatim
704 547 776 567 eum
802 536 1025 578 interrogavit,
1053 545 1208 575 quaenam
1235 537 1302 567 eius
1330 538 1361 566 in
1387 538 1441 567 via
1467 537 1673 568 monstranda
1701 537 1814 576 peritia
1841 542 1932 567 esset

145 606 178 631 et
203 611 309 641 quum,
337 602 406 632 avis
432 598 588 644 Kathae¹)
616 611 684 630 eam
711 608 794 639 esse,
822 599 1054 641 respondisset,
1081 599 1175 638 pallio
1203 608 1262 628 suo
1290 599 1502 638 superiniecta
1530 599 1625 629 dixit:
1653 599 1749 638 Eripe
1777 604 1808 628 te
1836 594 1931 639 fugiri

144 665 211 693 Iste
245 668 311 693 tum
346 665 542 704 propositum
577 673 668 693 suum
701 663 731 691 in
770 664 824 692 via
855 667 988 692 secutus
1022 672 1041 691 a
1073 661 1488 701 persequentibus'salvus
1522 665 1639 692 evasit.
1701 662 1799 692 Pater
1826 666 1933 691 autem

144 735 211 756 rem
238 735 257 755 a
283 726 437 756 redeunte
464 726 603 755 auditam
629 725 678 754 his
706 725 734 754 in
762 724 911 754 versibus
938 724 1090 754 narravit.
1157 722 1363 754 Grammatici
1400 724 1569 754 Alazmiiih
1596 730 1628 755 et
1654 723 1932 755 Abu-Ohbaidah

144 787 266 817 dixisse
292 787 445 828 feruntur,
474 797 511 817 se
537 791 664 826 praeter
692 787 834 817 nestrum
862 792 989 827 poetam
1016 787 1130 816 nullum
1158 787 1312 826 novisse,
1349 786 1399 825 qui
1425 787 1526 816 virum
1554 788 1610 817 sibi
1636 787 1829 827 incognitum
1854 797 1932 817 ver-

145 850 234 880 sibus
261 851 448 881 laudaverit.
500 851 654 890 Tempore
681 855 788 880 autem
812 849 915 879 Islami
943 853 1039 889 poeta
1057 849 1278 879 Abu-Nowas
1307 845 1386 891 (nat.
1419 848 1486 879 136
1516 855 1571 879 aut
1603 850 1669 880 145
1698 855 1752 880 aut
1784 849 1850 878 148
1879 853 1934 878 aut

147 913 216 943 149
244 916 332 944 mort.
361 917 468 942 aetate
503 912 731 953 quinquaginta
764 921 915 942 annorum
944 921 1025 941 anno
1055 911 1124 941 195
1152 915 1206 941 aut
1236 911 1304 941 196
1334 912 1410 950 etc.)
1444 911 1576 940 eandem
1612 911 1765 941 rationem
1798 915 1933 940 secutus

146 979 196 1006 est
222 976 251 1005 in
278 977 440 1017 versibus,
468 985 597 1015 quorum
625 976 714 1015 primi
742 979 918 1014 sequentes
947 978 1022 1003 sunt
1049 973 1155 1012 (metr.
1184 972 1343 1012 'rhawil):
1382 972 1493 1011 Quot
1527 973 1734 1003 sodalium
1767 973 1932 1012 domus,

144 1046 247 1077 quas
275 1042 549 1068 evacuarunt
577 1043 618 1067 et
644 1038 928 1078 reliquerunt,
962 1035 1070 1076 apud
1104 1044 1205 1074 quas
1241 1035 1440 1075 vestigia
1473 1039 1592 1065 erant
1628 1040 1710 1065 tam
1738 1035 1946 1065 recentia'

144 1109 257 1139 quam
286 1104 481 1138 vetusta,
517 1100 630 1140 loca,
664 1099 728 1130 ubi
763 1109 834 1138 per
862 1104 1019 1129 terram
1047 1102 1165 1128 utres
1194 1097 1472 1128 trahebantur
1500 1102 1539 1128 et
1565 1097 1763 1137 manipuli
1790 1097 1931 1128 herba-

145 1173 228 1193 rum
256 1163 558 1193 odoriferarum
587 1163 887 1202 decerptarum
914 1165 1040 1200 atque
1068 1154 1297 1189 aridarum!
1360 1159 1410 1189 Et
1436 1160 1623 1201 nescivi,
1652 1160 1813 1199 quinam
1841 1160 1932 1190 fue-

144 1228 246 1264 rint,
282 1214 363 1255 nisi
396 1226 498 1265 quod
538 1226 577 1255 in
615 1226 791 1256 Oriente
824 1223 1030 1265 Sabathi2)
1065 1225 1264 1263 regiones
1301 1222 1502 1252 desertae
1537 1231 1612 1252 eos
1647 1222 1847 1253 adfuisse
1873 1222 1932 1251 in-

144 1289 293 1319 dicant.
346 1288 580 1320 Grannnaticus
609 1288 781 1319 Mobarred
808 1285 887 1332 (nat.
907 1288 987 1318 210.
1009 1290 1101 1316 mort.
1121 1285 1222 1322 286.)
1250 1284 1419 1315 Chiraschi
1447 1285 1512 1316 sata
1535 1285 1628 1325 paulo
1656 1285 1748 1315 aliter
1775 1286 1932 1315 narravit:

144 1351 226 1381 Eum
253 1351 354 1381 fuisse
381 1351 411 1380 in
425 1351 562 1381 vinculis
582 1355 613 1382 et
627 1362 709 1391 pone
723 1352 892 1382 tentorium
910 1351 1082 1390 proiectum
1098 1358 1190 1388 quum
1208 1348 1328 1387 hospes
1348 1348 1523 1378 adveniens
1539 1353 1693 1387 tempore,
1710 1356 1772 1386 quo
1789 1347 1933 1377 dominus

147 1414 264 1444 absens
284 1418 385 1454 esset,
402 1418 434 1444 ut
451 1424 516 1455 res,
531 1415 643 1453 quibus
660 1415 780 1453 hospes
794 1414 1007 1453 exciperetur,
1021 1413 1207 1450 instrueret,
1224 1403 1384 1449 captivum
1399 1419 1502 1451 genus
1519 1410 1743 1450 interrogaret,
1759 1415 1791 1438 et
1806 1410 1933 1439 miseri—

145 1476 254 1507 cordia}
269 1480 444 1506 commotus
460 1477 559 1516 ruptis
574 1477 709 1507 vinculis
723 1487 795 1506 eum
809 1476 992 1505 dimitteret.
1022 1473 1152 1513 Captivi
1171 1478 1276 1503 autem
1293 1472 1438 1503 dominus
1458 1482 1547 1512 quum
1577 1469 1774 1512 captivus
1801 1467 1932 1502 meus!

145 1537 344 1576 captivus
378 1536 509 1568 meus!
544 1539 710 1576 clamaret,
738 1538 860 1577 hospes
890 1547 994 1567 areum
1020 1536 1166 1574 tendens,
1193 1546 1238 1577 se,
1267 1536 1295 1566 si
1322 1536 1497 1577 fugientem
1527 1541 1783 1576 persequeretur,
1811 1537 1933 1578 sagitt&

144 1601 248 1641 ipsum
276 1601 451 1641 petiturum
477 1611 554 1631 esse
573 1601 700 1630 iuravit.
728 1600 791 1629 Alii
817 1605 957 1641 narrant,
985 1587 1139 1639 quendam
1167 1599 1360 1628 Ohrwahum
1378 1599 1528 1639 occisum,
1556 1608 1648 1637 quem
1667 1599 1759 1628 nudis
1778 1599 1932 1638 pudendis

143 1664 299 1695 iacentem
311 1661 339 1707 ³)
367 1666 605 1704 conspexisset,
632 1663 726 1703 pallio
754 1672 813 1692 suo
842 1663 976 1692 texisse.
1030 1662 1117 1692 Loco
1146 1663 1236 1692 vocis
1256 1658 1343 1707 6935
1368 1661 1487 1703 legitur
1514 1670 1639 1701 quoque
1665 1658 1748 1700 ῶδΉ
1776 1661 1834 1691 sed
1861 1671 1931 1691 raro

143 1727 224 1758 haee
248 1737 315 1757 vox
343 1736 414 1757 eum
443 1727 572 1756 articulo
600 1726 764 1756 coniuncta
790 1726 964 1764 reperitur3
992 1734 1064 1755 eum
1092 1730 1197 1755 autem
1225 1734 1290 1754 vox
1308 1723 1469 1766 designat,
1498 1725 1550 1764 qui
1578 1724 1729 1754 colendus
1757 1728 1818 1753 est.
1840 1725 1933 1756 ,Vox

145 1794 252 1820 autem
275 1792 360 1819 eu>
389 1788 495 1827 (laus)
531 1788 661 1818 eandem
695 1787 850 1817 rationem
880 1788 1042 1827 sequitur>
1075 1796 1167 1826 quam
1203 1797 1269 1816 vox
1299 1784 1368 1831 3sz
1395 1787 1588 1827 (gratiarum
1616 1787 1736 1828 actio),
1764 1788 1825 1822 nisi
1851 1788 1933 1826 quod

145 1854 224 1883 haee
246 1861 313 1882 vox
339 1851 370 1880 in
396 1850 581 1890 benefieiis,
610 1850 659 1880 illa
686 1851 716 1879 in
743 1848 858 1890 agendi
886 1849 1027 1888 ratione,
1054 1859 1134 1889 quae
1163 1851 1333 1890 probatur7
1361 1849 1420 1879 etsi
1448 1849 1602 1879 beneficia
1627 1859 1689 1879 nou
1717 1849 1931 1888 conseruntur,

144 1909 213 1951 (p.
235 1909 374 1961 366.)
401 1913 576 1943 adhibetur.
639 1912 747 1943 Verba
774 1916 878 1941 autem
905 1921 985 1950 0222..)
1012 1927 1054 1949 (χο
1088 1911 1174 1956 0395
1202 1909 1278 1957 5355
1311 1923 1390 1952 oziau,
1428 1913 1458 1941 in
1485 1912 1643 1951 proverbii
1671 1912 1932 1942 consuetudinem

146 1983 303 2008 venerunt
331 1977 432 2016 (conf.
462 1976 559 2007 Meid,
588 1977 625 2007 C.
655 1976 687 2014 2,
719 1975 805 2014 28.)
858 1974 946 2004 Idem
974 1975 1176 2013 proverbium
1204 1974 1235 2003 in
1261 1985 1362 2004 versu
1389 1975 1466 2004 Har.
1487 1974 1537 2004 l'‘li·'d
1563 1974 1658 2004 citato
1686 1974 1855 2004 adhibitum
1881 1974 1931 2003 in-

145 2038 298 2071 venimus.
351 2039 458 2070 Simile
485 2039 686 2078 proverbium
714 2037 830 2077 (Meid.
858 2037 895 2067 C.
924 2037 982 2075 26,
1012 2036 1087 2074 62.)
1115 2037 1283 2067 invenitur.
1338 2036 1443 2073 Quum
1479 2036 1508 2065 in
1542 2037 1624 2066 malo
1660 2036 1702 2066 nil
1736 2037 1806 2066 lene
1834 2036 1886 2076 sit,
1914 2045 1932 2066 a

146 2107 241 2142 poeta
265 2103 423 2133 adhibitus
451 2101 598 2141 loquendi
627 2101 739 2130 modus
765 2099 989 2139 vituperationi
1018 2099 1174 2128 obnoxius
1202 2099 1303 2128 videri
1330 2103 1457 2138 potest3
1495 2099 1554 2128 sed
1589 2108 1641 2128 res
1669 2100 1716 2128 sie
1743 2098 1932 2138 explicanda

146 2170 213 2195 est:
241 2165 317 2195 Mali
335 2174 428 2204 quum
447 2163 567 2205 gradus
594 2165 671 2204 sint,
701 2163 790 2192 malis
816 2161 954 2203 singulis
983 2160 1127 2190 adfectus
1157 2162 1185 2190 si
1211 2160 1281 2199 quis
1311 2160 1350 2190 de
1379 2161 1531 2190 malorum
1558 2160 1688 2190 summis
1719 2159 1931 2200 gradibusque

147 2233 251 2261 mente
279 2227 418 2269 cogitat,
457 2235 551 2256 unum
587 2226 701 2255 malum
727 2234 796 2254 cum
823 2225 924 2254 altero
953 2228 1169 2263 comparatum
1198 2228 1253 2253 aut
1280 2224 1385 2253 levius
1411 2229 1465 2253 ant
1494 2224 1627 2265 gravius
1653 2224 1752 2253 altero
1780 2223 1929 2261 reperiet,

145 2294 180 2319 ut
206 2299 297 2319 unum
323 2289 421 2318 altero
448 2287 551 2317 levius
579 2295 653 2315 esse
680 2286 739 2315 diei
766 2287 877 2325 possit.
904 2286 1045 2315 Diversa
1072 2289 1177 2315 autem
1204 2291 1256 2314 est
1282 2286 1363 2315 ratio
1391 2285 1449 2315 loci
1484 2285 1514 2314 in
1543 2285 1669 2315 Corano
1697 2284 1770 2314 Sur.
1789 2285 1845 2323 25,
1870 2284 1927 2315 26.

148 2352 342 2391 »Compotes
370 2349 509 2390 paradisi
535 2349 597 2378 isto
625 2348 675 2378 die
703 2348 864 2377 meliorem
891 2348 1014 2388 locum,
1049 2347 1100 2376 ubi
1127 2346 1289 2383 habitant,
1316 2346 1492 2385 habebunt,
1520 2346 1794 2386 pulchrioremque
1821 2347 1932 2384 locum,

162 2435 191 2466 1)
212 2436 284 2458 Ave<
302 2434 389 2457 Kalhu
407 2442 422 2457 a
440 2441 518 2463 suno,
538 2441 610 2464 quem
630 2434 721 2463 edunt,
740 2431 889 2462 appellatae
909 2430 1013 2461 (conf.
1032 2429 1109 2454 Mei-1.
1129 2415 1268 2458 C.14',90.
1288 2429 1420 2461 25‚.‘)9.),
1447 2437 1557 2460 quarum
1576 2431 1644 2453 duae
1667 2431 1729 2452 sunt
1754 2429 1859 2458 species
1883 2436 1930 2452 ru-

211 2483 318 2505 brarum
335 2483 361 2503 et
380 2481 515 2510 nigrarum
535 2481 640 2512 (conf.
657 2479 757 2503 Russel
777 2477 925 2500 Beschreib.
947 2484 970 2501 v.
990 2477 1090 2506 Aleppo
1111 2483 1134 2505 p.
1154 2475 1197 2499 74.
1218 2475 1367 2500 Chrestom.
1385 2476 1454 2498 beat.
1465 2477 1496 2498 de
1507 2478 1580 2504 sacy
1592 2475 1622 2497 Τ.
1635 2475 1665 2497 [1-
1678 2481 1701 2504 p.
1713 2475 1748 2497 26
1759 2481 1815 2504 sqq.
1827 2476 1867 2497 ed,
1879 2475 1929 2504 pr.)

210 2533 224 2550 e
244 2525 390 2555 longinquo
410 2526 495 2553 spatio
515 2525 547 2549 ad
567 2532 661 2556 aquam
679 2522 756 2548 rectst
775 2520 818 2546 vixi
838 2522 941 2551 volant,
961 2524 989 2544 ut
1009 2521 1066 2544 virne
1086 2521 1182 2550 peritia
1201 2528 1294 2545 earum
1313 2528 1398 2552 paene
1417 2522 1443 2544 in·
1468 2521 1640 2552 proverbium
1670 2521 1772 2544 venisse
1800 2520 1926 2542 videntur

211 2568 273 2608 &25³5
292 2578 333 2599 est
351 2576 526 2604 imperativus
544 2583 560 2599 a
577 2576 663 2599 verbo
683 2567 745 2598 L?-

159 2625 192 2657 2]
211 2627 311 2650 Nomen
332 2625 382 2648 luci
402 2624 426 2647 in
448 2625 586 2653 provincia
605 2625 713 2648 Manain
732 2624 780 2648 sub
800 2622 940 2646 Persnrnm
959 2620 1057 2644 ditione
1075 2622 1162 2645 conf.
1181 2621 1294 2646 Meidan.
1314 2622 1345 2648 C.
1364 2622 1410 2653 201,
1429 2623 1473 2645 89,

160 2672 192 2704 3)
213 2673 312 2696 Arabes
331 2670 453 2694 dedecori
472 2671 610 2701 ducebant,
629 2672 652 2694 si
670 2671 726 2701 quis
746 2670 850 2694 occisus
870 2669 944 2693 nudis
963 2670 1091 2700 pudendis
1110 2669 1216 2694 iaceret.
