2155 2892
921 162 1182 192 -213'7—

156 259 270 286 nantes
302 255 424 286 mordet
468 256 576 287 coiit.
614 258 707 287 liam.
734 257 769 287 1’.
798 258 810 287 1
838 268 865 297 p.
892 259 973 290 321.
1031 261 1206 292 Petit-utem
1237 263 1266 292 in
1294 264 1431 294 serendis
1459 266 1615 296 molestiis
1642 276 1680 297 se
1707 268 1855 300 ostendat
1883 280 1941 299 nu-

156 328 251 350 cesse
275 325 335 349 est.
390 320 464 349 Vox
487 309 596 349 υωιὲῐ
624 330 735 349 verum
764 321 836 350 beili
863 326 982 353 stutum
1010 324 1027 353 i.
1056 334 1084 354 e.
1113 330 1243 363 statum,
1272 325 1320 354 nbi
1349 327 1463 355 aeriter
1492 334 1661 366 pugnatur,
1677 330 1837 371 designat.
1870 333 1939 363 Vox

155 385 219 430 353
231 384 305 425 (sic,
321 393 381 413 non
399 388 502 413 nutem
517 381 795 425 &fidhiegendum
810 386 892 422 est),
911 394 994 425 euni,
1013 387 1164 426 quiuimis
1182 388 1304 416 mobilis
1320 392 1369 418 est
1389 394 1420 418 et
1440 389 1469 418 iu
1489 400 1547 419 uuo
1566 391 1634 420 loco
1654 403 1713 421 nou
1730 401 1939 436 perseverat3

154 448 384 478 inconstantem
412 447 506 488 igitur
531 447 677 488 designat
702 453 734 477 et
760 456 824 477 vox
853 447 937 494 βέλη
960 459 1043 487 eum,
1070 450 1123 490 qui
1152 459 1223 480 mox
1251 450 1376 480 fastidio
1406 453 1619 483 molestiarum
1649 454 1718 484 belii
1745 458 1878 497 capitur.

154 545 209 574 23.
253 544 394 582 Optimus
414 553 513 582 equus
535 547 585 572 est
608 544 751 573 celeriter
772 553 917 582 currens,
941 546 973 573 ιἰι
995 555 1110 574 emas-ets
1132 556 1238 575 eorum
1263 544 1457 588 (equorum)
1479 552 1593 587 impetu
1612 554 1761 590 fraenum
1784 556 1938 583 mordens.

226 613 473 653 comparatione
500 613 561 643 viri
590 613 681 643 sortis
708 623 776 644 cum
804 623 884 653 equo
913 624 1073 655 generoso
1101 616 1242 646 instituta
1270 618 1381 646 ‹tous-
1410 618 1501 648 llum.
1530 620 1563 650 P.
1584 621 1596 650 Ι
1615 631 1644 660 p.
1669 624 1727 662 88,
1756 624 1833 661 166,
1855 624 1936 656 339.

151 675 253 716 qualis
289 676 338 705 vir
375 676 457 705 bello
491 680 585 714 aptus
614 685 689 705 esse
716 676 853 717 debeat,
880 677 1017 708 indicare
1043 678 1187 719 videtur,
1216 689 1276 709 non
1303 680 1383 710 euim
1411 681 1471 711 hoc
1498 692 1597 712 versu
1625 684 1666 714 nii
1693 685 1752 714 nisi
1780 686 1849 725 equi
1878 687 1937 718 ‹le-

149 741 350 779 scriptionem
378 739 486 768 inesse
514 744 599 777 pum.
651 738 693 768 Ut
727 748 828 777 equus
856 749 1034 779 generosus
1063 750 1130 771 cum
1158 742 1264 780 primis
1292 751 1386 772 cursu
1423 748 1525 773 certat
1553 749 1584 774 et
1611 745 1792 785 impatiens,
1827 748 1854 778 si
1882 758 1935 778 re·-

149 802 283 840 tinetur,
312 801 453 831 fraenum
481 801 614 839 mordet,
641 801 687 831 sic
714 802 762 831 vir
789 802 869 831 bello
898 808 993 842 uptus
1040 802 1069 832 iu
1108 804 1206 842 prima
1233 810 1443 846 pugnatorum
1472 808 1556 837 serie
1585 818 1727 849 pugnare
1755 810 1867 851 debet,
1904 817 1936 841 ut

149 863 272 895 nonnisi
300 873 371 893 cum
398 862 584 894 difficultate
612 864 739 894 retineri
768 865 877 904 possit.

937 984 1139 1018 xlm'n.

723 1050 957 1085 Mouktds
976 1051 1188 1086 llilalita
1211 1052 1347 1087 «lixit.

969 1121 1014 1166 (p.
1042 1122 1114 1163 fvt).

145 1200 173 1229 1.
219 1198 381 1235 Quaenam
411 1199 473 1227 rita
496 1198 558 1226 rita
579 1205 646 1225 mea
669 1199 724 1231 est,
749 1205 844 1235 quum
866 1197 899 1224 iu
923 1206 959 1224 ea
982 1196 1069 1224 modo
1091 1197 1240 1234 subsisto,
1263 1198 1351 1225 modo
1376 1198 1518 1227 celeriter
1539 1200 1598 1227 iter
1616 1200 1722 1237 sacto?

219 1268 319 1299 Poeta
346 1267 441 1298 vitam
470 1266 606 1305 quietam
635 1268 665 1295 et
700 1274 798 1304 pauco
826 1268 1010 1294 contentum
1037 1263 1185 1302 animum,
1213 1269 1247 1294 ut
1274 1265 1344 1295 aliis
1371 1275 1427 1305 pro
1456 1266 1618 1298 beneficiis
1646 1271 1771 1309 gratiae
1798 1270 1932 1300 ⁵⁰¹ven-

145 1330 204 1361 dae
231 1339 292 1361 non
317 1329 391 1367 sint,
419 1328 535 1359 laudat.
564 1327 735 1367 vilipendit
762 1326 858 1356 vitam
889 1326 1064 1365 inquietam.
1117 1326 1203 1356 Talis
1230 1327 1298 1357 vita
1325 1332 1439 1366 poetae
1467 1329 1552 1359 nulia
1584 1329 1720 1360 videtur.
1774 1332 1854 1362 Voci
1881 1336 1933 1360 μ’...

143 1395 174 1424 in
200 1392 334 1423 'l'ebrisii
361 1391 467 1423 codice
494 1396 642 1430 tanquam
669 1390 750 1420 aiter
780 1389 907 1431 legendi
934 1388 1047 1418 modus
1074 1398 1140 1419 vox
1169 1390 1217 1426 ³⁵:⁸5
1246 1390 1466 1431 superscripta
1495 1396 1558 1423 est.

142 1490 174 1519 2.
219 1488 282 1517 Est
303 1498 341 1517 ac
362 1490 392 1517 si
412 1490 445 1516 in
466 1489 551 1516 omni
571 1488 656 1516 saltu
679 1490 835 1515 terrarum
858 1486 1008 1524 quosdam
1030 1486 1153 1515 incolas
1177 1486 1294 1515 ultione
1313 1496 1497 1525 persequar.

215 1558 323 1588 Vitam
350 1566 453 1597 suam,
480 1556 554 1587 dum
583 1556 733 1598 regiones
762 1560 923 1596 peragrat,
950 1554 1110 1585 describit.
1162 1555 1208 1586 Se
1235 1564 1305 1586 cum
1333 1566 1371 1586 eo
1400 1558 1531 1599 confert,
1560 1562 1613 1600 qui
1641 1559 1770 1590 caedem
1805 1560 1930 1590 ulturus

143 1619 319 1660 fugientem
347 1629 403 1659 per
429 1624 535 1650 terrae
563 1622 714 1659 regiones
743 1620 943 1658 persequitur
970 1622 1003 1646 et
1030 1617 1135 1657 quiete
1162 1616 1246 1646 haud
1273 1617 1397 1647 fruitur.
1421 1619 1563 1650 Similem
1581 1630 1708 1652 sensum
1737 1622 1928 1651 Abu-Tam-

141 1691 264 1712 mamus
292 1684 454 1721 expressit
469 1682 578 1713 dicens
596 1680 877 1721 (metr.'l'hawii]:
905 1681 960 1710 Ac
986 1682 1024 1710 si
1050 1680 1161 1709 ineo
1189 1680 1321 1711 odium
1349 1681 1588 1713 cuiuslibet
1614 1685 1764 1714 lateris
1791 1688 1928 1713 terrae

142 1750 213 1775 aut
239 1745 500 1776 desiderium
528 1744 778 1776 cuiuslibet
803 1744 954 1774 lateris
981 1743 1049 1774 sit.

139 1843 171 1872 3.
214 1842 366 1872 Meritum
389 1852 424 1870 ac
442 1844 683 1879 generositatem
702 1844 831 1871 nonnisi
849 1844 883 1870 in
906 1852 940 1871 eo
965 1851 1069 1879 cerno,
1090 1843 1174 1880 quod
1193 1843 1339 1878 animam,
1359 1851 1398 1871 ne
1419 1852 1471 1871 res
1491 1844 1671 1881 superfluas
1681 1846 1777 1880 petat,
1795 1845 1923 1874 retines.

139 1910 171 1939 4.
215 1908 339 1938 blatum
361 1911 410 1937 est
429 1909 575 1945 beneficia
596 1910 739 1944 accipere
759 1911 791 1937 et
810 1909 1077 1945 exprobrationes,
1103 1918 1183 1946 quae
1205 1918 1223 1936 α
1243 1908 1380 1937 donante
1399 1910 1653 1946 proficiscuntur,
1680 1911 1799 1938 audire.

239 1979 273 2007 ln
299 1977 389 2008 hisce
416 1977 576 2014 versibus,
606 1985 667 2017 quo
694 1977 799 2016 priora
827 1977 925 2007 verba
951 1982 1112 2017 spectent,
1139 1976 1294 2006 videmus.
1348 1976 1456 2006 Vitam
1481 1986 1569 2007 suam
1597 1977 1767 2017 inquietam
1787 1987 1925 2018 querens

141 2044 322 2070 contentum
349 2041 484 2070 animum
512 2048 603 2070 suum
631 2038 790 2069 describit.
829 2039 863 2067 Iu
890 2039 1067 2078 posteriore
1095 2048 1194 2070 versu
1220 2048 1287 2068 vox
1314 2035 1369 2076 *bks
1396 2038 1608 2078 praedicatum
1636 2041 1850 2080 antepositum
1874 2046 1926 2071 est

140 2106 172 2133 et
197 2101 297 2132 verba
321 2098 428 2142 &omi
455 2100 534 2138 μ
560 2100 693 2132 subiecti
720 2101 790 2130 loco
818 2104 902 2130 sunt.
967 2102 1075 2132 Verba
1100 2103 1167 2144 «3:³¹
1194 2108 1226 2132 et
1253 2102 1422 2143 sequentia
1448 2102 1537 2132 vocis
1567 2102 1613 2131 ua
1640 2103 1790 2134 adiectivi
1818 2104 1921 2133 locum

140 2168 309 2204 occupant.

912 2271 1140 2305 xlm'ln.

377 2336 745 2372 Blohammedes
768 2338 808 2372 b.
833 2337 1194 2372 Abi-Schihads
1208 2342 1238 2378 ¹)
1261 2338 1515 2373 Dlnabbita
1539 2337 1675 2371 dixit.
1699 2336 1768 2380 (p.
1790 2336 1923 2377 533.)

137 2403 166 2432 1.
210 2402 314 2440 Quum
336 2405 450 2434 divitiis
471 2406 606 2435 donatus
626 2407 783 2437 liberalem
812 2410 842 2437 te
874 2416 937 2436 non
959 2408 1112 2443 ostendis,
1137 2409 1170 2436 in
1191 2408 1285 2437 rebus
1308 2408 1485 2437 divitiarum
1506 2407 1680 2444 superfluis
1701 2406 1846 2434 laudator
1869 2405 1925 2433 tibi

953 2470 1015 2490 non
1036 2463 1105 2490 erit,

235 2530 332 2561 Varia
359 2530 474 2571 agendi
500 2532 631 2562 consilia
659 2531 689 2561 in
715 2531 804 2563 hisee
830 2534 979 2564 versibus
1006 2533 1128 2564 dantur.
1183 2533 1320 2563 Primum
1348 2532 1519 2562 fiberalitas
1546 2531 1637 2563 diviti
1671 2531 1920 2563 commendatur.

173 2638 201 2665 1)
219 2637 321 2662 Nomen
340 2638 419 2664 Meid.
438 2640 468 2666 T.
487 2640 510 2663 ΙΙ
529 2646 552 2670 p.
570 2639 604 2663 8¹
626 2639 721 2663 vitiose
738 2640 864 2670 scriptum
882 2644 932 2665 est.
