2155 2892
893 179 1159 210 —279-

121 278 260 318 patribus
287 278 481 318 acceperint,
510 281 678 318 perituram
705 287 798 316 esse,
827 279 882 309 nisi
911 281 1033 310 interna
1059 280 1153 310 auimi
1179 280 1333 320 dignitate
1359 286 1603 312 sustentaretur.
1642 280 1684 311 Ut
1713 280 1834 311 arboris
1861 291 1913 311 rn-

121 340 225 370 dicem
253 339 290 369 ad
318 350 423 370 tantos
450 339 687 370 conservandos
715 341 928 371 necessariam
956 350 1042 379 esse,
1071 341 1116 370 sic
1144 341 1236 371 animi
1265 342 1435 371 bonitatem
1465 342 1503 371 ad
1531 343 1717 382 dignitatem
1737 342 1868 372 hominis
1895 354 1913 373 a

122 402 294 432 maioribus
321 406 482 441 acceptam
510 401 773 431 conservandam.
803 404 1000 434 Scholiasta-s
1027 412 1158 433 sensum
1173 403 1212 434 ad
1227 404 1444 433 educationem
1462 404 1592 434 liliorum
1609 406 1716 438 rei'ert.

120 499 151 527 5.
176 499 233 527 Ni!
254 502 356 527 autem
380 498 440 526 vnis*
460 496 768 538 benefii·1'o(1-ir!11!i)
781 500 1033 535 comparamlmn,
1052 500 1143 527 cuius
1166 502 1230 527 Ium
1253 509 1348 535 sapor
1369 500 1471 528 dulcis
1494 502 1541 527 es!
1562 503 1627 527 lum
1646 501 1746 537 socies
1762 501 1910 537 pulchra.

223 568 322 597 Poeta
348 576 439 606 quum
469 565 656 596 beneficium
685 576 755 597 cum
783 567 851 597 cibo
877 569 1122 609 comparaverit,
1152 570 1242 598 cuius
1275 577 1369 607 sapor
1398 568 1499 597 dulcis
1527 568 1658 606 si1,non
1687 564 1756 605 (p.
1774 565 1909 607 5²6.)

119 631 199 660 bene
226 635 338 669 postea
363 628 392 658 ei
419 628 531 658 sacient
558 630 718 668 pulchram
747 631 864 669 tribuit,
891 635 924 660 ut
951 630 989 659 ab
1026 639 1085 660 uuo
1113 629 1313 669 comparandi
1341 628 1431 658 modo
1470 628 1508 658 ad
1536 629 1689 666 alterum,
1725 638 1743 658 a
1772 630 1840 660 cibo
1869 632 1906 660 ad

122 702 302 732 personam,
335 691 502 721 transierit.

951 826 1082 859 xlm.

199 891 522 926 Anba-Altam
544 891 590 925 l».
614 890 924 933 Moalnvijaln
950 892 994 925 Ι).
1018 891 1339 925 Alunt-,anah
1364 891 1410 924 Ιι.
1438 889 1657 932 njahl'ar
1688 889 1825 924 «lixit.

243 965 339 995 Poeta
366 968 458 994 natus
494 967 648 1004 regnante
678 962 894 1002 Moahwijaho
923 973 941 993 a
976 964 1151 1003 Manzuro,
1179 973 1273 1003 quum
1299 964 1463 1003 imperium
1491 963 1693 1003 obtinuisset,
1721 963 1908 993 zendicisrni

119 1032 291 1057 accusatus
318 1026 445 1057 occisus
472 1029 521 1056 est
547 1026 624 1055 Cit.
657 1024 885 1065 Alaghani.

116 1123 143 1150 1.
202 1122 298 1151 l't'deo
320 1123 458 1151 animam
476 1122 587 1150 'viteam
619 1122 772 1149 desiderio
795 1130 899 1150 rerum
921 1121 1100 1159 impletam;
1119 1122 1177 1150 sed
1197 1131 1270 1159 opes
1292 1131 1378 1150 meae
1400 1124 1492 1150 nimis
1514 1131 1632 1158 parrae
1653 1124 1737 1157 sunl,
1760 1130 1851 1159 quam
1875 1125 1910 1150 ut

857 1176 899 1204 ad
919 1185 973 1204 eas
993 1177 1184 1213 perveniam.

114 1243 145 1271 2.
190 1242 236 1271 Et
265 1243 371 1270 anima
398 1250 465 1269 mea
493 1243 526 1269 in
556 1243 689 1270 avaritia
716 1243 795 1271 milti
821 1244 1003 1280 obsequium
1029 1252 1091 1272 non
1119 1245 1264 1280 praestat
1292 1245 1322 1270 et
1347 1251 1420 1279 opes
1446 1250 1541 1276 meae,
1566 1243 1600 1269 ut
1622 1240 1737 1277 agendi
1756 1241 1907 1267 rationem

734 1307 833 1326 meam
856 1308 980 1336 sequar,
1006 1307 1069 1327 non
1088 1298 1285 1336 permittunt.

196 1365 296 1395 Poeta
323 1374 361 1394 se
387 1369 491 1394 tantas
518 1364 646 1395 divitias
673 1375 735 1395 non
762 1367 941 1407 possidere,
969 1372 1003 1397 ut
1029 1365 1247 1397 benefaciendi
1273 1364 1431 1395 desiderio
1458 1362 1650 1404 satisfaciat,
1678 1362 1830 1403 queritur.
1871 1362 1904 1390 ln

114 1426 288 1466 posteriore
319 1434 417 1455 versu
444 1435 615 1465 personam
632 1432 664 1456 et
681 1430 812 1457 animam
829 1432 972 1468 tanquam
986 1434 1154 1468 seperatas
1171 1428 1331 1468 describit,
1348 1432 1382 1457 ut
1397 1436 1456 1457 una
1483 1426 1575 1455 alteri
1601 1425 1789 1456 contrarium
1817 1423 1903 1454 velit.

112 1490 254 1520 Persona
266 1488 340 1518 dum
351 1489 505 1518 avaritiae
523 1489 654 1519 studere
669 1490 749 1527 vult,
764 1490 867 1520 anima
893 1491 1030 1520 liberalis
1057 1496 1223 1530 repugnat.
1255 1490 1364 1519 Talem
1384 1487 1570 1518 discordiam
1590 1487 1746 1525 interdum
1761 1496 1779 1517 a
1799 1485 1902 1526 poetis

115 1552 304 1592 descriptam
331 1552 519 1582 invenimus.
572 1552 633 1582 l'ro
661 1553 766 1582 verbis
789 1553 859 1588 &ts-5
885 1553 988 1594 bazah-,a
1014 1552 1032 1582 ὅ
1060 1553 1176 1595 legitur
1203 1562 1328 1592 quoque
1355 1551 1425 1587 3¹⁴5
1451 1547 1475 1579 ὦ
1504 1553 1569 1598 μὲ),
1595 1547 1625 1582 δ’.

926 1675 1081 1709 xnu-

667 1741 953 1775 Mmlharris
976 1742 1021 1775 b.
1048 1740 1204 1776 nihil·
1227 1740 1360 1775 «lixit.

787 1813 891 1852 (Idem
919 1815 1056 1844 occurrit
1082 1824 1112 1854 p.
1141 1814 1233 1853 wi.)

115 1885 143 1913 1.
186 1884 389 1922 lyram-antiae
408 1886 513 1922 qentzs
545 1887 671 1913 nostrae
692 1887 815 1914 veniam
840 1886 951 1915 damus
973 1890 1003 1915 et
1019 1886 1120 1914 hostis
1142 1887 1243 1914 nostri
1264 1885 1377 1914 collum
1401 1884 1583 1913 inclinatum
1606 1884 1765 1920 ενῐῃίηιιιε.

223 1953 359 1984 Suorum
386 1953 583 1984 clementiam
611 1963 690 1994 erga
715 1959 843 1994 gentem
869 1964 960 1985 suam
986 1954 1104 1985 laudat.
1133 1955 1178 1985 Se
1205 1954 1292 1984 vitiis
1322 1953 1447 1983 veniam
1475 1954 1550 1984 dare
1580 1957 1610 1983 et
1637 1952 1814 1982 calamitate
1837 1950 1897 1980 de-

116 2026 249 2057 pressos
276 2017 392 2047 auxilio
419 2019 555 2059 erigere.
583 2017 679 2047 Vocis
705 2014 807 2055 39&
830 2017 985 2048 tactorum
1012 2027 1053 2046 ex
1080 2016 1255 2057 ignorantia
1278 2021 1310 2046 et
1331 2017 1511 2055 insipientia
1538 2021 1679 2044 ortorum
1705 2012 1899 2055 significatio

114 2092 144 2111 m
171 2089 268 2110 versu
295 2080 458 2110 tribuenda
484 2086 545 2110 est.
613 2080 686 2110 vox
721 2078 808 2109 122³...
835 2080 905 2110 colli
927 2081 1010 2109 latus
1040 2078 1199 2120 significat
1225 2083 1258 2108 et
1285 2078 1345 2108 hoc
1371 2079 1402 2108 in
1431 2087 1530 2107 versu
1556 2078 1670 2107 collum
1697 2081 1729 2106 et
1765 2085 1834 2106 cum
1861 2084 1899 2104 eo

116 2143 291 2174 cohaerens
317 2147 412 2182 caput
438 2142 597 2184 designat.
650 2142 848 2173 Scholiastes
875 2142 979 2172 hostis
1007 2141 1119 2171 collum
1145 2140 1183 2169 ob
1210 2140 1388 2180 superbiam
1413 2140 1594 2170 inclinatum
1621 2148 1698 2169 esse
1725 2138 1808 2169 dicit.
1860 2137 1901 2166 Et

117 2214 183 2235 vox
211 2210 288 2241 Qu
317 2205 457 2235 morbum
485 2204 555 2235 colli
580 2205 741 2246 designat,
770 2209 896 2245 propter
923 2215 1015 2244 quern
1043 2204 1137 2234 homo
1167 2203 1330 2243 respicere
1359 2213 1419 2233 non
1446 2208 1564 2243 potest.
1632 2201 1769 2242 Superbi
1794 2205 1897 2230 autem

114 2273 166 2297 est
195 2266 276 2297 haud
302 2268 475 2305 respicere.
526 2266 613 2296 Talis
641 2267 761 2297 Colaibi
791 2277 861 2297 mos
889 2273 958 2297 erat
996 2277 1076 2298 con
1092 2267 1110 2300 f.
1146 2268 1238 2297 Ham.
1263 2266 1309 2297 1²5⁴?
1340 2266 1370 2296 1.
1400 2267 1456 2297 27.
1517 2266 1604 2295 'ralis
1632 2272 1738 2294 autem
1765 2260 1898 2292 hominis

115 2328 291 2359 inclinatum
318 2332 413 2368 caput
437 2327 560 2357 nonnisi
587 2329 618 2358 vi
645 2331 726 2371 erigi
754 2335 872 2370 potest.
925 2329 1007 2359 Dicit
1034 2329 1140 2371 igitur,
1167 2338 1205 2358 se
1231 2329 1262 2358 in
1287 2328 1450 2358 domandis
1478 2327 1624 2356 hostibus
1652 2326 1715 2354 vim
1734 2323 1896 2359 adhibere,

117 2394 151 2419 ut
177 2390 355 2429 superbiam
381 2389 538 2429 abjiciant.

115 2487 146 2517 2.
189 2487 235 2516 El
255 2496 350 2525 quum
372 2486 541 2525 aliquando
563 2489 714 2523 timemus,
738 2496 777 2517 ne
795 2498 875 2526 qens
898 2491 1127 2526 corrumpatur,
1153 2489 1358 2517 conditionem
1378 2488 1446 2515 eius
1467 2485 1660 2513 restituimus
1677 2485 1707 2511 et
1727 2483 1756 2510 si
1777 2481 1851 2510 bene
1865 2488 1899 2508 se

669 2541 832 2571 habentem
854 2543 1003 2578 videmus,
1027 2551 1090 2571 non
1112 2543 1350 2578 corrumpimus.

114 2606 146 2636 3.
189 2606 234 2635 ΕΙ
255 2617 350 2646 quum
383 2609 416 2638 in
439 2608 535 2637 allum
566 2611 722 2642 crescimt,
745 2609 780 2636 ob
814 2609 847 2636 id
865 2618 885 2636 α
919 2612 1029 2637 nostra
1049 2611 1142 2645 parle
1169 2607 1252 2635 launo
1294 2607 1329 2636 ob
1348 2614 1476 2634 causum
1498 2604 1638 2633 molestia
1659 2605 1697 2633 iis
1718 2610 1780 2632 non
1803 2602 1901 2630 orilur

809 2664 909 2700 iisque
931 2673 993 2692 uon
1014 2664 1196 2692 inridemus.
