2155 2892
916 183 1185 214 -689—

153 281 352 322 adpelle—tur,
391 283 433 314 ita
473 289 506 314 ut
540 285 660 313 leonem
698 287 729 313 et
764 292 870 313 curum
907 283 1043 322 hospitis
1071 283 1139 312 loco
1167 283 1344 314 habuerint.
1398 285 1497 315 Poeta
1525 285 1602 318 dixit
1633 291 1739 326 (metr.
1769 287 1933 324 'rlniwiljt

155 347 383 386 „Tempore
418 348 567 377 noctis
596 348 758 385 hospes
797 346 905 377 milii
942 346 1034 377 suit.
1088 347 1188 376 Tum
1218 346 1323 377 dixi:
1363 348 1465 379 Num
1502 351 1545 381 ud
1587 362 1852 387 commeatum
1881 368 1934 388 mc

153 407 448 449 praeeedit?
495 410 634 451 Digiti
670 420 851 440 manuum
888 417 1081 440 mearum
1119 408 1237 438 aridi
1271 408 1394 440 sint!
1440 411 1494 441 'l'u
1528 419 1671 444 autem
1699 417 1933 448 Asaditue

157 471 393 513 hospitem
424 473 467 502 in
495 472 687 502 dc'serto
717 482 792 501 non
822 472 1049 503 invenisti
1078 472 1176 501 nisi
1204 472 1468 514 famelicum,
1497 477 1801 510 esurientem«
1836 481 1935 511 Poeta

155 536 414 565 Almorakkescli
442 535 520 565 dixit
546 534 651 576 (matr.
683 532 846 578 'l‘huwit):
892 536 961 565 »Εἰ
1005 545 1120 576 quum
1161 535 1325 575 ignem,
1370 541 1414 566 ut
1453 547 1606 567 carnes
1646 549 1748 570 assu
1765 552 1934 583 remus,

153 599 521 636 accendissemus,
550 598 713 628 adeum
742 598 866 628 nobis
894 598 1078 628 cinereo
1106 598 1251 628 colore
1279 599 1502 637 praeditus
1531 601 1585 639 (lu
1602 606 1697 642 pus)
1726 603 1935 636 hirsutus

152 662 424 702 supervenit.
452 660 894 702 Segmentumcarnis
915 663 1099 690 assatae
1128 661 1298 700 pudore
1325 661 1484 692 duetus
1513 664 1548 693 ei
1577 666 1742 703 proieci
1770 673 1809 697 ct
1837 678 1936 709 erga

154 734 201 755 eu
222 735 270 762 m,
311 733 503 763 quocum
531 724 745 764 consido,
786 725 1066 754 inhonestus
1108 733 1185 753 non
1226 734 1323 754 sum.
1378 726 1416 754 ls
1444 731 1590 756 autem
1626 738 1708 758 cum
1736 739 1779 758 eo
1808 732 1936 762 rediit

161 792 297 825 aetus,
326 792 460 826 caput
487 788 756 825 concutiens,
783 785 1122 825 quemadmodum
1149 791 1334 817 armatus
1362 788 1502 817 fortis
1531 791 1731 828 praedam
1761 793 1936 823 rediens

154 850 331 880 aufert.«
378 849 584 879 Farnsdnkus
613 849 748 889 denique
776 849 854 879 dixit
883 851 991 888 [metr.
1020 848 1189 887 'Pliawil):
1218 849 1494 880 Pernoeians
1522 859 1801 884 commeatum
1831 857 1938 887 inter

155 924 221 944 me
259 918 299 942 et
337 922 426 942 eum
467 912 519 943 ad
560 913 684 954 ignis
726 913 856 943 lucem
885 918 924 943 et
964 913 1121 943 fumum
1163 913 1371 944 dissecui.
1425 915 1517 953 ipsas
1547 925 1673 955 quoque
1707 926 1786 956 opes
1814 921 1937 950 nomine

153 978 289 1017 hospitis
319 974 466 1019 (baa-all)
505 976 680 1016 adpellatas
720 985 808 1016 esse,
844 976 1037 1006 scholiastes
1066 982 1222 1015 sequente
1261 985 1355 1006 versu
1384 977 1517 1016 probare
1544 978 1612 1007 vult
1640 979 1748 1017 (metr.
1778 980 1936 1020 Thawil):

155 1040 244 1070 Nos
273 1039 469 1079 hospitio
497 1039 736 1079 excipimus
765 1039 1002 1080 hospitem,
1032 1039 1067 1069 si
1093 1044 1218 1070 noctu
1247 1041 1292 1070 ab
1328 1041 1506 1080 hospite
1534 1043 1681 1081 venit,
1715 1042 1751 1071 si
1790 1043 1938 1084 bonus,

153 1114 171 1134 c
185 1113 202 1133 o
217 1114 235 1134 n
251 1113 268 1134 c
285 1115 302 1134 e
316 1114 333 1134 s
348 1114 364 1134 s
381 1114 399 1134 u
411 1113 427 1133 s
457 1113 475 1133 e
490 1112 506 1133 s
519 1108 541 1134 t.
594 1102 703 1134 Priore
738 1103 835 1144 igitur
862 1112 942 1133 voce
969 1100 1085 1139 &2⁸55
1113 1112 1191 1143 opes
1219 1103 1391 1144 significari
1418 1108 1515 1143 putat.

966 1242 1128 1275 xxix.

154 1322 295 1359 Alius
326 1322 449 1356 dixit
481 1322 695 1364 puellam
719 1321 936 1363 nigram,
966 1329 1094 1362 quae
1124 1330 1322 1357 ananum
1354 1322 1599 1369 tingebat,
1630 1325 1942 1367 conspiciens.

154 1405 182 1436 1.
226 1404 361 1434 hlamma
384 1406 484 1441 unfit,
509 1401 551 1443 [a
573 1414 666 1442 carpo
689 1407 855 1441 separetur
864 1400 898 1444 'J
920 1404 978 1433 sed
997 1405 1088 1441 niqra
1109 1414 1167 1434 suo
1188 1407 1358 1434 tincturam
1381 1404 1526 1434 Allu'nna
1548 1408 1649 1443 tiuyit.

256 1473 424 1503 Dimidium
453 1474 544 1503 metri
572 1472 695 1513 Redjes
723 1473 883 1513 adpellati.
925 1473 1066 1503 Arabum
1094 1473 1226 1505 feminae
1245 1483 1345 1515 cypro
1372 1484 1484 1505 manus
1512 1476 1636 1517 tingere
1662 1476 1809 1507 solebant
1835 1477 1944 1510 conf.

155 1535 313 1565 Ham.0vo
329 1544 360 1564 v.
378 1534 409 1564 9.
428 1540 460 1564 et
475 1537 521 1564 ΙἋΛ
537 1535 556 1567 1,
581 1535 634 1565 14.
671 1536 793 1566 Vocem
820 1534 918 1572 maxa.»
945 1540 1019 1575 etc„
1049 1546 1235 1577 quamquam
1263 1538 1302 1568 ad
1329 1547 1440 1568 vocem
1470 1536 1518 1566 ω’
1546 1538 1714 1569 referenda
1740 1537 1798 1575 (ι).
1815 1533 1944 1573 807.)

153 1604 215 1636 est,
244 1603 347 1629 tamen
374 1598 610 1629 constructione
637 1600 676 1629 ab
704 1610 742 1630 ea
768 1599 978 1639 separandam
1005 1608 1096 1637 esse,
1122 1599 1316 1629 scholiastes
1343 1604 1431 1630 recte
1458 1599 1632 1630 adnotavit.
1684 1601 1764 1631 Voci
1791 1599 1887 1639 ..Ᾰω
1915 1602 1944 1632 in

158 1660 271 1692 codice
298 1661 456 1691 Mersukii
483 1660 646 1692 secundae
673 1661 793 1691 formae
820 1661 951 1691 vocales
977 1663 1218 1702 superscriptae
1244 1666 1342 1702 sunt,
1384 1662 1497 1702 quibus
1538 1672 1642 1702 neque
1670 1668 1802 1693 metrum
1842 1673 1945 1703 neque

157 1734 277 1754 sensus
304 1729 455 1754 mutatur.

159 1834 192 1862 2.
236 1832 299 1861 Est
322 1842 360 1861 ac
379 1834 417 1868 si,
442 1833 517 1861 dum
538 1833 663 1862 stibium
687 1835 720 1862 in
741 1834 871 1872 specillo
891 1837 947 1867 est,
972 1834 1106 1872 quadam
1128 1835 1211 1863 cutis
1231 1837 1324 1871 parte
1343 1834 1452 1863 oculos
1473 1844 1549 1863 suos
1571 1835 1661 1863 stibio
1684 1836 1810 1864 imbuat.

236 1901 356 1931 Facete
374 1901 456 1930 cutis
471 1901 593 1942 nigrum
607 1902 745 1931 colorem
762 1911 830 1932 cum
843 1903 926 1932 stibii
946 1903 1111 1944 nigredine
1129 1906 1292 1942 comparat
1306 1902 1407 1932 cons.
1427 1901 1576 1935 namot&
1587 1902 1716 1933 γ.1.ι>Λῐς
1734 1904 1801 1937 ν.1,
1818 1906 1865 1934 οΊο
1875 1905 1943 1935 infr.

157 1965 233 1995 Vox
262 1963 365 2007 &0250
391 1964 418 1993 si
445 1966 515 1994 sine
541 1964 723 1995 Tcschdido
752 1966 953 2004 pronuntiata
981 1972 1081 2007 esset,
1112 1965 1201 1995 metri
1228 1965 1339 1994 vitium
1365 1964 1464 2012 φῶ)
1493 1965 1681 2004 adpellatuin
1709 1966 1832 2005 (conf.
1862 1969 1945 1998 Dar-

158 2027 301 2068 stellung
327 2026 357 2056 d.
377 2026 475 2056 Arab.
496 2026 680 2057 vers-kunst
706 2037 734 2067 p.
755 2028 799 2058 77
822 2028 909 2067 sqq.)
937 2029 1082 2058 oriretur.
1124 2026 1217 2065 Quod
1248 2032 1282 2056 ut
1307 2028 1454 2067 evitaret,
1482 2028 1553 2057 voci
1579 2029 1791 2060 Teschdidum
1819 2030 1944 2062 addidit.

156 2090 274 2120 Similis
303 2098 356 2119 res
385 2089 414 2118 in
442 2094 597 2128 sequente
625 2090 782 2120 invenitur
809 2091 918 2129 (metr.
938 2090 1058 2130 Redjes
1087 2096 1142 2121 aut
1172 2091 1307 2129 Sarth:
1336 2090 1709 2128 Quemadmodum
1737 2093 1945 2132 equuleus

155 2153 195 2182 in
235 2152 331 2182 fune
371 2151 491 2182 modo
523 2151 574 2195 §in
610 2152 836 2183 dexterum
869 2153 1001 2183 modo
1034 2154 1075 2184 in
1110 2153 1355 2184 sinistrum
1383 2154 1500 2184 latus
1538 2154 1704 2185 incedit
1730 2155 1812 2185 cons.
1840 2156 1944 2185 Harir.

156 2225 185 2256 p.
215 2217 259 2245 ΗΛ
285 2214 388 2247 schot.
445 2208 685 2245 Grammaticus
712 2215 920 2254 Abu-l’Ahlaz
947 2216 1101 2255 quosdam
1129 2217 1254 2246 Arabes
1282 2225 1397 2246 vocem
1415 2222 1496 2262 ουκ,
1524 2226 1620 2256 quum
1655 2216 1684 2245 in
1713 2216 1775 2246 fine
1801 2217 1885 2246 nulla
1912 2227 1946 2246 re

158 2288 230 2309 cum
259 2288 297 2308 ea
323 2278 492 2308 coniuncta
519 2283 622 2317 esset,
649 2286 717 2307 cum
732 2277 912 2307 Teschdido
940 2279 1166 2317 pronuntiasse
1193 2278 1281 2315 dixit,
1309 2277 1400 2307 modo
1428 2287 1490 2318 quo
1517 2277 1546 2307 in
1573 2283 1729 2317 sequente
1755 2287 1853 2308 versu
1881 2288 1946 2309 vox

157 2337 262 2379 3953!
291 2350 360 2371 eum
388 2340 569 2370 Teschdido
597 2340 718 2379 prolata
746 2340 786 2370 sit
816 2342 923 2379 (metr.
942 2341 1077 2380 Sarih):
1107 2340 1243 2378 Quasi
1271 2341 1570 2370 interstitium
1596 2349 1739 2369 eorum
1767 2338 1946 2383 (pedum)

156 2403 196 2433 in
223 2408 413 2443 pectore
440 2403 570 2433 locus
597 2412 787 2432 mannum
807 2402 1007 2433 monachi
1035 2412 1204 2442 preces
1233 2403 1444 2433 facientis
1472 2402 1548 2433 sit.
1579 2401 1814 2432 Grammaticus
1840 2408 1946 2434 autem

158 2469 219 2498 tale
259 2467 426 2496 discrimen
455 2467 534 2496 inter
561 2471 728 2504 utrumque
756 2465 868 2503 videt,
910 2470 944 2495 ut
983 2467 1073 2495 vocis
1100 2471 1168 2509 ‘'35‘'
1208 2464 1457 2504 pronuntiandae
1491 2463 1602 2493 modus
1639 2474 1658 2494 a
1691 2474 1774 2494 more
1803 2465 1946 2504 loquendi

157 2529 259 2571 magis
287 2529 464 2559 abhorreat.
