2155 2892
877 131 1150 162 —674—

110 240 143 270 3.
186 240 271 269 Num
295 238 399 269 libum,
416 236 507 263 cuius
529 233 657 261 dorsum
681 230 793 260 mulier
804 229 992 259 Nabathuea
1015 229 1048 256 in
1067 228 1167 265 furno
1189 235 1247 256 suo
1270 228 1382 266 coquit,
1398 226 1497 255 donec
1520 228 1630 255 crusta
1651 227 1722 255 eius
1744 227 1907 264 attollitur,

211 307 322 337 Cibum
352 303 592 343 oppidanorum,
621 310 734 340 panem
763 308 808 330 sc.
835 298 977 339 pluribus
1004 296 1168 328 describit.
1210 295 1302 327 Gens
1329 295 1521 327 Nabathaea
1545 295 1707 337 regionem
1732 295 1907 334 palustrem

117 371 199 399 inter
228 367 343 407 oppida
360 365 494 396 &Vasith
521 369 553 394 et
572 365 676 394 Bazra
705 362 847 393 incolens
875 371 970 401 quum
998 359 1163 391 Chaldaae
1190 360 1324 400 originis
1351 362 1452 397 esset,
1469 357 1630 388 Arabibus
1657 356 1811 395 despecta
1829 360 1907 396 erat,

111 441 175 471 qua
201 431 231 460 in
258 439 292 460 re
320 428 393 458 mihi
421 437 518 458 causa
546 427 648 457 fuisse
674 426 812 464 videtur,
840 436 897 456 cur
923 425 985 455 hoc
1012 425 1042 454 in
1069 431 1168 454 versu
1196 421 1332 452 feminae
1358 419 1567 450 Nabathaeae
1594 423 1690 458 poeta
1717 418 1909 448 mentionem

110 494 231 524 fecerit.
249 493 423 522 Praeterea
436 490 616 521 Nabathaei
642 489 671 519 in
693 488 817 529 oppidis
837 488 896 519 illis
925 487 1109 529 regionibus
1138 483 1321 525 propinquis
1340 482 1523 512 famulorum
1542 483 1610 512 loco
1634 481 1733 512 fuisse
1749 481 1908 511 videntur.

112 555 189 585 Vox
203 556 277 596 0053
291 554 382 584 libum
407 552 588 591 rotundum,
609 552 693 590 quod
708 551 865 580 Arabibus
881 550 910 579 in
932 559 991 579 usu
1008 553 1088 586 erat,
1105 547 1259 587 designat.
1287 546 1425 575 Dorsum
1453 543 1505 574 libi
1537 544 1808 582 commemoravit,
1825 542 1910 584 quod

110 617 182 647 inde
201 620 313 646 crusta
329 614 492 654 coquendo
512 615 676 650 attollitur,
695 622 756 653 quo
774 612 803 642 id
822 613 903 642 bene
930 612 1020 650 coqui
1038 609 1223 651 significare
1244 610 1323 638 vult.
1352 608 1462 638 Verbo
1478 609 1537 648 guo
1551 607 1742 638 scholiastes
1761 607 1791 635 in
1806 606 1909 646 ignem

115 678 302 711 coniiciendi
321 682 351 708 et
370 687 466 717 super
479 679 585 718 ignem
607 674 877 706 circumvertendi
907 673 1172 715 significationem
1202 670 1342 700 tribuens
1371 671 1473 700 locum
1501 671 1618 701 Corani
1645 671 1719 701 Sur.
1747 668 1806 709 37,
1829 668 1906 698 163.

111 740 287 771 adnotavit.
315 738 516 768 Abu-l'Ahla
532 747 629 776 super
646 737 721 778 igne
738 736 946 766 calefaciendi
960 735 1225 778 significationem
1245 733 1433 773 praeferens
1447 738 1632 772 sequentem
1648 742 1779 762 versum
1795 731 1909 761 adtulit

112 804 221 841 (metr.
250 801 400 840 Wafin-J:
442 801 505 830 Ne
542 801 583 830 in
624 810 671 830 re
699 804 781 829 tua
816 798 1061 837 festines3
1085 796 1173 827 sed
1203 795 1438 826 continuo
1467 804 1556 824 cam
1590 798 1777 835 tracta,
1813 804 1909 824 nam

110 865 303 895 baculum
324 869 401 893 tuu
419 874 446 893 m
468 864 649 894 nonnisi
666 862 869 894 continuo
889 870 1024 902 agens
1044 869 1164 898 super
1192 859 1282 899 igne
1311 859 1468 897 optime
1488 856 1728 887 flexibilem
1749 856 1907 886 reddit.

114 926 316 958 Scholiastes
346 935 453 956 eorum
481 927 673 956 sententiam
702 926 814 965 rejicit,
843 925 893 963 qui
921 923 1045 953 furnum
1073 922 1102 951 in
1130 921 1267 961 qualibet
1294 921 1400 961 lingua
1422 923 1497 964 ,5⁴23
1525 919 1677 958 adpellari
1704 919 1905 948 contendant.

113 990 195 1028 Quin
223 999 288 1020 vox
328 994 393 1016 ”m
422 998 439 1018 a
467 987 601 1018 Judaeis
630 987 668 1017 ad
697 987 822 1016 Arabes
851 995 922 1015 cum
950 994 985 1014 re
1013 983 1192 1023 transierit,
1234 991 1295 1011 nou
1324 981 1452 1023 dubito,
1480 982 1596 1021 quippe
1623 982 1804 1011 Hebraicus
1833 991 1909 1020 pro·

114 1056 277 1087 nuntiandi
305 1056 414 1086 modus
450 1056 589 1085 Arabico
629 1054 756 1084 omnino
791 1052 934 1092 aequalis
971 1052 1021 1081 sit.
1086 1049 1248 1080 Interdum
1278 1050 1318 1079 nil
1347 1050 1403 1079 nisi
1431 1050 1492 1079 olla
1519 1050 1623 1080 fuisse
1650 1049 1790 1084 videtur,
1818 1050 1908 1078 cuius

112 1120 266 1150 lateribus
295 1119 388 1149 libum
414 1118 604 1156 impositum,
631 1117 706 1157 igne
733 1116 763 1145 in
792 1115 884 1144 ollam
907 1113 1016 1153 indito,
1046 1113 1248 1152 coquebatur.
1283 1112 1398 1142 conf.
1425 1111 1538 1142 Jahn⁴s
1568 1113 1639 1142 bibl.
1672 1113 1908 1153 Archacologie

113 1183 149 1214 Τ,
177 1183 202 1222 1,
231 1182 266 1211 B.
297 1181 327 1210 1.
358 1191 386 1220 p.
416 1179 497 1209 213.
526 1180 561 1209 B.
591 1179 622 1208 2.
651 1188 680 1218 p.
713 1177 790 1207 182.
843 1177 883 1206 Et
911 1176 1080 1205 Hebraeos
1113 1173 1340 1213 antiquissimis
1368 1174 1562 1211 temporibus
1590 1184 1703 1213 panem
1744 1176 1813 1205 eius
1851 1184 1912 1215 ope

115 1244 245 1274 coxisse
273 1253 291 1273 e
319 1243 389 1273 loco
417 1243 499 1272 Lev.
527 1241 559 1271 2.
578 1241 608 1270 4.
635 1240 792 1270 videmus.
818 1239 853 1268 In
879 1238 999 1268 Psalmi
1024 1237 1094 1266 loco
1122 1235 1192 1278 (Ps.
1221 1233 1368 1279 21,10.)
1396 1246 1495 1266 voces
1532 1243 1580 1272 ’cs
1606 1243 1674 1266 ’,πό
1704 1238 1797 1268 ollam
1836 1239 1910 1280 igne

112 1311 269 1351 impletam
297 1307 347 1352 (ut
375 1310 475 1339 latera
502 1304 650 1349 rubeant)
679 1306 752 1336 mihi
780 1304 964 1346 significare
990 1303 1149 1333 videntur.
1190 1305 1332 1334 Arabum
1360 1304 1579 1345 lexicographi
1598 1307 1681 1334 iuter
1707 1310 1911 1351 vocem).7.23

114 1378 147 1403 et
177 1382 291 1403 vocem
317 1373 387 1418 Osi,
425 1380 507 1410 quae
534 1379 600 1399 vox
628 1378 700 1399 cuin
728 1368 824 1398 latino
860 1367 1012 1397 furnus
1051 1365 1225 1403 cohaeret,
1265 1365 1432 1394 discrimen
1460 1370 1626 1404 statuere,
1653 1367 1683 1396 in
1711 1367 1812 1397 lexico
1841 1377 1911 1398 meo

114 1436 263 1467 iudicavi.
329 1435 362 1463 ln
391 1433 515 1464 duobus
544 1431 663 1462 Corani
695 1431 773 1461 locis
811 1430 884 1460 Sur.
925 1430 986 1469 11,
1023 1428 1081 1468 42,
1110 1427 1179 1466 23,
1208 1428 1265 1458 27.
1304 1438 1385 1459 voce
1424 1430 1497 1465 olla,
1526 1430 1557 1460 in
1592 1438 1653 1469 quo
1690 1439 1770 1469 aqua
1809 1430 1910 1470 bullit,

114 1499 240 1539 proprie
266 1496 440 1539 significari
467 1495 606 1526 videtur.
670 1494 735 1524 Alii
762 1494 849 1523 Ahlii
879 1492 1072 1523 auctoritate
1099 1491 1164 1520 nixi
1189 1490 1395 1530 superficiem
1422 1497 1554 1532 terrae,
1582 1492 1633 1521 alii
1654 1491 1778 1521 furnum
1805 1493 1910 1533 sigui-

113 1560 203 1590 ficari
229 1559 346 1589 dicunt.
374 1558 457 1588 Huic
483 1562 589 1587 autem
616 1556 697 1587 furni
725 1555 952 1597 significationi
980 1563 1060 1584 usus
1089 1554 1179 1584 verbi
1196 1549 1248 1600 )[5,
1275 1555 1357 1594 quod
1386 1556 1414 1584 in
1442 1564 1522 1594 aqua
1550 1555 1701 1585 bulliente
1733 1555 1911 1596 adhibetur,

115 1626 288 1663 repugnat,
316 1622 378 1651 etsi
406 1620 600 1659 interpretes
628 1619 738 1650 uxoris
766 1619 890 1649 Noachi
917 1618 1043 1648 furnum
1070 1618 1152 1656 aqua
1178 1618 1342 1647 bullivisse
1371 1618 1550 1657 explicandi
1576 1618 1675 1648 causa
1700 1618 1815 1648 dicunt.
1861 1619 1912 1648 Ex

116 1685 194 1715 libro
222 1684 308 1714 doct.
339 1682 475 1724 Geigeri
503 1682 608 1720 (XVas
637 1682 691 1712 hat
719 1681 924 1712 Mohammed
955 1691 1014 1711 aus
1041 1681 1113 1711 dem
1132 1679 1351 1709 Judenthume
1383 1679 1623 1720 ausgenommen
1640 1675 1677 1718 2)
1704 1688 1815 1718 aquas,
1840 1679 1912 1717 qui-

115 1748 173 1776 bus
208 1746 376 1776 humanum
413 1754 518 1785 genus
555 1749 700 1784 tempore
734 1744 858 1773 Noachi
898 1743 1106 1784 puniebatur,
1134 1743 1290 1773 Rabbinis
1327 1741 1468 1772 servidas
1495 1741 1599 1771 fuisse
1625 1742 1854 1782 cognoscimus
1882 1751 1911 1781 p.

119 1811 186 1841 110
214 1819 261 1848 sq.
323 1810 362 1839 Et
391 1810 420 1838 in
449 1810 519 1838 loco
546 1808 679 1838 Jesaiae
707 1808 744 1840 C.
772 1806 830 1847 31,
858 1808 890 1837 9.
919 1814 986 1835 vox
1020 1809 1086 1837 ”252
1114 1807 1355 1835 instrumentum
1382 1803 1530 1843 puniendi
1558 1802 1744 1843 significare
1777 1804 1913 1834 videtur.

118 1873 207 1911 Quae
234 1877 338 1902 autem
367 1871 395 1900 in
422 1870 553 1900 scholiis
576 1870 613 1900 ad
629 1869 846 1908 explicandam
867 1872 959 1900 vocis
982 1869 1114 1898 formam
1136 1867 1331 1903 adtulerunt,
1358 1876 1397 1896 ea
1416 1866 1506 1905 parvi
1529 1866 1624 1896 facio.
1661 1867 1695 1895 ln
1721 1865 1783 1896 fine
1802 1866 1913 1897 scholii

117 1935 156 1965 ad
171 1933 390 1974 explicandam
410 1942 521 1962 vocem
536 1942 575 1962 ex
591 1941 674 1961 voce
689 1935 774 1975 »ἀμίδ’
787 1938 885 1963 ortam
905 1940 1042 1970 sequens
1053 1939 1169 1962 versus
1186 1929 1345 1960 adductus
1363 1933 1415 1958 est
1431 1929 1537 1967 (metr.
1549 1928 1693 1968 VVafir):
1722 1930 1749 1959 A
1765 1929 1783 1958 h
1795 1930 1913 1960 raba-

116 1998 203 2026 hum
234 1996 425 2025 Ausitam
453 1993 539 2023 vidi
565 2002 609 2023 se
637 1995 914 2024 extollentem
942 1994 994 2024 ad
1024 2000 1259 2023 extremos
1287 1992 1418 2031 fines,
1447 1992 1533 2022 dum
1561 1991 1692 2021 socio
1720 1983 1917 2022 carebat.⁴

120 2069 151 2097 4.
201 2067 267 2095 Tibe·
286 2068 412 2103 ymnius
437 2069 485 2094 est
506 2075 546 2094 an
571 2066 709 2094 camelae
731 2066 883 2094 laetoriae
905 2066 1021 2094 multae
1043 2063 1220 2105 (yraliores
1241 2062 1338 2104 sunt)
1362 2065 1520 2094 communi
1536 2063 1623 2100 pullo
1644 2066 1806 2102 propitiae,
1833 2066 1915 2093 iuter

729 2129 809 2158 quas
832 2129 966 2156 maqnae
988 2123 1018 2148 el
1037 2129 1188 2149 uwencue
1211 2123 1297 2156 sunt,

114 2179 146 2207 5.
193 2176 295 2212 Quasi
315 2176 445 2204 lavacra
469 2177 500 2202 in
526 2175 636 2211 oppido
657 2174 752 2211 plena
776 2175 818 2202 ad
837 2184 946 2204 earum
968 2179 1094 2204 ventres
1114 2183 1272 2210 suspensa
1295 2177 1377 2212 siut,
1400 2184 1496 2212 qmcm
1520 2173 1649 2203 Aurora
1672 2174 1833 2210 adparet?

215 2246 327 2275 Libum
366 2254 432 2274 cum
469 2242 598 2273 camelis
634 2242 774 2272 lactariis
811 2243 959 2285 confert,
997 2248 1061 2273 tum
1098 2244 1240 2274 camelas
1280 2244 1362 2274 lacte
1402 2243 1601 2274 abundantes
1637 2242 1799 2273 describit.
1862 2243 1912 2272 Ad

116 2308 337 2348 explicandam
354 2316 466 2337 vocem
495 2301 596 2333 ‘aisti-2200
622 2304 744 2334 faciunt
766 2314 846 2343 quae
869 2306 1062 2345 Djeuharius
1081 2308 1258 2345 adnotavit,
1288 2308 1414 2337 Arabes
1444 2305 1602 2336 interdum
1631 2304 1745 2334 multas
1772 2305 1911 2334 camelas

116 2372 167 2402 uni
194 2372 278 2411 pullo
307 2370 460 2410 propitias
487 2368 634 2408 reddere,
661 2372 707 2401 ut.
735 2378 753 2398 a
781 2369 903 2408 quibus,
931 2370 956 2399 si
984 2371 1076 2409 pullis
1096 2370 1221 2399 omnino
1248 2373 1390 2408 careant,
1408 2368 1458 2398 lac
1476 2367 1663 2407 retineatur,
1685 2366 1733 2396 lac
1751 2365 1912 2404 copiosum

116 2435 269 2464 emittant.
326 2432 432 2462 Ubera
467 2432 551 2461 lacte
584 2432 678 2470 plena
712 2439 782 2461 cum
818 2431 958 2462 lavacris
985 2433 1068 2471 aqua
1096 2432 1195 2471 plenis
1230 2431 1260 2460 in
1301 2430 1416 2470 oppido
1450 2429 1592 2462 contulit.
1644 2430 1720 2460 Vox
1743 2426 1843 2466 5,th
1882 2426 1910 2456 in

117 2501 272 2536 sequente
300 2505 398 2525 versu
427 2495 565 2525 occurrit
592 2496 700 2534 (metr.
730 2493 874 2533 W'afir):
918 2494 1273 2534 Quotiescunque
1308 2503 1447 2524 eorum
1476 2493 1629 2523 ductor
1664 2489 1839 2520 erravit
1867 2492 1906 2518 et

119 2566 264 2587 eorum
306 2559 488 2587 lavacra
524 2557 715 2595 vespera
753 2556 890 2587 lactis
925 2565 1061 2586 vacua
1097 2559 1249 2586 erant.»
1318 2555 1380 2585 llic
1414 2553 1561 2594 loquendi
1589 2551 1701 2582 modus
1735 2551 1762 2580 ei
1789 2551 1904 2580 similis
