2155 2892
887 128 1158 159 -554—

132 241 281 270 staturam
310 242 498 272 comparans
521 231 694 262 coniunxit.
747 230 837 260 Loco
865 229 954 259 vocis
983 224 1111 272 &2⁸53ae
1137 226 1166 256 in
1192 225 1348 256 Mersukii
1375 223 1486 254 codice
1512 222 1641 269 ‹4045ae
1671 223 1722 254 »in
1748 223 1919 263 propositis

129 300 229 330 firmis
263 300 331 328 suis
364 297 502 338 »legitur
529 296 547 325 i.
576 306 605 326 e.
646 300 679 325 ut
707 293 833 335 gladius
861 303 926 323 rem
953 290 1107 330 dissecat,
1134 289 1180 318 sic
1205 288 1248 318 illi
1273 287 1438 327 proposita
1464 286 1639 326 perficiunt.
1693 286 1813 317 Vocem
1839 298 1920 333 &ma

129 362 273 402 sagittae
300 364 422 399 partem
457 359 538 388 inter
575 356 742 396 cuspidem
781 355 924 393 alamque
954 351 1154 393 significare,
1181 350 1374 381 scholiastes
1403 359 1503 380 versu
1531 358 1550 379 a
1576 350 1784 389 grammatico
1812 350 1916 381 Chalil

131 423 237 453 adlato
265 422 399 461 probare
421 420 530 451 studet
558 420 667 457 (metr.
683 416 845 456 'l'hawil):
872 415 1047 446 Medium
1074 413 1274 454 sagittae
1301 413 1378 442 sub
1406 414 1553 451 pectus
1589 411 1682 442 eius
1713 412 1918 443 transivit

128 490 171 516 et
198 485 240 516 in
267 485 381 514 latus
408 482 642 513 sinistrum
670 480 872 520 pervasit
899 483 939 508 et
965 482 1182 508 retrusum
1212 473 1408 504 nonfuit.

127 577 327 618 (11'206.)
351 581 383 608 2.
428 577 562 614 Quando
585 585 715 606 muscus
736 577 769 604 in
791 575 889 603 medio
914 575 1012 610 capite
1032 581 1124 600 mane
1136 571 1220 609 sluil,
1235 570 1367 608 vespert?
1389 579 1441 598 eos
1462 571 1497 599 ob
1516 573 1759 607 qenerosilatem
1778 574 1922 608 aeyrolos

923 637 993 655 esse
1013 629 1119 663 palas.

239 702 355 731 Eorum
383 700 497 741 agendi
525 699 636 729 rationi
664 698 693 726 in
719 697 800 726 bello
829 696 982 726 rationem
1011 697 1099 735 pacis
1127 699 1271 733 tempore
1297 694 1326 723 in
1355 693 1512 724 hominum
1541 696 1748 725 consessibus
1777 695 1916 735 opponit.

129 765 246 794 Museo
276 764 365 793 viros
393 771 518 801 quoque
546 769 624 789 usos
654 768 748 798 esse,
788 767 829 787 ex
864 761 974 786 nostro
1005 756 1075 786 loco
1103 761 1136 786 et
1163 757 1254 788 llam.
1279 758 1320 785 ‘tvl
1349 766 1381 786 v.
1411 756 1442 786 2.
1471 755 1627 786 videmus.
1680 757 1714 785 ln
1742 757 1920 795 posteriore

128 833 220 867 parte
250 835 307 856 eos
331 828 480 865 aegrotos
508 823 547 852 oli
567 820 820 863 generositatem
850 819 997 858 adpellat.
1026 819 1227 849 Scholiastes
1252 819 1444 858 gravitatem
1472 822 1504 847 et
1532 817 1695 857 pudorem,
1720 827 1812 856 quem
1840 827 1918 848 con-

126 892 288 926 servaret,
320 886 381 915 etsi
409 885 549 924 vespera
577 884 651 913 vino
679 882 822 921 occupati
853 886 977 922 essent,
1005 880 1177 921 significari
1208 885 1308 920 putat.
1374 880 1575 920 Quamquam
1604 885 1700 919 poeta
1726 889 1828 918 neque
1854 880 1919 909 vini

126 959 228 989 neque
258 947 388 987 pudoris
415 948 605 976 mentionem
634 944 758 984 fecerit,
787 949 893 974 tamen
915 952 980 973 rem
1004 943 1047 972 ita
1064 952 1101 972 se
1129 942 1246 972 habere
1271 952 1312 972 ex
1341 942 1572 972 consuetudine
1600 941 1765 982 generosis
1792 941 1918 980 propria

130 1013 284 1053 cognosci
312 1018 429 1049 posse,
458 1008 541 1038 dicit.
607 1007 718 1038 Virum
749 1008 788 1037 ob
818 1006 969 1046 pudorem
998 1009 1166 1046 aegrotum
1192 1004 1343 1044 adpellari
1370 1005 1464 1034 Ham.
1500 1004 1552 1033 wi*
1579 1013 1610 1033 v.
1639 1004 1670 1032 4.
1699 1007 1731 1032 et
1757 1001 1803 1031 w?
1829 1011 1861 1031 v.
1885 1002 1917 1032 6.

127 1074 277 1104 vidimus.
341 1072 421 1102 Mihi
459 1076 563 1101 autem
591 1071 633 1100 nil
660 1069 811 1110 impedire
839 1068 988 1107 videtur,
1027 1068 1194 1107 quominus
1229 1076 1295 1096 vox
1322 1065 1372 1112 1·ss
1400 1065 1440 1095 ad
1466 1065 1683 1096 liberalitatem
1710 1067 1856 1105 spectet,
1883 1070 1918 1093 ut

127 1144 244 1165 sensus
281 1136 334 1174 sit,
363 1143 418 1164 eos
456 1133 530 1162 vino
558 1136 734 1171 occupatos
767 1135 855 1162 tanta
893 1130 1081 1160 liberalitate
1117 1128 1178 1170 uti,
1206 1133 1240 1158 ut
1267 1128 1307 1158 ea
1334 1128 1459 1169 aegroti
1486 1127 1675 1166 videantur3
1712 1125 1807 1156 talem
1835 1125 1919 1155 enim

126 1197 242 1238 agendi
270 1196 393 1227 modum
420 1196 546 1226 Arabes
573 1199 705 1225 veteres
732 1193 914 1224 laudabant.

953 1288 1098 1321 xxx.

193 1365 336 1400 Alius
358 1374 384 1398 e
414 1365 558 1406 gente
588 1363 718 1397 Thai
741 1363 1039 1397 All-abibunt
1064 1364 1110 1396 et
1133 1363 1499 1405 θειιιιεινεῑίιιιιιι,
1535 1361 1663 1395 filios
1694 1359 1852 1404 sijadi

603 1418 839 1452 Alihsitas
857 1419 1074 1451 mon-tuos
1098 1416 1307 1450 latissaus
1331 1415 1465 1449 «lixit.

711 1475 800 1520 (ante
827 1478 977 1507 Islamum
1004 1486 1051 1507 co
1067 1476 1120 1506 nf.
1149 1476 1239 1508 Ham.
1269 1472 1337 1517 W.)

131 1554 154 1583 l.
199 1553 274 1582 Etsi
293 1552 527 1582 vicissitudines
549 1551 697 1589 temporis
717 1560 765 1579 me
788 1550 1011 1587 adfle'serunt5
1035 1553 1139 1578 tamen
1161 1550 1317 1577 nerninem
1338 1549 1402 1577 vidi
1418 1550 1613 1584 pereuntem,
1631 1548 1686 1585 qui
1702 1545 1778 1584 filiis
1799 1545 1920 1574 duobus

836 1605 943 1642 Sijucli
965 1605 1078 1634 similis
1099 1605 1210 1643 faeril.

230 1683 316 1713 Duos
344 1684 414 1714 illos
441 1683 530 1713 viros
560 1684 796 1722 comparatione
824 1682 969 1712 instituta
985 1682 1121 1712 caeteris
1138 1679 1384 1710 excellentiores
1403 1678 1502 1708 fuisse
1526 1677 1615 1708 dixit.
1644 1677 1788 1706 Verbum
1802 1678 1919 1717 &xa-35>

129 1745 322 1777 scholiastes
348 1747 457 1776 verbis
483 1752 541 1786 &a
568 1741 696 1784 ωᾲρἳ
721 1742 844 1786 ⁴*guiffa-:l
871 1745 1060 1785 explicavit3
1089 1743 1144 1774 sed
1173 1744 1275 1772 minus
1304 1745 1480 1778 accurrate,
1513 1750 1584 1770 nazn
1610 1741 1709 1770 verbo
1739 1739 1917 1769 vehemen-

129 1813 178 1838 ter
207 1808 315 1838 ureudi
342 1818 387 1838 sc.
417 1808 523 1838 dolore
552 1807 746 1848 significatio
777 1806 934 1836 convenit.
964 1806 1053 1835 Alter
1082 1805 1208 1845 legendi
1237 1804 1350 1833 modus
1377 1806 1493 1845 &KQ-2>
1521 1806 1581 1842 est,
1605 1802 1655 1832 cui
1684 1800 1822 1832 mutandi
1849 1801 1920 1830 vel

130 1880 228 1909 super
256 1873 458 1900 extremitate
485 1870 622 1910 ponendi
649 1871 668 1899 i.
697 1880 725 1899 e.
753 1869 926 1910 adfligendi
954 1868 1146 1909 significatio
1175 1866 1342 1896 tribuenda
1368 1866 1505 1896 videtur.

130 1970 162 1997 2.
207 1969 237 1996 12·
257 1969 336 1996 duae
359 1968 488 1996 lanceae
511 1967 767 1997 Challztllaenses
790 1970 882 1995 eran!
900 1968 1023 2005 fuscae,
1050 1968 1193 1998 directae,
1219 1974 1339 1994 cannae
1360 1967 1473 1993 rectae.

230 2037 308 2074 Εοε,
336 2041 368 2066 ut
397 2036 538 2076 videtur,
555 2036 593 2065 ob
613 2041 769 2066 staturam
788 2045 950 2076 proceram
979 2045 1046 2066 cum
1074 2035 1198 2065 duabus
1227 2033 1349 2065 lanceis
1371 2032 1496 2072 optimis
1516 2036 1688 2071 comparat.
1717 2032 1798 2063 Cum
1813 2031 1920 2073 gladio

131 2098 231 2127 fortes
260 2099 351 2127 Ham.
382 2100 415 2128 tr‘l
444 2104 476 2129 et
511 2100 556 2128 ΓΜ
590 2109 622 2128 v.
661 2099 704 2137 6.,
732 2099 770 2128 ob
806 2103 960 2129 staturam
988 2103 1096 2129 autem
1123 2098 1216 2128 Ham.
1244 2095 1301 2125 &1⁹0
1328 2105 1360 2124 v.
1390 2095 1421 2125 2.
1446 2094 1573 2133 (conf.
1601 2093 1716 2133 p.⁴lt”t²)
1741 2093 1919 2133 comparati·

129 2163 216 2190 sunt.
263 2159 413 2189 Lanceae
448 2160 710 2191 Chaththaeuses
743 2171 762 2191 a
791 2161 862 2191 vico
893 2162 922 2191 in
949 2160 1110 2200 provincia
1137 2158 1275 2189 Bahrain
1302 2157 1484 2196 appellatae
1511 2155 1669 2186 dicuntur.
1708 2156 1919 2186 Excellentes

130 2225 229 2251 erant.
259 2220 375 2250 cont·
404 2222 494 2250 Ham.
522 2223 577 2250 ΓΜ.
607 2222 717 2252 Canna
746 2223 834 2253 susca
860 2228 985 2253 matura
1011 2226 1058 2251 est
1086 2221 1205 2251 lanceis
1233 2226 1317 2260 apta.
1387 2221 1487 2251 Poeta
1515 2220 1544 2251 in
1574 2230 1674 2251 versu
1700 2229 1800 2250 voces
1825 2216 1920 2247 Maseli

128 2280 233 2311 „umis
261 2282 460 2322 coniungens
491 2282 572 2312 haud
601 2286 685 2312 recte
715 2283 801 2323 fecit,
818 2285 935 2324 quippe
962 2294 1022 2314 una
1051 2293 1114 2313 vox
1133 2284 1257 2313 hastam
1279 2293 1340 2322 ope
1368 2283 1450 2324 ignis
1478 2282 1642 2323 directam,
1657 2283 1758 2315 altera
1782 2281 1919 2319 hastam,

130 2354 211 2384 quae
238 2350 328 2375 recta
354 2345 471 2374 natura
497 2344 565 2385 fuit,
597 2350 630 2374 ut
661 2344 753 2385 dirigi
781 2345 866 2374 haud
891 2354 972 2385 opus
999 2350 1100 2386 esset,
1128 2346 1286 2386 designet.

130 2465 163 2493 3.
212 2466 307 2494 Terra
333 2469 452 2494 terrore
475 2465 630 2503 impletur,
657 2466 740 2502 quod
761 2476 780 2494 a
800 2467 875 2495 viris
897 2467 1000 2494 instar
1022 2464 1133 2492 kar-um
1154 2463 1286 2492 duorum
1311 2462 1527 2492 conculcatur.
1549 2459 1751 2492 Cumtalibus
1773 2462 1829 2488 aul
1849 2466 1918 2494 pax

800 2520 913 2549 colitur
934 2523 990 2548 aut
1010 2520 1167 2548 hostilitas
1191 2521 1246 2547 est.

239 2589 343 2618 Tanto
376 2589 488 2619 robore
516 2588 648 2628 praediti
676 2592 776 2630 erant,
804 2594 838 2620 ut
865 2590 936 2629 ipsa
962 2593 1060 2630 terra,
1088 2597 1179 2628 quam
1206 2596 1376 2627 personam
1406 2595 1482 2616 esse
1509 2584 1612 2625 fingit,
1638 2584 1674 2615 iis
1701 2583 1917 2615 incedentibus
