2155 2892
848 156 1093 189 ...13-

139 256 303 298 praeteriti
328 256 428 286 forma
453 257 506 285 sit.
558 254 642 286 Huic
666 255 920 295 respondendum
946 261 1009 295 est,
1035 256 1227 287 sententiam
1254 262 1497 297 consequentem
1525 256 1652 304 (⁸2³5)?)
1674 265 1706 292 in
1722 264 1829 294 verbis
1845 261 1916 309 μὴὸ

140 320 272 350 verbum
307 326 369 347 non
403 325 494 358 esse3
533 316 592 347 sed
626 317 733 356 phrasi
768 319 920 348 contineri
946 320 1119 358 composita
1156 320 1299 351 subiecto
1334 319 1476 365 (sio-24»)
1511 328 1543 353 et
1581 324 1773 365 praedicato,
1806 328 1915 367 (quasi

140 381 270 412 dixerim
306 390 392 426 &aa
421 376 481 416 [μῤ
507 381 574 420 ⁸³25>
602 377 693 419 055351
721 381 785 416 Aa?
811 390 840 417 a.)
872 379 915 425 (⁴3⁸
947 377 1002 424 bo,
1028 377 1140 419 &fialas
1178 382 1281 422 »quod
1308 383 1346 413 ad
1373 386 1488 415 atrium
1516 390 1601 416 tuum
1631 388 1756 427 attinet,
1782 389 1913 428 saepius

138 446 168 473 iu
195 452 233 472 eo
260 443 384 482 agmina
412 442 613 472 advenientia
641 447 715 481 post
742 443 869 483 agmina
903 447 1062 474 steterunt
1097 448 1240 484 tempore
1268 446 1464 485 praeterito«
1494 452 1525 477 et
1552 448 1690 478 litteram
1716 450 1755 480 Q
1780 449 1811 479 in
1836 459 1914 480 seu-

138 505 237 538 tentia
264 510 479 544 consequente
505 515 565 535 nou
600 505 757 542 adhiberi,
794 506 856 536 nisi
886 515 977 545 quum
1012 508 1170 537 sententia
1207 517 1406 547 consequens
1444 510 1614 541 conditioni
1646 521 1707 541 non
1747 517 1912 553 congruat.

137 569 206 598 Hoc
240 567 408 608 accidere,
447 568 474 597 si
513 568 672 597 sententia
711 576 909 606 consequens
948 569 1095 599 subiecto
1122 574 1154 599 et
1182 571 1376 609 praedicato,
1416 581 1476 601 nec
1504 582 1582 602 vero
1609 574 1709 604 verbo
1737 579 1769 605 et
1795 581 1914 616 agente

137 627 322 673 efficiatur).
373 631 465 661 Haec
490 630 610 660 uncinis
639 630 760 660 inclusa
786 640 828 660 ex
853 631 1021 661 Mersukio
1049 631 1164 673 addidi,
1191 638 1226 662 ut
1253 642 1305 662 res
1335 633 1450 663 clarior
1475 634 1596 675 legenti
1623 635 1677 665 sit.
1729 635 1778 666 Re
1805 642 1913 667 autem

135 694 180 724 ita
205 694 387 733 constituta,
414 703 523 723 vocem
548 694 626 723 bene
652 702 689 722 se
716 693 832 722 habere
859 698 892 723 et
917 703 1046 724 sensum
1075 695 1170 724 talem
1198 694 1282 724 fieri:
1310 696 1382 725 Etsi
1409 705 1488 726 nuno
1516 697 1628 728 atrium
1655 701 1742 728 tuum
1771 699 1912 729 relictum

137 756 257 792 evenit,
285 753 344 784 hoc
370 763 425 793 pro
455 763 492 784 eo
520 758 580 795 est,
608 754 692 794 quod
719 758 811 785 antea
837 755 1068 794 frequentatum
1095 762 1172 786 erat.
1225 757 1349 787 Arabes
1378 760 1460 788 enim
1487 759 1594 790 dicunt
1619 753 1709 798 »SDq
1736 755 1800 789 ῐώὣ
1830 761 1913 791 »hoo

135 827 191 857 pro
219 818 271 847 illo
297 820 317 848 i.
332 828 359 847 e.
387 817 446 847 hoc
473 817 556 847 illius
580 817 660 848 loco.
689 817 800 856 (Quod
829 828 906 848 vero
936 820 1142 858 praeteritum
1169 825 1243 859 post
1274 821 1458 859 particulam
1483 824 1520 866 0⁸
1548 822 1686 860 positum
1718 823 1910 860 inveniatur,

134 881 195 912 hoc
220 890 257 911 eo
284 881 399 910 factum
425 889 509 920 esse,
536 880 618 919 quod
645 881 798 919 particula
824 881 878 911 illa
900 882 1051 919 adhibita,
1080 892 1174 922 quum
1201 883 1408 913 conditionem
1436 883 1596 925 designet,
1623 885 1724 915 forma
1750 886 1912 925 praeteriti

135 952 266 973 sensum
291 942 388 972 futuri
414 943 558 983 accipiat,
587 943 847 982 quemadmodum
872 945 1026 984 particula
1053 942 1084 989 (Δ
1112 945 1238 983 efficiat,
1268 950 1302 975 ut
1328 948 1470 985 sequenti
1499 947 1604 978 futuro
1623 948 1785 987 praeteriti
1808 948 1911 987 signi-

134 1003 237 1034 ficatio
264 1004 332 1043 sit).
383 1005 474 1035 Haec
501 1015 541 1034 ex
568 1006 724 1035 Mersukii
752 1006 858 1037 codice
885 1007 999 1038 addidi.
1053 1010 1173 1039 Beatus
1200 1009 1240 1039 de
1267 1010 1393 1050 Sacyus
1422 1008 1548 1051 (Gram.
1571 1011 1669 1040 Arab.
1687 1011 1723 1040 T.
1745 1012 1780 1041 11.
1811 1011 1911 1049 603.)

134 1070 229 1097 totum
257 1066 323 1096 fere
348 1066 449 1097 locum
477 1068 650 1107 exscripsit
676 1068 716 1098 ad
748 1070 959 1111 probandum,
996 1071 1024 1101 si
1052 1072 1185 1101 verbum
1213 1068 1278 1116 ΦΚ
1304 1072 1526 1111 interpositum
1551 1073 1593 1103 sit
1619 1073 1701 1103 inter
1728 1073 1912 1113 particulam

132 1128 170 1175 Οἳ
198 1135 230 1160 et
255 1131 471 1171 praeteritum,
487 1131 563 1171 vim,
590 1140 671 1171 quae
699 1131 852 1170 particula
879 1133 908 1162 in
933 1135 1135 1172 praeteritum
1163 1140 1325 1175 exerceat,
1354 1136 1429 1165 tolli.
1466 1135 1534 1165 Res
1560 1136 1602 1166 ita
1628 1145 1663 1166 re
1685 1145 1764 1166 vera
1789 1145 1825 1166 se
1852 1135 1912 1166 ha-

132 1193 210 1222 bens
237 1193 356 1223 varium
383 1193 609 1233 interpretandi
635 1194 760 1225 modum
788 1195 932 1227 admittit.
984 1197 1053 1227 Res
1080 1203 1183 1228 autem
1210 1197 1282 1227 mihi
1310 1197 1444 1227 dilucide
1470 1200 1519 1227 sic
1545 1198 1699 1237 explicari
1727 1207 1827 1237 posse
1857 1198 1911 1227 vi-

133 1254 234 1297 detur,
262 1261 296 1286 ut
321 1257 445 1286 nonnisi
472 1258 502 1287 in
529 1259 660 1288 verbum
688 1257 754 1303 ΘΚ
776 1260 934 1299 particula
959 1261 1023 1290 vim
1050 1269 1139 1290 suam
1167 1265 1327 1301 exerceat,
1356 1265 1388 1289 et
1414 1260 1618 1298 praeteritum
1645 1269 1786 1300 sequens
1814 1270 1910 1299 prae-

132 1317 224 1349 dicati
250 1319 338 1349 verbi
363 1317 428 1365 015
453 1321 553 1351 locum
580 1325 697 1351 teneat.
761 1323 833 1352 Hoc
867 1323 959 1353 modo
986 1324 1086 1354 verba
1113 1324 1242 1368 &²5⁵⁵
1267 1321 1351 1356 2225
1377 1322 1415 1368 υἱ
1442 1327 1518 1352 sunt
1544 1332 1600 1362 pro
1630 1320 1736 1369 kmi-³>
1761 1322 1844 1356 uad-s
1871 1322 1911 1367 Οἳ

136 1382 194 1413 »Si
209 1392 290 1414 nunc
305 1393 340 1414 es
357 1385 469 1415 exiens
488 1387 506 1415 i.
526 1397 553 1416 e.
570 1387 622 1427 qui
636 1387 724 1428 exiit,
742 1396 813 1416 nam
828 1386 993 1426 participio
1009 1386 1174 1426 praeteriti
1188 1395 1311 1425 quoque
1327 1385 1477 1425 temporis
1492 1384 1685 1426 significatio
1700 1394 1776 1415 esse
1793 1389 1909 1425 potest.

131 1485 163 1515 3.
190 1483 234 1515 Tu
258 1495 328 1514 vero
345 1495 363 1513 a
376 1488 404 1514 te
419 1486 565 1513 visitante
579 1484 666 1513 haud
676 1484 766 1521 Ionye
782 1487 919 1513 remotus
931 1486 1042 1523 fm‘sti,·
1064 1486 1132 1518 imo,
1153 1483 1280 1522 quilibet
1295 1483 1382 1512 ἱρῇ-ἁ
1397 1483 1578 1512 reconditus
1594 1482 1687 1520 lonqe
1698 1486 1834 1512 remotus
1850 1486 1906 1511 est.

227 1554 373 1585 Vidimus
400 1554 430 1584 in
455 1563 552 1584 versu
581 1554 790 1584 antecedente
818 1551 888 1598 &255
916 1554 999 1595 legi,
1035 1559 1070 1584 ut
1103 1552 1154 1583 hic
1178 1562 1296 1582 versus
1334 1554 1521 1582 sententiam
1549 1557 1800 1593 consequentem
1827 1561 1908 1582 con-

131 1616 256 1647 ditionis
283 1617 460 1657 exprimere
486 1626 547 1646 non
574 1616 695 1657 possitj,
723 1615 792 1653 sed,
819 1616 858 1645 de
873 1626 956 1646 novo
971 1625 1100 1647 sensum
1128 1617 1265 1656 incipiat,
1282 1625 1417 1647 necesse
1434 1616 1486 1646 sit.
1514 1615 1603 1645 Initio
1623 1624 1740 1645 versus
1760 1619 1906 1653 tanquam

130 1690 187 1711 eos
216 1681 464 1720 vituperatur-us,
492 1680 543 1719 qni
570 1684 728 1709 mortuum
754 1688 815 1708 non
843 1678 976 1718 amplius
1005 1679 1213 1719 frequentent,
1244 1679 1327 1719 dicit,
1354 1682 1510 1711 mortuum
1540 1688 1600 1708 non
1627 1680 1780 1707 remotum
1807 1676 1909 1707 fuisse

129 1752 149 1773 a
173 1744 351 1783 visitaturo,
380 1748 442 1773 tum
471 1752 549 1773 vero
576 1752 613 1772 se
643 1743 732 1781 quasi
756 1743 919 1783 corrigens
949 1741 1031 1780 dicit,
1066 1747 1222 1772 moi-tuum
1249 1742 1364 1781 ipsum,
1400 1742 1461 1772 etsi
1496 1742 1525 1771 in
1558 1741 1708 1781 sepulcro
1733 1741 1907 1780 propinquo

129 1807 242 1843 iaceat,
269 1816 302 1836 re
329 1816 407 1836 vera
433 1807 530 1847 longe
559 1812 714 1836 remotum
741 1802 836 1836 esse.‘
879 1806 1079 1836 Scholiastes
1116 1809 1239 1843 autem,
1280 1810 1437 1834 mortuum
1474 1813 1534 1833 non
1567 1808 1722 1833 remotum
1755 1812 1831 1832 esse
1866 1803 1906 1841 ei,

129 1868 181 1908 qui
207 1878 278 1898 eum
305 1869 395 1899 laude
423 1874 455 1899 et
482 1868 561 1898 fletu
590 1868 780 1898 visitaturus
808 1873 862 1898 aut
889 1868 940 1907 qui
967 1868 1007 1898 ad
1034 1869 1099 1898 eius
1126 1867 1304 1907 sepulcrum
1333 1873 1487 1897 venturus
1515 1867 1568 1907 sit,
1595 1866 1678 1897 dicit.
1729 1865 1905 1895 Posteriori

129 1932 306 1970 explicandi
332 1932 423 1962 modo
451 1941 514 1972 ego
541 1931 713 1970 adsentior,
741 1941 811 1962 cum
837 1932 899 1961 hoc
926 1931 1007 1961 enim
1027 1931 1191 1970 sequentia
1207 1931 1306 1960 verba
1322 1930 1424 1970 magis
1445 1938 1585 1970 congrua
1599 1928 1760 1969 videntur,
1788 1929 1904 1969 quippe

127 1992 158 2022 in
184 1995 295 2032 quibus
324 1996 490 2025 excusatio
519 1996 582 2031 sit,
609 2005 664 2025 cur
690 1996 759 2025 eius
791 1995 973 2034 sepulcrum
1000 2005 1061 2025 non
1088 1995 1241 2035 visitent,
1280 2003 1373 2034 quum
1401 2003 1442 2023 ex
1467 1993 1599 2023 visitato
1627 1992 1795 2033 sepulcro,
1833 1991 1906 2021 dum

127 2054 196 2094 ipsa
224 2057 336 2085 mortui
362 2067 500 2096 persona
526 2057 620 2097 longe
648 2062 769 2086 remota
797 2057 853 2094 sit,
892 2058 1011 2088 nullum
1041 2058 1237 2088 commodum
1265 2057 1385 2097 capturi
1411 2057 1483 2087 sint.
1536 2057 1601 2087 Sed
1628 2057 1669 2086 nil
1696 2057 1826 2087 obstare
1855 2057 1906 2086 vi-

127 2117 228 2150 detur.
259 2121 330 2157 quin
356 2120 439 2158 prior
466 2129 583 2149 versus
611 2129 686 2158 pars
716 2120 781 2149 vivi
808 2120 1016 2150 conditionem
1045 2125 1185 2161 tempore
1213 2121 1407 2161 praeterito,
1446 2121 1604 2161 posterior
1643 2120 1752 2151 mortui
1789 2119 1902 2162 condi-5

127 2181 245 2210 tionem
271 2186 411 2221 tempore
438 2186 606 2221 praesente
632 2182 807 2221 respiciens
836 2182 929 2213 talem
956 2193 1090 2214 sensum«
1112 2184 1242 2214 offerat:
1272 2183 1364 2222 Eum,
1392 2192 1482 2222 quum
1512 2183 1606 2212 vivus
1627 2186 1728 2222 esset,
1756 2181 1900 2211 omnibus

127 2252 195 2273 eum
220 2243 351 2274 adituris
379 2245 499 2275 facilem
525 2255 660 2276 accessu
686 2245 806 2285 suisse3
833 2251 988 2276 mortuum
1015 2249 1120 2276 autem
1149 2247 1301 2276 nemiuem
1329 2246 1415 2276 adire
1443 2255 1546 2287 posse.
1582 2246 1616 2276 In
1632 2243 1900 2275 Ebu-Challikani

127 2311 221 2343 opere
249 2305 268 2335 l.
296 2315 324 2336 c.
349 2303 429 2347 egil,
460 2308 588 2348 legitur.

974 2377 1055 2411 TI.

352 2442 500 2482 {llius
523 2442 723 2486 quidam
748 2442 869 2477 (fixit
914 2446 966 2483 (ln
989 2446 1118 2475 scholiis
1141 2445 1180 2475 de
1204 2452 1332 2476 auctore
1356 2446 1458 2484 opinio
1481 2444 1666 2484 profertur).

124 2507 151 2537 l.
176 2506 214 2537 Si
234 2519 332 2547 aquae
353 2513 584 2549 receptaculum
607 2514 736 2543 Himaro
755 2515 881 2553 fuisset,
906 2517 939 2542 Ιιι
961 2514 1033 2542 inde
1055 2515 1118 2542 uisi
1139 2513 1264 2542 Himuri
1285 2514 1375 2541 reniti
1395 2513 1479 2543 duta.
1503 2520 1665 2549 nunquam
1687 2510 1836 2540 bibisses!

222 2577 371 2617 Causam,
400 2589 453 2610 cur
480 2581 616 2612 defuncti
642 2586 774 2613 mortem
800 2583 918 2624 lugeat,
947 2590 1008 2612 uuo
1035 2581 1120 2612 facto
1148 2581 1303 2612 declarat.
1355 2581 1400 2611 Se
1429 2580 1480 2610 illo
1508 2584 1635 2610 mortuo
1660 2580 1755 2610 vilem
1782 2583 1814 2610 et
1840 2579 1902 2610 im-

121 2634 465 2681 potenteiqssiedditum
483 2652 557 2672 esse
578 2642 667 2683 dicit3
695 2644 813 2675 factum
840 2643 920 2673 enim
944 2651 1015 2673 esse
1037 2642 1122 2684 dicit,
1149 2648 1183 2674 ut
1205 2643 1266 2674 iam
1292 2652 1373 2673 nunc
1398 2641 1493 2672 venia
1519 2650 1581 2671 non
1609 2642 1765 2671 concessa
1792 2644 1902 2671 contra
