<?xml version="1.0" encoding="UTF-8"?>
<!DOCTYPE html PUBLIC "-//W3C//DTD XHTML 1.0 Transitional//EN"
    "http://www.w3.org/TR/xhtml1/DTD/xhtml1-transitional.dtd">
<html xmlns="http://www.w3.org/1999/xhtml" xml:lang="en" lang="en">
 <head>
  <title>
</title>
<meta http-equiv="Content-Type" content="text/html;charset=utf-8" />
  <meta name='ocr-system' content='tesseract 3.04.00' />
  <meta name='ocr-capabilities' content='ocr_page ocr_carea ocr_par ocr_line ocrx_word'/>
</head>
<body>
  <div class='ocr_page' id='page_1' title='image "./p2hamassaecarmin02abbiuoft_0412.png"; bbox 0 0 2155 2892; ppageno 0'>
   <div class='ocr_carea' id='block_1_1' title="bbox 903 140 1174 171">
    <p class='ocr_par' dir='ltr' id='par_1_1' title="bbox 903 140 1174 171">
     <span class='ocr_line' id='line_1_1' title="bbox 903 140 1174 171; baseline 0 0"><span class='ocrx_word' id='word_1_1' title='bbox 903 140 1174 171; x_wconf 81' lang='lat'><strong>-400—</strong></span> 
     </span>
    </p>
   </div>
   <div class='ocr_carea' id='block_1_2' title="bbox 147 239 1929 1405">
    <p class='ocr_par' dir='ltr' id='par_1_2' title="bbox 147 239 1929 1405">
     <span class='ocr_line' id='line_1_2' title="bbox 152 239 1924 285; baseline -0.005 -6"><span class='ocrx_word' id='word_1_2' title='bbox 152 248 285 279; x_wconf 84' lang='lat' dir='ltr'>feminae</span> <span class='ocrx_word' id='word_1_3' title='bbox 311 246 349 276; x_wconf 88' lang='lat' dir='ltr'>ab</span> <span class='ocrx_word' id='word_1_4' title='bbox 376 245 445 285; x_wconf 90' lang='lat' dir='ltr'>ipso</span> <span class='ocrx_word' id='word_1_5' title='bbox 470 248 591 274; x_wconf 86' lang='lat' dir='ltr'>amatae</span> <span class='ocrx_word' id='word_1_6' title='bbox 615 242 747 273; x_wconf 80' lang='lat' dir='ltr'><strong>dixisse.</strong></span> <span class='ocrx_word' id='word_1_7' title='bbox 800 242 869 273; x_wconf 91' lang='lat' dir='ltr'>Odii</span> <span class='ocrx_word' id='word_1_8' title='bbox 901 243 1023 273; x_wconf 92' lang='lat' dir='ltr'>illorum</span> <span class='ocrx_word' id='word_1_9' title='bbox 1049 251 1177 274; x_wconf 85' lang='lat' dir='ltr'>causam</span> <span class='ocrx_word' id='word_1_10' title='bbox 1203 241 1233 271; x_wconf 90' lang='lat' dir='ltr'>in</span> <span class='ocrx_word' id='word_1_11' title='bbox 1260 250 1380 281; x_wconf 78' lang='lat' dir='ltr'>amore,</span> <span class='ocrx_word' id='word_1_12' title='bbox 1408 249 1467 280; x_wconf 89' lang='lat' dir='ltr'>quo</span> <span class='ocrx_word' id='word_1_13' title='bbox 1495 239 1641 270; x_wconf 84' lang='lat' dir='ltr'>feminam</span> <span class='ocrx_word' id='word_1_14' title='bbox 1669 242 1924 281; x_wconf 78' lang='lat' dir='ltr'><strong>amplecteretur,</strong></span> 
     </span>
     <span class='ocr_line' id='line_1_3' title="bbox 153 301 1926 347; baseline -0.004 -8"><span class='ocrx_word' id='word_1_15' title='bbox 153 310 254 340; x_wconf 83' lang='lat' dir='ltr'>fuisse</span> <span class='ocrx_word' id='word_1_16' title='bbox 280 307 403 337; x_wconf 84' lang='lat' dir='ltr'>indicat.</span> <span class='ocrx_word' id='word_1_17' title='bbox 430 306 521 337; x_wconf 89' lang='lat' dir='ltr'>Voce</span> <span class='ocrx_word' id='word_1_18' title='bbox 540 319 621 347; x_wconf 43' lang='grc' dir='ltr'>ὀνκ</span> <span class='ocrx_word' id='word_1_19' title='bbox 649 305 796 344; x_wconf 78' lang='lat' dir='ltr'>exceptio</span> <span class='ocrx_word' id='word_1_20' title='bbox 823 304 989 346; x_wconf 84' lang='lat' dir='ltr'>indicatur,</span> <span class='ocrx_word' id='word_1_21' title='bbox 1018 315 1099 345; x_wconf 85' lang='lat' dir='ltr'>qnae</span> <span class='ocrx_word' id='word_1_22' title='bbox 1126 313 1220 343; x_wconf 91' lang='lat' dir='ltr'>quum</span> <span class='ocrx_word' id='word_1_23' title='bbox 1248 302 1293 332; x_wconf 85' lang='lat' dir='ltr'>rei</span> <span class='ocrx_word' id='word_1_24' title='bbox 1321 306 1475 341; x_wconf 77' lang='lat' dir='ltr'>exceptae</span> <span class='ocrx_word' id='word_1_25' title='bbox 1505 302 1535 331; x_wconf 91' lang='lat' dir='ltr'>in</span> <span class='ocrx_word' id='word_1_26' title='bbox 1564 301 1668 340; x_wconf 84' lang='lat' dir='ltr'>priore</span> <span class='ocrx_word' id='word_1_27' title='bbox 1695 306 1784 340; x_wconf 81' lang='lat' dir='ltr'>parte</span> <span class='ocrx_word' id='word_1_28' title='bbox 1810 303 1926 333; x_wconf 87' lang='lat' dir='ltr'>mentio</span> 
     </span>
     <span class='ocr_line' id='line_1_4' title="bbox 152 362 1927 421; baseline -0.004 -21"><span class='ocrx_word' id='word_1_29' title='bbox 152 371 236 401; x_wconf 88' lang='lat' dir='ltr'>facta</span> <span class='ocrx_word' id='word_1_30' title='bbox 262 378 322 399; x_wconf 92' lang='lat' dir='ltr'>non</span> <span class='ocrx_word' id='word_1_31' title='bbox 348 370 402 407; x_wconf 86' lang='lat' dir='ltr'>sit,</span> <span class='ocrx_word' id='word_1_32' title='bbox 429 379 448 399; x_wconf 86' lang='lat' dir='ltr'>a</span> <span class='ocrx_word' id='word_1_33' title='bbox 473 368 686 410; x_wconf 79' lang='lat' dir='ltr'>grammaticis</span> <span class='ocrx_word' id='word_1_34' title='bbox 712 366 809 421; x_wconf 39' lang='lat' dir='ltr'>gs&amp;</span> <span class='ocrx_word' id='word_1_35' title='bbox 835 368 888 397; x_wconf 92' lang='lat' dir='ltr'>vel</span> <span class='ocrx_word' id='word_1_36' title='bbox 915 368 975 398; x_wconf 89' lang='lat' dir='ltr'>alio</span> <span class='ocrx_word' id='word_1_37' title='bbox 1002 367 1125 397; x_wconf 89' lang='lat' dir='ltr'>nomine</span> <span class='ocrx_word' id='word_1_38' title='bbox 1151 362 1254 414; x_wconf 53' lang='lat' dir='ltr'>gam</span> <span class='ocrx_word' id='word_1_39' title='bbox 1281 365 1458 404; x_wconf 88' lang='lat' dir='ltr'>appellatur</span> <span class='ocrx_word' id='word_1_40' title='bbox 1484 364 1587 395; x_wconf 87' lang='lat' dir='ltr'>conf.</span> <span class='ocrx_word' id='word_1_41' title='bbox 1617 363 1726 394; x_wconf 86' lang='lat' dir='ltr'>Gram.</span> <span class='ocrx_word' id='word_1_42' title='bbox 1757 364 1810 393; x_wconf 79' lang='lat' dir='ltr'>Ar.</span> <span class='ocrx_word' id='word_1_43' title='bbox 1836 365 1872 393; x_wconf 86' lang='grc' dir='ltr'>Τ.</span> <span class='ocrx_word' id='word_1_44' title='bbox 1899 365 1927 394; x_wconf 85' lang='lat'>11</span> 
     </span>
     <span class='ocr_line' id='line_1_5' title="bbox 152 425 1924 474; baseline -0.003 -13"><span class='ocrx_word' id='word_1_45' title='bbox 152 443 181 473; x_wconf 90' lang='lat' dir='ltr'>p.</span> <span class='ocrx_word' id='word_1_46' title='bbox 213 431 293 462; x_wconf 75' lang='lat'><strong>403.</strong></span> <span class='ocrx_word' id='word_1_47' title='bbox 322 432 433 473; x_wconf 84' lang='lat'>565.].</span> <span class='ocrx_word' id='word_1_48' title='bbox 485 432 607 462; x_wconf 84' lang='lat' dir='ltr'>Vocem</span> <span class='ocrx_word' id='word_1_49' title='bbox 637 434 726 474; x_wconf 44' lang='grc' dir='ltr'>ἰζ’-ὴ*</span> <span class='ocrx_word' id='word_1_50' title='bbox 754 430 854 460; x_wconf 85' lang='lat' dir='ltr'>vocali</span> <span class='ocrx_word' id='word_1_51' title='bbox 881 430 1037 460; x_wconf 82' lang='lat' dir='ltr'>Dhamma</span> <span class='ocrx_word' id='word_1_52' title='bbox 1064 434 1118 459; x_wconf 92' lang='lat' dir='ltr'>aut</span> <span class='ocrx_word' id='word_1_53' title='bbox 1145 428 1248 459; x_wconf 83' lang='lat' dir='ltr'>Fatha</span> <span class='ocrx_word' id='word_1_54' title='bbox 1275 426 1465 467; x_wconf 89' lang='lat' dir='ltr'>pronuntiari</span> <span class='ocrx_word' id='word_1_55' title='bbox 1492 435 1601 465; x_wconf 88' lang='lat' dir='ltr'>posse,</span> <span class='ocrx_word' id='word_1_56' title='bbox 1627 425 1817 455; x_wconf 81' lang='lat' dir='ltr'>scholiastes</span> <span class='ocrx_word' id='word_1_57' title='bbox 1839 425 1924 456; x_wconf 82' lang='lat' dir='ltr'>dixit.</span> 
     </span>
     <span class='ocr_line' id='line_1_6' title="bbox 150 488 1928 534; baseline -0.005 -9"><span class='ocrx_word' id='word_1_58' title='bbox 150 495 236 525; x_wconf 89' lang='lat' dir='ltr'>Illam</span> <span class='ocrx_word' id='word_1_59' title='bbox 263 495 406 525; x_wconf 84' lang='lat' dir='ltr'>vocalem</span> <span class='ocrx_word' id='word_1_60' title='bbox 442 493 471 524; x_wconf 87' lang='lat' dir='ltr'>ei</span> <span class='ocrx_word' id='word_1_61' title='bbox 505 494 688 534; x_wconf 73' lang='lat' dir='ltr'>convenire,</span> <span class='ocrx_word' id='word_1_62' title='bbox 716 493 796 532; x_wconf 86' lang='lat' dir='ltr'>quod</span> <span class='ocrx_word' id='word_1_63' title='bbox 832 502 943 521; x_wconf 87' lang='lat' dir='ltr'>nomen</span> <span class='ocrx_word' id='word_1_64' title='bbox 975 492 1134 531; x_wconf 87' lang='lat' dir='ltr'>proprium</span> <span class='ocrx_word' id='word_1_65' title='bbox 1170 490 1283 521; x_wconf 71' lang='lat' dir='ltr'>natura</span> <span class='ocrx_word' id='word_1_66' title='bbox 1309 488 1470 519; x_wconf 85' lang='lat' dir='ltr'>definitum</span> <span class='ocrx_word' id='word_1_67' title='bbox 1500 491 1540 518; x_wconf 91' lang='lat' dir='ltr'>sit</span> <span class='ocrx_word' id='word_1_68' title='bbox 1578 498 1647 518; x_wconf 91' lang='lat' dir='ltr'>cum</span> <span class='ocrx_word' id='word_1_69' title='bbox 1675 488 1774 518; x_wconf 89' lang='lat' dir='ltr'>altero</span> <span class='ocrx_word' id='word_1_70' title='bbox 1804 488 1928 518; x_wconf 90' lang='lat' dir='ltr'>nomine</span> 
     </span>
     <span class='ocr_line' id='line_1_7' title="bbox 149 549 1927 595; baseline -0.006 -7"><span class='ocrx_word' id='word_1_71' title='bbox 149 557 233 588; x_wconf 87' lang='lat' dir='ltr'>hand</span> <span class='ocrx_word' id='word_1_72' title='bbox 260 557 458 587; x_wconf 88' lang='lat' dir='ltr'>coniunctum</span> <span class='ocrx_word' id='word_1_73' title='bbox 486 556 612 595; x_wconf 81' lang='lat' dir='ltr'>(Gi-ain.</span> <span class='ocrx_word' id='word_1_74' title='bbox 642 557 697 586; x_wconf 82' lang='lat' dir='ltr'>Ar.</span> <span class='ocrx_word' id='word_1_75' title='bbox 724 557 760 589; x_wconf 84' lang='grc' dir='ltr'>Τ,</span> <span class='ocrx_word' id='word_1_76' title='bbox 780 556 807 584; x_wconf 87' lang='lat'>11</span> <span class='ocrx_word' id='word_1_77' title='bbox 827 565 854 594; x_wconf 90' lang='lat' dir='ltr'>p.</span> <span class='ocrx_word' id='word_1_78' title='bbox 874 555 950 593; x_wconf 80' lang='lat' dir='ltr'>SS.;</span> <span class='ocrx_word' id='word_1_79' title='bbox 978 555 1117 585; x_wconf 82' lang='lat' dir='ltr'>vocalem</span> <span class='ocrx_word' id='word_1_80' title='bbox 1145 554 1247 584; x_wconf 82' lang='lat' dir='ltr'>Fatha</span> <span class='ocrx_word' id='word_1_81' title='bbox 1275 557 1381 582; x_wconf 90' lang='lat' dir='ltr'>autem</span> <span class='ocrx_word' id='word_1_82' title='bbox 1409 550 1562 587; x_wconf 75' lang='lat' dir='ltr'>adhiberi,</span> <span class='ocrx_word' id='word_1_83' title='bbox 1591 549 1674 589; x_wconf 88' lang='lat' dir='ltr'>quod</span> <span class='ocrx_word' id='word_1_84' title='bbox 1704 551 1832 580; x_wconf 86' lang='lat' dir='ltr'>lenioris</span> <span class='ocrx_word' id='word_1_85' title='bbox 1851 559 1927 590; x_wconf 89' lang='lat' dir='ltr'>pro-</span> 
     </span>
     <span class='ocr_line' id='line_1_8' title="bbox 150 612 1928 658; baseline -0.004 -9"><span class='ocrx_word' id='word_1_86' title='bbox 150 619 350 650; x_wconf 81' lang='lat' dir='ltr'>nuntiationis</span> <span class='ocrx_word' id='word_1_87' title='bbox 377 628 470 649; x_wconf 89' lang='lat' dir='ltr'>causa</span> <span class='ocrx_word' id='word_1_88' title='bbox 493 620 639 657; x_wconf 76' lang='lat' dir='ltr'>litteram,</span> <span class='ocrx_word' id='word_1_89' title='bbox 657 628 735 657; x_wconf 90' lang='lat' dir='ltr'>quae</span> <span class='ocrx_word' id='word_1_90' title='bbox 763 618 891 658; x_wconf 82' lang='lat' dir='ltr'>generis</span> <span class='ocrx_word' id='word_1_91' title='bbox 919 617 1057 647; x_wconf 85' lang='lat' dir='ltr'>feminini</span> <span class='ocrx_word' id='word_1_92' title='bbox 1085 619 1211 658; x_wconf 84' lang='lat' dir='ltr'>signnm</span> <span class='ocrx_word' id='word_1_93' title='bbox 1239 617 1291 651; x_wconf 82' lang='lat' dir='ltr'>sit,</span> <span class='ocrx_word' id='word_1_94' title='bbox 1321 614 1456 643; x_wconf 83' lang='lat' dir='ltr'>abiicere</span> <span class='ocrx_word' id='word_1_95' title='bbox 1476 613 1609 653; x_wconf 82' lang='lat' dir='ltr'>soleant,</span> <span class='ocrx_word' id='word_1_96' title='bbox 1633 617 1666 642; x_wconf 92' lang='lat' dir='ltr'>ut</span> <span class='ocrx_word' id='word_1_97' title='bbox 1685 612 1806 643; x_wconf 86' lang='lat' dir='ltr'>vocalis</span> <span class='ocrx_word' id='word_1_98' title='bbox 1828 612 1928 642; x_wconf 79' lang='lat' dir='ltr'>Fatha</span> 
     </span>
     <span class='ocr_line' id='line_1_9' title="bbox 149 675 1928 721; baseline -0.004 -10"><span class='ocrx_word' id='word_1_99' title='bbox 149 686 223 712; x_wconf 82' lang='lat' dir='ltr'>ante</span> <span class='ocrx_word' id='word_1_100' title='bbox 251 691 318 711; x_wconf 86' lang='lat' dir='ltr'>eam</span> <span class='ocrx_word' id='word_1_101' title='bbox 346 680 604 721; x_wconf 83' lang='lat' dir='ltr'>pronuntiandam</span> <span class='ocrx_word' id='word_1_102' title='bbox 636 683 803 710; x_wconf 86' lang='lat' dir='ltr'>remaneat.</span> <span class='ocrx_word' id='word_1_103' title='bbox 833 679 910 708; x_wconf 86' lang='lat' dir='ltr'>Tum</span> <span class='ocrx_word' id='word_1_104' title='bbox 940 679 1074 708; x_wconf 87' lang='lat' dir='ltr'>litteram</span> <span class='ocrx_word' id='word_1_105' title='bbox 1102 681 1201 717; x_wconf 86' lang='lat' dir='ltr'>ipsam</span> <span class='ocrx_word' id='word_1_106' title='bbox 1229 678 1366 708; x_wconf 83' lang='lat' dir='ltr'>abiicere</span> <span class='ocrx_word' id='word_1_107' title='bbox 1393 676 1608 717; x_wconf 75' lang='lat' dir='ltr'>negligentes,</span> <span class='ocrx_word' id='word_1_108' title='bbox 1636 675 1694 705; x_wconf 87' lang='lat' dir='ltr'>sed</span> <span class='ocrx_word' id='word_1_109' title='bbox 1722 685 1791 705; x_wconf 90' lang='lat' dir='ltr'>eam</span> <span class='ocrx_word' id='word_1_110' title='bbox 1820 675 1928 705; x_wconf 86' lang='lat' dir='ltr'>abiec-</span> 
     </span>
     <span class='ocr_line' id='line_1_10' title="bbox 149 737 1928 784; baseline -0.006 -8"><span class='ocrx_word' id='word_1_111' title='bbox 149 751 212 776; x_wconf 87' lang='lat' dir='ltr'>tam</span> <span class='ocrx_word' id='word_1_112' title='bbox 247 756 322 776; x_wconf 88' lang='lat' dir='ltr'>esse</span> <span class='ocrx_word' id='word_1_113' title='bbox 355 745 457 775; x_wconf 89' lang='lat' dir='ltr'>animo</span> <span class='ocrx_word' id='word_1_114' title='bbox 496 744 673 784; x_wconf 87' lang='lat' dir='ltr'>cogitantes</span> <span class='ocrx_word' id='word_1_115' title='bbox 706 743 735 772; x_wconf 89' lang='lat' dir='ltr'>in</span> <span class='ocrx_word' id='word_1_116' title='bbox 771 742 832 771; x_wconf 86' lang='lat' dir='ltr'>fine</span> <span class='ocrx_word' id='word_1_117' title='bbox 866 751 979 772; x_wconf 89' lang='lat' dir='ltr'>vocem</span> <span class='ocrx_word' id='word_1_118' title='bbox 1009 740 1110 769; x_wconf 84' lang='lat' dir='ltr'>vocali</span> <span class='ocrx_word' id='word_1_119' title='bbox 1138 739 1239 769; x_wconf 75' lang='lat' dir='ltr'>Faiha</span> <span class='ocrx_word' id='word_1_120' title='bbox 1266 739 1405 769; x_wconf 81' lang='lat' dir='ltr'>adficere</span> <span class='ocrx_word' id='word_1_121' title='bbox 1440 737 1566 776; x_wconf 83' lang='lat' dir='ltr'>(conf.</span> <span class='ocrx_word' id='word_1_122' title='bbox 1595 737 1666 767; x_wconf 88' lang='lat' dir='ltr'>ibid.</span> <span class='ocrx_word' id='word_1_123' title='bbox 1694 748 1723 777; x_wconf 90' lang='lat' dir='ltr'>p.</span> <span class='ocrx_word' id='word_1_124' title='bbox 1753 738 1838 776; x_wconf 61' lang='lat'>92).</span> <span class='ocrx_word' id='word_1_125' title='bbox 1894 737 1928 766; x_wconf 85' lang='lat' dir='ltr'>ln</span> 
     </span>
     <span class='ocr_line' id='line_1_11' title="bbox 148 801 1929 850; baseline -0.006 -11"><span class='ocrx_word' id='word_1_126' title='bbox 148 808 261 839; x_wconf 91' lang='lat' dir='ltr'>scholii</span> <span class='ocrx_word' id='word_1_127' title='bbox 295 809 375 838; x_wconf 90' lang='lat' dir='ltr'>linea</span> <span class='ocrx_word' id='word_1_128' title='bbox 402 808 494 837; x_wconf 86' lang='lat' dir='ltr'>tertia</span> <span class='ocrx_word' id='word_1_129' title='bbox 520 808 637 849; x_wconf 42' lang='grc' dir='ltr'>φρ</span> <span class='ocrx_word' id='word_1_130' title='bbox 665 802 742 850; x_wconf 59' lang='lat'>5505)</span> <span class='ocrx_word' id='word_1_131' title='bbox 775 804 849 846; x_wconf 52' lang='grc' dir='ltr'>ἰός),</span> <span class='ocrx_word' id='word_1_132' title='bbox 878 814 957 843; x_wconf 86' lang='lat' dir='ltr'>quae</span> <span class='ocrx_word' id='word_1_133' title='bbox 983 804 1012 833; x_wconf 90' lang='lat' dir='ltr'>in</span> <span class='ocrx_word' id='word_1_134' title='bbox 1040 803 1196 833; x_wconf 83' lang='lat' dir='ltr'>Mersukii</span> <span class='ocrx_word' id='word_1_135' title='bbox 1224 802 1332 831; x_wconf 87' lang='lat' dir='ltr'>codice</span> <span class='ocrx_word' id='word_1_136' title='bbox 1358 801 1438 831; x_wconf 85' lang='lat' dir='ltr'>liaud</span> <span class='ocrx_word' id='word_1_137' title='bbox 1466 801 1620 841; x_wconf 81' lang='lat' dir='ltr'>leguntur,</span> <span class='ocrx_word' id='word_1_138' title='bbox 1647 804 1791 838; x_wconf 87' lang='lat' dir='ltr'>tanquam</span> <span class='ocrx_word' id='word_1_139' title='bbox 1817 801 1929 829; x_wconf 87' lang='lat' dir='ltr'>sensui</span> 
     </span>
     <span class='ocr_line' id='line_1_12' title="bbox 149 863 1926 906; baseline -0.005 -5"><span class='ocrx_word' id='word_1_140' title='bbox 149 871 279 902; x_wconf 86' lang='lat' dir='ltr'>molesta</span> <span class='ocrx_word' id='word_1_141' title='bbox 304 870 476 900; x_wconf 84' lang='lat' dir='ltr'>omittenda</span> <span class='ocrx_word' id='word_1_142' title='bbox 503 880 579 900; x_wconf 88' lang='lat' dir='ltr'>esse</span> <span class='ocrx_word' id='word_1_143' title='bbox 606 879 735 900; x_wconf 85' lang='lat' dir='ltr'>censeO.</span> <span class='ocrx_word' id='word_1_144' title='bbox 765 870 838 899; x_wconf 79' lang='lat' dir='ltr'>Vox</span> <span class='ocrx_word' id='word_1_145' title='bbox 858 867 1021 899; x_wconf 82' lang='lat' dir='ltr'>Sarhali</span> <span class='ocrx_word' id='word_1_146' title='bbox 1049 865 1170 906; x_wconf 84' lang='lat' dir='ltr'>origine</span> <span class='ocrx_word' id='word_1_147' title='bbox 1197 875 1256 895; x_wconf 90' lang='lat' dir='ltr'>sua</span> <span class='ocrx_word' id='word_1_148' title='bbox 1284 874 1395 894; x_wconf 81' lang='lat' dir='ltr'>nomen</span> <span class='ocrx_word' id='word_1_149' title='bbox 1421 864 1541 893; x_wconf 86' lang='lat' dir='ltr'>arboris</span> <span class='ocrx_word' id='word_1_150' title='bbox 1569 872 1704 903; x_wconf 86' lang='lat' dir='ltr'>magnae</span> <span class='ocrx_word' id='word_1_151' title='bbox 1723 863 1761 893; x_wconf 88' lang='lat' dir='ltr'>ad</span> <span class='ocrx_word' id='word_1_152' title='bbox 1785 865 1926 902; x_wconf 86' lang='lat' dir='ltr'>speciem</span> 
     </span>
     <span class='ocr_line' id='line_1_13' title="bbox 149 926 1927 972; baseline -0.004 -10"><span class='ocrx_word' id='word_1_153' title='bbox 149 930 229 962; x_wconf 51' lang='lat' dir='ltr'>aba:</span> <span class='ocrx_word' id='word_1_154' title='bbox 254 933 438 972; x_wconf 86' lang='lat' dir='ltr'>pertinentis</span> <span class='ocrx_word' id='word_1_155' title='bbox 469 936 531 969; x_wconf 89' lang='lat' dir='ltr'>est,</span> <span class='ocrx_word' id='word_1_156' title='bbox 559 932 618 961; x_wconf 89' lang='lat' dir='ltr'>snb</span> <span class='ocrx_word' id='word_1_157' title='bbox 648 941 706 970; x_wconf 85' lang='lat' dir='ltr'>qua</span> <span class='ocrx_word' id='word_1_158' title='bbox 733 937 876 971; x_wconf 88' lang='lat' dir='ltr'>tempore</span> <span class='ocrx_word' id='word_1_159' title='bbox 903 930 1036 961; x_wconf 85' lang='lat' dir='ltr'>aestatis</span> <span class='ocrx_word' id='word_1_160' title='bbox 1063 928 1205 958; x_wconf 86' lang='lat' dir='ltr'>homines</span> <span class='ocrx_word' id='word_1_161' title='bbox 1233 926 1400 956; x_wconf 82' lang='lat' dir='ltr'>subsidere</span> <span class='ocrx_word' id='word_1_162' title='bbox 1429 927 1544 956; x_wconf 86' lang='lat' dir='ltr'>solent.</span> <span class='ocrx_word' id='word_1_163' title='bbox 1582 926 1738 965; x_wconf 75' lang='lat' dir='ltr'>Alfarrae‚</span> <span class='ocrx_word' id='word_1_164' title='bbox 1766 935 1927 966; x_wconf 87' lang='lat' dir='ltr'>gramma-</span> 
     </span>
     <span class='ocr_line' id='line_1_14' title="bbox 148 987 1926 1041; baseline -0.005 -16"><span class='ocrx_word' id='word_1_165' title='bbox 148 995 210 1026; x_wconf 86' lang='lat' dir='ltr'>tico</span> <span class='ocrx_word' id='word_1_166' title='bbox 237 1003 347 1023; x_wconf 89' lang='lat' dir='ltr'>nomen</span> <span class='ocrx_word' id='word_1_167' title='bbox 383 994 484 1023; x_wconf 88' lang='lat' dir='ltr'>omnis</span> <span class='ocrx_word' id='word_1_168' title='bbox 513 994 633 1024; x_wconf 83' lang='lat' dir='ltr'>arboris</span> <span class='ocrx_word' id='word_1_169' title='bbox 661 998 730 1032; x_wconf 88' lang='lat' dir='ltr'>est,</span> <span class='ocrx_word' id='word_1_170' title='bbox 757 1003 838 1032; x_wconf 85' lang='lat' dir='ltr'>quae</span> <span class='ocrx_word' id='word_1_171' title='bbox 864 993 964 1032; x_wconf 89' lang='lat' dir='ltr'>spinis</span> <span class='ocrx_word' id='word_1_172' title='bbox 994 996 1093 1031; x_wconf 78' lang='lat' dir='ltr'>caret,</span> <span class='ocrx_word' id='word_1_173' title='bbox 1123 1000 1140 1021; x_wconf 92' lang='lat' dir='ltr'>a</span> <span class='ocrx_word' id='word_1_174' title='bbox 1169 999 1249 1019; x_wconf 90' lang='lat' dir='ltr'>voce</span> <span class='ocrx_word' id='word_1_175' title='bbox 1276 1005 1368 1041; x_wconf 44' lang='lat' dir='ltr'>Cyn,</span> <span class='ocrx_word' id='word_1_176' title='bbox 1403 998 1461 1028; x_wconf 84' lang='lat' dir='ltr'>qua</span> <span class='ocrx_word' id='word_1_177' title='bbox 1487 990 1610 1027; x_wconf 89' lang='lat' dir='ltr'>planum</span> <span class='ocrx_word' id='word_1_178' title='bbox 1638 992 1670 1017; x_wconf 91' lang='lat' dir='ltr'>et</span> <span class='ocrx_word' id='word_1_179' title='bbox 1705 987 1773 1017; x_wconf 81' lang='lat' dir='ltr'>lene</span> <span class='ocrx_word' id='word_1_180' title='bbox 1800 987 1926 1028; x_wconf 88' lang='lat' dir='ltr'>signifi-</span> 
     </span>
     <span class='ocr_line' id='line_1_15' title="bbox 148 1051 1928 1096; baseline -0.003 -10"><span class='ocrx_word' id='word_1_181' title='bbox 148 1060 255 1096; x_wconf 85' lang='lat' dir='ltr'>catur,</span> <span class='ocrx_word' id='word_1_182' title='bbox 292 1055 503 1086; x_wconf 89' lang='lat' dir='ltr'>derivandum.</span> <span class='ocrx_word' id='word_1_183' title='bbox 557 1055 657 1084; x_wconf 90' lang='lat' dir='ltr'>Poeta</span> <span class='ocrx_word' id='word_1_184' title='bbox 685 1053 931 1084; x_wconf 84' lang='lat' dir='ltr'>Ebu-Harmah</span> <span class='ocrx_word' id='word_1_185' title='bbox 958 1054 1070 1083; x_wconf 86' lang='lat' dir='ltr'>arbore</span> <span class='ocrx_word' id='word_1_186' title='bbox 1097 1057 1244 1092; x_wconf 84' lang='lat' dir='ltr'>tanquam</span> <span class='ocrx_word' id='word_1_187' title='bbox 1272 1052 1461 1092; x_wconf 84' lang='lat' dir='ltr'>cognomine</span> <span class='ocrx_word' id='word_1_188' title='bbox 1488 1051 1631 1080; x_wconf 82' lang='lat' dir='ltr'>feminam</span> <span class='ocrx_word' id='word_1_189' title='bbox 1658 1051 1845 1092; x_wconf 84' lang='lat' dir='ltr'>significans</span> <span class='ocrx_word' id='word_1_190' title='bbox 1871 1060 1928 1081; x_wconf 89' lang='lat' dir='ltr'>se-</span> 
     </span>
     <span class='ocr_line' id='line_1_16' title="bbox 148 1111 1926 1160; baseline -0.006 -10"><span class='ocrx_word' id='word_1_191' title='bbox 148 1124 294 1160; x_wconf 87' lang='lat' dir='ltr'>quentem</span> <span class='ocrx_word' id='word_1_192' title='bbox 313 1129 440 1149; x_wconf 90' lang='lat' dir='ltr'>versum</span> <span class='ocrx_word' id='word_1_193' title='bbox 456 1118 533 1148; x_wconf 83' lang='lat' dir='ltr'>dixit</span> <span class='ocrx_word' id='word_1_194' title='bbox 548 1118 655 1157; x_wconf 85' lang='lat' dir='ltr'>(metr.</span> <span class='ocrx_word' id='word_1_195' title='bbox 672 1116 834 1157; x_wconf 83' lang='lat' dir='ltr'>&#39;l&#39;hawil):</span> <span class='ocrx_word' id='word_1_196' title='bbox 859 1116 1060 1146; x_wconf 90' lang='lat' dir='ltr'>Arborem</span> <span class='ocrx_word' id='word_1_197' title='bbox 1076 1113 1242 1153; x_wconf 81' lang='lat' dir='ltr'>Sarliah,</span> <span class='ocrx_word' id='word_1_198' title='bbox 1262 1114 1333 1142; x_wconf 90' lang='lat' dir='ltr'>sub</span> <span class='ocrx_word' id='word_1_199' title='bbox 1361 1122 1409 1151; x_wconf 94' lang='lat' dir='ltr'>qu</span> <span class='ocrx_word' id='word_1_200' title='bbox 1423 1122 1441 1142; x_wconf 92' lang='lat' dir='ltr'>a</span> <span class='ocrx_word' id='word_1_201' title='bbox 1468 1112 1656 1142; x_wconf 87' lang='lat' dir='ltr'>homines</span> <span class='ocrx_word' id='word_1_202' title='bbox 1688 1111 1926 1150; x_wconf 86' lang='lat' dir='ltr'>consident,</span> 
     </span>
     <span class='ocr_line' id='line_1_17' title="bbox 147 1174 1927 1216; baseline -0.005 -3"><span class='ocrx_word' id='word_1_203' title='bbox 147 1182 258 1213; x_wconf 84' lang='lat' dir='ltr'>infra</span> <span class='ocrx_word' id='word_1_204' title='bbox 291 1182 424 1212; x_wconf 90' lang='lat' dir='ltr'>locum</span> <span class='ocrx_word' id='word_1_205' title='bbox 451 1179 680 1211; x_wconf 84' lang='lat' dir='ltr'>Sowaikah</span> <span class='ocrx_word' id='word_1_206' title='bbox 707 1179 836 1208; x_wconf 86' lang='lat' dir='ltr'>nubes</span> <span class='ocrx_word' id='word_1_207' title='bbox 875 1175 1161 1216; x_wconf 85' lang='lat' dir='ltr'>Plejadun1¹)‚</span> <span class='ocrx_word' id='word_1_208' title='bbox 1190 1174 1308 1204; x_wconf 90' lang='lat' dir='ltr'>cuius</span> <span class='ocrx_word' id='word_1_209' title='bbox 1336 1174 1513 1213; x_wconf 88' lang='lat' dir='ltr'>pluviae</span> <span class='ocrx_word' id='word_1_210' title='bbox 1541 1180 1691 1204; x_wconf 85' lang='lat' dir='ltr'>tenues</span> <span class='ocrx_word' id='word_1_211' title='bbox 1721 1174 1927 1214; x_wconf 86' lang='lat' dir='ltr'>copiosae</span> 
     </span>
     <span class='ocr_line' id='line_1_18' title="bbox 148 1237 1925 1285; baseline -0.004 -10"><span class='ocrx_word' id='word_1_212' title='bbox 148 1249 274 1285; x_wconf 84' lang='lat' dir='ltr'>sunt,</span> <span class='ocrx_word' id='word_1_213' title='bbox 301 1241 484 1284; x_wconf 87' lang='lat' dir='ltr'>irriget!</span> <span class='ocrx_word' id='word_1_214' title='bbox 520 1242 729 1281; x_wconf 77' lang='lat' dir='ltr'>scholiastes,</span> <span class='ocrx_word' id='word_1_215' title='bbox 757 1249 940 1279; x_wconf 83' lang='lat' dir='ltr'>quamquam</span> <span class='ocrx_word' id='word_1_216' title='bbox 967 1238 1103 1268; x_wconf 89' lang='lat' dir='ltr'>feminae</span> <span class='ocrx_word' id='word_1_217' title='bbox 1129 1237 1255 1267; x_wconf 75' lang='lat' dir='ltr'>Sar-hah</span> <span class='ocrx_word' id='word_1_218' title='bbox 1282 1247 1395 1267; x_wconf 89' lang='lat' dir='ltr'>nomen</span> <span class='ocrx_word' id='word_1_219' title='bbox 1422 1247 1497 1267; x_wconf 89' lang='lat' dir='ltr'>esse</span> <span class='ocrx_word' id='word_1_220' title='bbox 1524 1238 1609 1277; x_wconf 78' lang='lat' dir='ltr'>dicit,</span> <span class='ocrx_word' id='word_1_221' title='bbox 1638 1243 1743 1268; x_wconf 85' lang='lat' dir='ltr'>tamen</span> <span class='ocrx_word' id='word_1_222' title='bbox 1770 1238 1799 1267; x_wconf 95' lang='lat' dir='ltr'>in</span> <span class='ocrx_word' id='word_1_223' title='bbox 1826 1247 1925 1268; x_wconf 87' lang='lat' dir='ltr'>versu</span> 
     </span>
     <span class='ocr_line' id='line_1_19' title="bbox 148 1300 1923 1342; baseline -0.003 -7"><span class='ocrx_word' id='word_1_224' title='bbox 148 1309 256 1336; x_wconf 89' lang='lat' dir='ltr'>nostro</span> <span class='ocrx_word' id='word_1_225' title='bbox 285 1314 365 1334; x_wconf 90' lang='lat' dir='ltr'>voce</span> <span class='ocrx_word' id='word_1_226' title='bbox 392 1303 560 1334; x_wconf 86' lang='lat' dir='ltr'>Sarhah</span> <span class='ocrx_word' id='word_1_227' title='bbox 587 1303 729 1332; x_wconf 87' lang='lat' dir='ltr'>arborem</span> <span class='ocrx_word' id='word_1_228' title='bbox 757 1301 930 1342; x_wconf 83' lang='lat' dir='ltr'>significari</span> <span class='ocrx_word' id='word_1_229' title='bbox 958 1300 1172 1340; x_wconf 73' lang='lat' dir='ltr'>putat3addit</span> <span class='ocrx_word' id='word_1_230' title='bbox 1199 1300 1293 1341; x_wconf 72' lang='lat' dir='ltr'>enim,</span> <span class='ocrx_word' id='word_1_231' title='bbox 1319 1301 1422 1330; x_wconf 83' lang='lat' dir='ltr'>socios</span> <span class='ocrx_word' id='word_1_232' title='bbox 1450 1301 1585 1331; x_wconf 88' lang='lat' dir='ltr'>feminae</span> <span class='ocrx_word' id='word_1_233' title='bbox 1605 1311 1645 1331; x_wconf 91' lang='lat' dir='ltr'>ex</span> <span class='ocrx_word' id='word_1_234' title='bbox 1666 1301 1770 1330; x_wconf 82' lang='lat' dir='ltr'>verbis</span> <span class='ocrx_word' id='word_1_235' title='bbox 1790 1305 1923 1340; x_wconf 83' lang='lat' dir='ltr'>poetae:</span> 
     </span>
     <span class='ocr_line' id='line_1_20' title="bbox 149 1362 1926 1405; baseline -0.003 -7"><span class='ocrx_word' id='word_1_236' title='bbox 149 1378 166 1398; x_wconf 91' lang='lat' dir='ltr'>o</span> <span class='ocrx_word' id='word_1_237' title='bbox 193 1368 285 1399; x_wconf 88' lang='lat' dir='ltr'>arbor</span> <span class='ocrx_word' id='word_1_238' title='bbox 311 1366 448 1404; x_wconf 83' lang='lat' dir='ltr'>Sarhali‚</span> <span class='ocrx_word' id='word_1_239' title='bbox 476 1366 568 1396; x_wconf 84' lang='lat' dir='ltr'>salva</span> <span class='ocrx_word' id='word_1_240' title='bbox 595 1363 661 1395; x_wconf 85' lang='lat' dir='ltr'>sis!</span> <span class='ocrx_word' id='word_1_241' title='bbox 689 1367 894 1405; x_wconf 78' lang='lat' dir='ltr'>cognovisse,</span> <span class='ocrx_word' id='word_1_242' title='bbox 922 1374 991 1394; x_wconf 88' lang='lat' dir='ltr'>eum</span> <span class='ocrx_word' id='word_1_243' title='bbox 1018 1363 1163 1393; x_wconf 85' lang='lat' dir='ltr'>seminam</span> <span class='ocrx_word' id='word_1_244' title='bbox 1183 1363 1267 1392; x_wconf 90' lang='lat' dir='ltr'>velle</span> <span class='ocrx_word' id='word_1_245' title='bbox 1294 1367 1327 1393; x_wconf 90' lang='lat' dir='ltr'>et</span> <span class='ocrx_word' id='word_1_246' title='bbox 1353 1362 1433 1393; x_wconf 83' lang='lat' dir='ltr'>lianc</span> <span class='ocrx_word' id='word_1_247' title='bbox 1461 1364 1499 1393; x_wconf 89' lang='lat' dir='ltr'>ob</span> <span class='ocrx_word' id='word_1_248' title='bbox 1525 1372 1651 1393; x_wconf 83' lang='lat' dir='ltr'>causam</span> <span class='ocrx_word' id='word_1_249' title='bbox 1677 1363 1724 1393; x_wconf 71' lang='lat' dir='ltr'>ira</span> <span class='ocrx_word' id='word_1_250' title='bbox 1750 1365 1926 1393; x_wconf 84' lang='lat' dir='ltr'>exarsisse·</span> 
     </span>
    </p>
   </div>
   <div class='ocr_carea' id='block_1_3' title="bbox 147 1425 1500 1461">
    <p class='ocr_par' dir='ltr' id='par_1_3' title="bbox 147 1425 1500 1461">
     <span class='ocr_line' id='line_1_21' title="bbox 147 1425 1500 1461; baseline -0.005 0"><span class='ocrx_word' id='word_1_251' title='bbox 147 1431 264 1461; x_wconf 85' lang='lat' dir='ltr'>Poetas</span> <span class='ocrx_word' id='word_1_252' title='bbox 292 1429 414 1460; x_wconf 88' lang='lat' dir='ltr'>domum</span> <span class='ocrx_word' id='word_1_253' title='bbox 442 1428 576 1459; x_wconf 83' lang='lat' dir='ltr'>feminae</span> <span class='ocrx_word' id='word_1_254' title='bbox 602 1432 727 1458; x_wconf 86' lang='lat' dir='ltr'>amatae</span> <span class='ocrx_word' id='word_1_255' title='bbox 754 1427 896 1456; x_wconf 87' lang='lat' dir='ltr'>salutare</span> <span class='ocrx_word' id='word_1_256' title='bbox 923 1425 1100 1455; x_wconf 88' lang='lat' dir='ltr'>invenimus</span> <span class='ocrx_word' id='word_1_257' title='bbox 1131 1427 1243 1456; x_wconf 85' lang='lat' dir='ltr'>Autar.</span> <span class='ocrx_word' id='word_1_258' title='bbox 1271 1425 1378 1455; x_wconf 85' lang='lat' dir='ltr'>Moall.</span> <span class='ocrx_word' id='word_1_259' title='bbox 1409 1435 1440 1455; x_wconf 83' lang='lat' dir='ltr'>v.</span> <span class='ocrx_word' id='word_1_260' title='bbox 1469 1426 1500 1455; x_wconf 75' lang='lat'>2.</span> 
     </span>
    </p>
   </div>
   <div class='ocr_carea' id='block_1_4' title="bbox 146 1521 1710 1562">
    <p class='ocr_par' dir='ltr' id='par_1_4' title="bbox 146 1521 1710 1562">
     <span class='ocr_line' id='line_1_22' title="bbox 146 1521 1710 1562; baseline -0.004 -6"><span class='ocrx_word' id='word_1_261' title='bbox 146 1528 179 1557; x_wconf 86' lang='lat'>3.</span> <span class='ocrx_word' id='word_1_262' title='bbox 221 1526 308 1556; x_wconf 81' lang='lat' dir='ltr'>Imo!</span> <span class='ocrx_word' id='word_1_263' title='bbox 326 1526 415 1555; x_wconf 77' lang='lat' dir='ltr'>salva</span> <span class='ocrx_word' id='word_1_264' title='bbox 437 1527 493 1561; x_wconf 79' lang='lat' dir='ltr'>sis,</span> <span class='ocrx_word' id='word_1_265' title='bbox 517 1529 581 1554; x_wconf 82' lang='lat' dir='ltr'>tum</span> <span class='ocrx_word' id='word_1_266' title='bbox 603 1527 715 1554; x_wconf 77' lang='lat' dir='ltr'>ilerum</span> <span class='ocrx_word' id='word_1_267' title='bbox 739 1526 911 1562; x_wconf 77' lang='lat' dir='ltr'>iterumque</span> <span class='ocrx_word' id='word_1_268' title='bbox 934 1523 1023 1551; x_wconf 67' lang='lat' dir='ltr'>salva</span> <span class='ocrx_word' id='word_1_269' title='bbox 1044 1523 1090 1550; x_wconf 84' lang='lat' dir='ltr'>sis</span> <span class='ocrx_word' id='word_1_270' title='bbox 1113 1523 1231 1560; x_wconf 66' lang='lat' dir='ltr'>triplici</span> <span class='ocrx_word' id='word_1_271' title='bbox 1252 1522 1366 1560; x_wconf 78' lang='lat' dir='ltr'>salute,</span> <span class='ocrx_word' id='word_1_272' title='bbox 1386 1524 1445 1551; x_wconf 79' lang='lat' dir='ltr'>elsi</span> <span class='ocrx_word' id='word_1_273' title='bbox 1466 1531 1527 1550; x_wconf 83' lang='lat' dir='ltr'>non</span> <span class='ocrx_word' id='word_1_274' title='bbox 1550 1521 1710 1560; x_wconf 75' lang='lat' dir='ltr'>loqueris!</span> 
     </span>
    </p>
   </div>
   <div class='ocr_carea' id='block_1_5' title="bbox 145 1592 1927 1885">
    <p class='ocr_par' dir='ltr' id='par_1_5' title="bbox 145 1592 1927 1885">
     <span class='ocr_line' id='line_1_23' title="bbox 245 1592 1926 1633; baseline -0.002 -7"><span class='ocrx_word' id='word_1_275' title='bbox 245 1596 355 1626; x_wconf 86' lang='lat' dir='ltr'>Odium</span> <span class='ocrx_word' id='word_1_276' title='bbox 384 1596 522 1624; x_wconf 87' lang='lat' dir='ltr'>virorum</span> <span class='ocrx_word' id='word_1_277' title='bbox 549 1593 728 1633; x_wconf 87' lang='lat' dir='ltr'>despiciens</span> <span class='ocrx_word' id='word_1_278' title='bbox 757 1598 789 1622; x_wconf 89' lang='lat' dir='ltr'>et</span> <span class='ocrx_word' id='word_1_279' title='bbox 816 1595 926 1622; x_wconf 88' lang='lat' dir='ltr'>mortis</span> <span class='ocrx_word' id='word_1_280' title='bbox 953 1593 1125 1632; x_wconf 85' lang='lat' dir='ltr'>periculum</span> <span class='ocrx_word' id='word_1_281' title='bbox 1154 1592 1232 1623; x_wconf 86' lang='lat' dir='ltr'>haud</span> <span class='ocrx_word' id='word_1_282' title='bbox 1258 1593 1397 1632; x_wconf 74' lang='lat' dir='ltr'>evitans,</span> <span class='ocrx_word' id='word_1_283' title='bbox 1425 1596 1458 1622; x_wconf 90' lang='lat' dir='ltr'>ut</span> <span class='ocrx_word' id='word_1_284' title='bbox 1484 1592 1582 1621; x_wconf 83' lang='lat' dir='ltr'>amori</span> <span class='ocrx_word' id='word_1_285' title='bbox 1609 1592 1796 1629; x_wconf 85' lang='lat' dir='ltr'>satisfaciat,</span> <span class='ocrx_word' id='word_1_286' title='bbox 1818 1593 1926 1630; x_wconf 83' lang='lat' dir='ltr'>verba,</span> 
     </span>
     <span class='ocr_line' id='line_1_24' title="bbox 146 1654 1927 1699; baseline -0.004 -9"><span class='ocrx_word' id='word_1_287' title='bbox 146 1661 176 1691; x_wconf 92' lang='lat' dir='ltr'>in</span> <span class='ocrx_word' id='word_1_288' title='bbox 203 1660 315 1699; x_wconf 87' lang='lat' dir='ltr'>quibus</span> <span class='ocrx_word' id='word_1_289' title='bbox 346 1658 407 1688; x_wconf 90' lang='lat' dir='ltr'>odii</span> <span class='ocrx_word' id='word_1_290' title='bbox 433 1667 531 1688; x_wconf 85' lang='lat' dir='ltr'>causa</span> <span class='ocrx_word' id='word_1_291' title='bbox 567 1661 653 1694; x_wconf 60' lang='lat' dir='ltr'>erat,</span> <span class='ocrx_word' id='word_1_292' title='bbox 690 1656 801 1685; x_wconf 88' lang='lat' dir='ltr'>iterum</span> <span class='ocrx_word' id='word_1_293' title='bbox 829 1656 1003 1694; x_wconf 86' lang='lat' dir='ltr'>iterumque</span> <span class='ocrx_word' id='word_1_294' title='bbox 1030 1654 1155 1693; x_wconf 87' lang='lat' dir='ltr'>repetit.</span> <span class='ocrx_word' id='word_1_295' title='bbox 1221 1654 1429 1684; x_wconf 79' lang='lat' dir='ltr'>Vehementis</span> <span class='ocrx_word' id='word_1_296' title='bbox 1455 1654 1553 1695; x_wconf 85' lang='lat' dir='ltr'>igitur</span> <span class='ocrx_word' id='word_1_297' title='bbox 1582 1655 1698 1684; x_wconf 87' lang='lat' dir='ltr'>amoris</span> <span class='ocrx_word' id='word_1_298' title='bbox 1726 1654 1871 1684; x_wconf 85' lang='lat' dir='ltr'>indicium</span> <span class='ocrx_word' id='word_1_299' title='bbox 1897 1654 1927 1683; x_wconf 92' lang='lat' dir='ltr'>in</span> 
     </span>
     <span class='ocr_line' id='line_1_25' title="bbox 147 1716 1926 1763; baseline -0.003 -12"><span class='ocrx_word' id='word_1_300' title='bbox 147 1721 234 1752; x_wconf 84' lang='lat' dir='ltr'>hisce</span> <span class='ocrx_word' id='word_1_301' title='bbox 262 1721 370 1750; x_wconf 89' lang='lat' dir='ltr'>verbis</span> <span class='ocrx_word' id='word_1_302' title='bbox 398 1718 535 1749; x_wconf 82' lang='lat' dir='ltr'>invenio.</span> <span class='ocrx_word' id='word_1_303' title='bbox 563 1718 604 1763; x_wconf 21' lang='lat'>⁷¹¹¹</span> <span class='ocrx_word' id='word_1_304' title='bbox 633 1717 741 1746; x_wconf 84' lang='lat' dir='ltr'>verbis</span> <span class='ocrx_word' id='word_1_305' title='bbox 770 1722 872 1746; x_wconf 89' lang='lat' dir='ltr'>autem</span> <span class='ocrx_word' id='word_1_306' title='bbox 899 1721 1014 1756; x_wconf 87' lang='lat' dir='ltr'>poetae</span> <span class='ocrx_word' id='word_1_307' title='bbox 1042 1717 1121 1746; x_wconf 91' lang='lat' dir='ltr'>etsi</span> <span class='ocrx_word' id='word_1_308' title='bbox 1149 1725 1224 1745; x_wconf 91' lang='lat' dir='ltr'>non</span> <span class='ocrx_word' id='word_1_309' title='bbox 1252 1716 1448 1755; x_wconf 83' lang='lat' dir='ltr'>loqueris</span> <span class='ocrx_word' id='word_1_310' title='bbox 1476 1726 1574 1746; x_wconf 87' lang='lat' dir='ltr'>causa</span> <span class='ocrx_word' id='word_1_311' title='bbox 1603 1726 1679 1746; x_wconf 85' lang='lat' dir='ltr'>esse</span> <span class='ocrx_word' id='word_1_312' title='bbox 1705 1716 1842 1756; x_wconf 74' lang='lat' dir='ltr'>videtur,</span> <span class='ocrx_word' id='word_1_313' title='bbox 1870 1726 1926 1746; x_wconf 82' lang='lat' dir='ltr'>cur</span> 
     </span>
     <span class='ocr_line' id='line_1_26' title="bbox 145 1778 1927 1822; baseline -0.003 -8"><span class='ocrx_word' id='word_1_314' title='bbox 145 1784 338 1814; x_wconf 85' lang='lat' dir='ltr'>scholiastes</span> <span class='ocrx_word' id='word_1_315' title='bbox 375 1788 500 1822; x_wconf 82' lang='lat' dir='ltr'>poetam</span> <span class='ocrx_word' id='word_1_316' title='bbox 536 1780 678 1809; x_wconf 83' lang='lat' dir='ltr'>arborem</span> <span class='ocrx_word' id='word_1_317' title='bbox 716 1780 830 1819; x_wconf 89' lang='lat' dir='ltr'>alloqui</span> <span class='ocrx_word' id='word_1_318' title='bbox 867 1780 1036 1818; x_wconf 88' lang='lat' dir='ltr'>putaverit.</span> <span class='ocrx_word' id='word_1_319' title='bbox 1097 1778 1234 1808; x_wconf 87' lang='lat' dir='ltr'>Causam</span> <span class='ocrx_word' id='word_1_320' title='bbox 1263 1784 1431 1817; x_wconf 86' lang='lat' dir='ltr'>cogentem</span> <span class='ocrx_word' id='word_1_321' title='bbox 1460 1778 1489 1807; x_wconf 91' lang='lat' dir='ltr'>in</span> <span class='ocrx_word' id='word_1_322' title='bbox 1524 1778 1561 1807; x_wconf 92' lang='lat' dir='ltr'>iis</span> <span class='ocrx_word' id='word_1_323' title='bbox 1599 1789 1660 1808; x_wconf 91' lang='lat' dir='ltr'>non</span> <span class='ocrx_word' id='word_1_324' title='bbox 1695 1779 1812 1819; x_wconf 77' lang='lat' dir='ltr'>video7</span> <span class='ocrx_word' id='word_1_325' title='bbox 1861 1778 1927 1808; x_wconf 89' lang='lat' dir='ltr'>fieri</span> 
     </span>
     <span class='ocr_line' id='line_1_27' title="bbox 146 1840 1925 1885; baseline -0.003 -10"><span class='ocrx_word' id='word_1_326' title='bbox 146 1846 224 1875; x_wconf 89' lang='lat' dir='ltr'>enim</span> <span class='ocrx_word' id='word_1_327' title='bbox 253 1845 366 1885; x_wconf 81' lang='lat' dir='ltr'>potuit,</span> <span class='ocrx_word' id='word_1_328' title='bbox 394 1848 427 1874; x_wconf 89' lang='lat' dir='ltr'>ut</span> <span class='ocrx_word' id='word_1_329' title='bbox 453 1843 523 1882; x_wconf 89' lang='lat' dir='ltr'>ipsa</span> <span class='ocrx_word' id='word_1_330' title='bbox 554 1844 680 1883; x_wconf 82' lang='lat' dir='ltr'>femina,</span> <span class='ocrx_word' id='word_1_331' title='bbox 708 1847 762 1872; x_wconf 87' lang='lat' dir='ltr'>aut</span> <span class='ocrx_word' id='word_1_332' title='bbox 789 1841 870 1881; x_wconf 89' lang='lat' dir='ltr'>quod</span> <span class='ocrx_word' id='word_1_333' title='bbox 897 1842 992 1882; x_wconf 87' lang='lat' dir='ltr'>longe</span> <span class='ocrx_word' id='word_1_334' title='bbox 1018 1845 1139 1870; x_wconf 87' lang='lat' dir='ltr'>remota</span> <span class='ocrx_word' id='word_1_335' title='bbox 1166 1844 1255 1869; x_wconf 82' lang='lat' dir='ltr'>esset</span> <span class='ocrx_word' id='word_1_336' title='bbox 1281 1844 1335 1869; x_wconf 86' lang='lat' dir='ltr'>aut</span> <span class='ocrx_word' id='word_1_337' title='bbox 1361 1840 1451 1869; x_wconf 88' lang='lat' dir='ltr'>aliam</span> <span class='ocrx_word' id='word_1_338' title='bbox 1480 1841 1518 1869; x_wconf 91' lang='lat' dir='ltr'>ob</span> <span class='ocrx_word' id='word_1_339' title='bbox 1537 1850 1665 1870; x_wconf 88' lang='lat' dir='ltr'>causam</span> <span class='ocrx_word' id='word_1_340' title='bbox 1691 1840 1925 1870; x_wconf 87' lang='lat' dir='ltr'>salutemhaud</span> 
     </span>
    </p>
   </div>
   <div class='ocr_carea' id='block_1_6' title="bbox 146 1901 1925 1949">
    <p class='ocr_par' dir='ltr' id='par_1_6' title="bbox 146 1901 1925 1949">
     <span class='ocr_line' id='line_1_28' title="bbox 146 1901 1925 1949; baseline -0.003 -11"><span class='ocrx_word' id='word_1_341' title='bbox 146 1908 304 1938; x_wconf 88' lang='lat' dir='ltr'>redderet.</span> <span class='ocrx_word' id='word_1_342' title='bbox 358 1907 558 1938; x_wconf 86' lang='lat' dir='ltr'>Scholiastes</span> <span class='ocrx_word' id='word_1_343' title='bbox 593 1916 703 1936; x_wconf 87' lang='lat' dir='ltr'>vocem</span> <span class='ocrx_word' id='word_1_344' title='bbox 739 1907 810 1949; x_wconf 48' lang='grc' dir='ltr'>μδ,</span> <span class='ocrx_word' id='word_1_345' title='bbox 853 1914 935 1944; x_wconf 89' lang='lat' dir='ltr'>quae</span> <span class='ocrx_word' id='word_1_346' title='bbox 975 1903 1100 1943; x_wconf 81' lang='lat' dir='ltr'>proprie</span> <span class='ocrx_word' id='word_1_347' title='bbox 1127 1902 1282 1942; x_wconf 85' lang='lat' dir='ltr'>particula</span> <span class='ocrx_word' id='word_1_348' title='bbox 1309 1901 1483 1932; x_wconf 76' lang='lat' dir='ltr'>affirmandi</span> <span class='ocrx_word' id='word_1_349' title='bbox 1511 1902 1570 1932; x_wconf 91' lang='lat' dir='ltr'>hoc</span> <span class='ocrx_word' id='word_1_350' title='bbox 1597 1902 1664 1932; x_wconf 89' lang='lat' dir='ltr'>loco</span> <span class='ocrx_word' id='word_1_351' title='bbox 1693 1903 1830 1932; x_wconf 87' lang='lat' dir='ltr'>sermoni</span> <span class='ocrx_word' id='word_1_352' title='bbox 1857 1912 1925 1933; x_wconf 84' lang='lat' dir='ltr'>cum</span> 
     </span>
    </p>
   </div>
   <div class='ocr_carea' id='block_1_7' title="bbox 146 1967 895 2009">
    <p class='ocr_par' dir='ltr' id='par_1_7' title="bbox 146 1967 895 2009">
     <span class='ocr_line' id='line_1_29' title="bbox 146 1967 895 2009; baseline -0.004 -8"><span class='ocrx_word' id='word_1_353' title='bbox 146 1970 356 2001; x_wconf 79' lang='lat' dir='ltr'>antecedente</span> <span class='ocrx_word' id='word_1_354' title='bbox 383 1969 599 2009; x_wconf 85' lang='lat' dir='ltr'>coniungendo</span> <span class='ocrx_word' id='word_1_355' title='bbox 626 1968 781 1998; x_wconf 83' lang='lat' dir='ltr'>inservire</span> <span class='ocrx_word' id='word_1_356' title='bbox 809 1967 895 1998; x_wconf 75' lang='lat' dir='ltr'>dixit.</span> 
     </span>
    </p>
   </div>
   <div class='ocr_carea' id='block_1_8' title="bbox 965 2085 1111 2119">
    <p class='ocr_par' dir='ltr' id='par_1_8' title="bbox 965 2085 1111 2119">
     <span class='ocr_line' id='line_1_30' title="bbox 965 2085 1111 2119; baseline -0.014 0"><span class='ocrx_word' id='word_1_357' title='bbox 965 2085 1111 2119; x_wconf 71' lang='lat' dir='ltr'>exn.</span> 
     </span>
    </p>
   </div>
   <div class='ocr_carea' id='block_1_9' title="bbox 205 2148 1862 2242">
    <p class='ocr_par' dir='ltr' id='par_1_9' title="bbox 205 2148 1862 2242">
     <span class='ocr_line' id='line_1_31' title="bbox 205 2148 1862 2189; baseline -0.003 0"><span class='ocrx_word' id='word_1_358' title='bbox 205 2153 411 2189; x_wconf 67' lang='lat' dir='ltr'>Gholaia</span> <span class='ocrx_word' id='word_1_359' title='bbox 434 2152 584 2187; x_wconf 77' lang='lat' dir='ltr'>cliens</span> <span class='ocrx_word' id='word_1_360' title='bbox 607 2150 830 2186; x_wconf 73' lang='lat' dir='ltr'>Ahhbasi</span> <span class='ocrx_word' id='word_1_361' title='bbox 855 2151 895 2184; x_wconf 77' lang='lat' dir='ltr'>b.</span> <span class='ocrx_word' id='word_1_362' title='bbox 920 2151 1233 2185; x_wconf 70' lang='lat' dir='ltr'>Molnammecl</span> <span class='ocrx_word' id='word_1_363' title='bbox 1257 2151 1296 2184; x_wconf 76' lang='lat' dir='ltr'>b.</span> <span class='ocrx_word' id='word_1_364' title='bbox 1320 2148 1437 2183; x_wconf 68' lang='lat' dir='ltr'>Auni</span> <span class='ocrx_word' id='word_1_365' title='bbox 1462 2150 1503 2183; x_wconf 79' lang='lat' dir='ltr'>b.</span> <span class='ocrx_word' id='word_1_366' title='bbox 1524 2149 1862 2184; x_wconf 64' lang='lat' dir='ltr'>,ilum-Anah</span> 
     </span>
     <span class='ocr_line' id='line_1_32' title="bbox 788 2204 1270 2242; baseline -0.008 -1"><span class='ocrx_word' id='word_1_367' title='bbox 788 2209 833 2241; x_wconf 79' lang='lat' dir='ltr'>h.</span> <span class='ocrx_word' id='word_1_368' title='bbox 856 2207 1111 2242; x_wconf 77' lang='lat' dir='ltr'>Alahbbas</span> <span class='ocrx_word' id='word_1_369' title='bbox 1134 2204 1270 2238; x_wconf 76' lang='lat' dir='ltr'>«lixit.</span> 
     </span>
    </p>
   </div>
   <div class='ocr_carea' id='block_1_10' title="bbox 144 2275 1922 2380">
    <p class='ocr_par' dir='ltr' id='par_1_10' title="bbox 144 2275 1922 2380">
     <span class='ocr_line' id='line_1_33' title="bbox 219 2275 1922 2320; baseline -0.004 -9"><span class='ocrx_word' id='word_1_370' title='bbox 219 2281 362 2320; x_wconf 83' lang='lat' dir='ltr'>Poetam,</span> <span class='ocrx_word' id='word_1_371' title='bbox 390 2289 484 2319; x_wconf 89' lang='lat' dir='ltr'>quum</span> <span class='ocrx_word' id='word_1_372' title='bbox 500 2278 641 2309; x_wconf 86' lang='lat' dir='ltr'>Ahbbasi</span> <span class='ocrx_word' id='word_1_373' title='bbox 668 2278 763 2308; x_wconf 84' lang='lat' dir='ltr'>cliens</span> <span class='ocrx_word' id='word_1_374' title='bbox 791 2279 923 2319; x_wconf 79' lang='lat' dir='ltr'>dicatur,</span> <span class='ocrx_word' id='word_1_375' title='bbox 953 2282 1025 2307; x_wconf 84' lang='lat' dir='ltr'>ante</span> <span class='ocrx_word' id='word_1_376' title='bbox 1054 2276 1188 2306; x_wconf 87' lang='lat' dir='ltr'>medium</span> <span class='ocrx_word' id='word_1_377' title='bbox 1207 2276 1329 2306; x_wconf 88' lang='lat' dir='ltr'>saeculi</span> <span class='ocrx_word' id='word_1_378' title='bbox 1355 2277 1484 2307; x_wconf 88' lang='lat' dir='ltr'>secundi</span> <span class='ocrx_word' id='word_1_379' title='bbox 1504 2277 1628 2307; x_wconf 84' lang='lat' dir='ltr'>vixisse</span> <span class='ocrx_word' id='word_1_380' title='bbox 1651 2275 1792 2313; x_wconf 69' lang='lat' dir='ltr'>conficio,</span> <span class='ocrx_word' id='word_1_381' title='bbox 1808 2275 1922 2314; x_wconf 89' lang='lat' dir='ltr'>quippe</span> 
     </span>
     <span class='ocr_line' id='line_1_34' title="bbox 144 2336 1919 2380; baseline -0.003 -8"><span class='ocrx_word' id='word_1_382' title='bbox 144 2341 389 2372; x_wconf 71' lang='lat' dir='ltr'>Abu-l&#39;Ahbbas</span> <span class='ocrx_word' id='word_1_383' title='bbox 417 2345 480 2370; x_wconf 89' lang='lat' dir='ltr'>etc.</span> <span class='ocrx_word' id='word_1_384' title='bbox 509 2340 626 2380; x_wconf 91' lang='lat' dir='ltr'>primus</span> <span class='ocrx_word' id='word_1_385' title='bbox 653 2339 905 2370; x_wconf 83' lang='lat' dir='ltr'>Alibbasidarum</span> <span class='ocrx_word' id='word_1_386' title='bbox 932 2340 1079 2378; x_wconf 87' lang='lat' dir='ltr'>princeps</span> <span class='ocrx_word' id='word_1_387' title='bbox 1107 2347 1187 2368; x_wconf 86' lang='lat' dir='ltr'>anno</span> <span class='ocrx_word' id='word_1_388' title='bbox 1207 2337 1273 2368; x_wconf 76' lang='lat'>132</span> <span class='ocrx_word' id='word_1_389' title='bbox 1294 2338 1457 2378; x_wconf 86' lang='lat' dir='ltr'>imperium</span> <span class='ocrx_word' id='word_1_390' title='bbox 1484 2338 1661 2369; x_wconf 85' lang='lat' dir='ltr'>obtinuerit.</span> <span class='ocrx_word' id='word_1_391' title='bbox 1691 2337 1797 2368; x_wconf 89' lang='lat' dir='ltr'>conf.</span> <span class='ocrx_word' id='word_1_392' title='bbox 1815 2336 1919 2367; x_wconf 83' lang='lat' dir='ltr'>Abulf.</span> 
     </span>
    </p>
   </div>
   <div class='ocr_carea' id='block_1_11' title="bbox 142 2404 488 2444">
    <p class='ocr_par' dir='ltr' id='par_1_11' title="bbox 142 2404 488 2444">
     <span class='ocr_line' id='line_1_35' title="bbox 142 2404 488 2444; baseline -0.006 -9"><span class='ocrx_word' id='word_1_393' title='bbox 142 2407 224 2436; x_wconf 88' lang='lat' dir='ltr'>Anu.</span> <span class='ocrx_word' id='word_1_394' title='bbox 246 2406 282 2434; x_wconf 87' lang='grc' dir='ltr'>Τ.</span> <span class='ocrx_word' id='word_1_395' title='bbox 310 2405 323 2434; x_wconf 95' lang='lat' dir='ltr'>l</span> <span class='ocrx_word' id='word_1_396' title='bbox 349 2414 378 2444; x_wconf 92' lang='lat' dir='ltr'>p.</span> <span class='ocrx_word' id='word_1_397' title='bbox 406 2404 488 2434; x_wconf 79' lang='lat'>481.</span> 
     </span>
    </p>
   </div>
   <div class='ocr_carea' id='block_1_12' title="bbox 144 2472 1920 2568">
    <p class='ocr_par' dir='ltr' id='par_1_12' title="bbox 144 2472 1920 2568">
     <span class='ocr_line' id='line_1_36' title="bbox 144 2472 1920 2513; baseline -0.003 -7"><span class='ocrx_word' id='word_1_398' title='bbox 144 2477 171 2506; x_wconf 85' lang='lat'>1.</span> <span class='ocrx_word' id='word_1_399' title='bbox 216 2477 278 2505; x_wconf 86' lang='lat' dir='ltr'>Per</span> <span class='ocrx_word' id='word_1_400' title='bbox 301 2476 435 2505; x_wconf 83' lang='lat' dir='ltr'>camelos</span> <span class='ocrx_word' id='word_1_401' title='bbox 462 2478 495 2504; x_wconf 80' lang='lat' dir='ltr'>in</span> <span class='ocrx_word' id='word_1_402' title='bbox 525 2476 591 2504; x_wconf 83' lang='lat' dir='ltr'>loco</span> <span class='ocrx_word' id='word_1_403' title='bbox 625 2476 706 2505; x_wconf 73' lang='lat' dir='ltr'>Dsat</span> <span class='ocrx_word' id='word_1_404' title='bbox 720 2490 738 2496; x_wconf 95' lang='lat'>-</span> <span class='ocrx_word' id='word_1_405' title='bbox 753 2475 830 2503; x_wconf 76' lang='lat' dir='ltr'>Iltrlc</span> <span class='ocrx_word' id='word_1_406' title='bbox 861 2477 1025 2504; x_wconf 78' lang='lat' dir='ltr'>currentes</span> <span class='ocrx_word' id='word_1_407' title='bbox 1047 2477 1077 2502; x_wconf 81' lang='lat' dir='ltr'>el</span> <span class='ocrx_word' id='word_1_408' title='bbox 1095 2484 1152 2510; x_wconf 82' lang='lat' dir='ltr'>per</span> <span class='ocrx_word' id='word_1_409' title='bbox 1173 2484 1235 2510; x_wconf 85' lang='lat' dir='ltr'>eos,</span> <span class='ocrx_word' id='word_1_410' title='bbox 1261 2476 1315 2513; x_wconf 82' lang='lat' dir='ltr'>qui</span> <span class='ocrx_word' id='word_1_411' title='bbox 1335 2477 1368 2503; x_wconf 82' lang='lat' dir='ltr'>in</span> <span class='ocrx_word' id='word_1_412' title='bbox 1392 2474 1459 2504; x_wconf 78' lang='lat' dir='ltr'>loco</span> <span class='ocrx_word' id='word_1_413' title='bbox 1481 2472 1789 2504; x_wconf 75' lang='lat' dir='ltr'>Nalzman-Alaruc</span> <span class='ocrx_word' id='word_1_414' title='bbox 1809 2482 1920 2510; x_wconf 82' lang='lat' dir='ltr'>preces</span> 
     </span>
     <span class='ocr_line' id='line_1_37' title="bbox 910 2529 1146 2568; baseline -0.008 -10"><span class='ocrx_word' id='word_1_415' title='bbox 910 2530 1046 2568; x_wconf 77' lang='lat' dir='ltr'>faciunt,</span> <span class='ocrx_word' id='word_1_416' title='bbox 1067 2529 1146 2561; x_wconf 78' lang='lat' dir='ltr'>iuro,</span> 
     </span>
    </p>
   </div>
   <div class='ocr_carea' id='block_1_13' title="bbox 162 2628 1614 2663">
    <p class='ocr_par' dir='ltr' id='par_1_13' title="bbox 162 2628 1614 2663">
     <span class='ocr_line' id='line_1_38' title="bbox 162 2628 1614 2663; baseline 0.001 -11"><span class='ocrx_word' id='word_1_417' title='bbox 162 2628 191 2659; x_wconf 83' lang='lat'>1)</span> <span class='ocrx_word' id='word_1_418' title='bbox 211 2629 328 2653; x_wconf 74' lang='lat' dir='ltr'>pluviam</span> <span class='ocrx_word' id='word_1_419' title='bbox 347 2637 424 2660; x_wconf 85' lang='lat' dir='ltr'>quum</span> <span class='ocrx_word' id='word_1_420' title='bbox 444 2632 545 2654; x_wconf 74' lang='lat' dir='ltr'>Arabes</span> <span class='ocrx_word' id='word_1_421' title='bbox 564 2637 621 2655; x_wconf 88' lang='lat' dir='ltr'>cum</span> <span class='ocrx_word' id='word_1_422' title='bbox 640 2631 781 2655; x_wconf 79' lang='lat' dir='ltr'>stellarum</span> <span class='ocrx_word' id='word_1_423' title='bbox 803 2634 862 2655; x_wconf 82' lang='lat' dir='ltr'>ortu</span> <span class='ocrx_word' id='word_1_424' title='bbox 882 2631 1051 2655; x_wconf 76' lang='lat' dir='ltr'>coniunctam</span> <span class='ocrx_word' id='word_1_425' title='bbox 1072 2635 1171 2661; x_wconf 70' lang='lat' dir='ltr'>putent,</span> <span class='ocrx_word' id='word_1_426' title='bbox 1191 2636 1269 2662; x_wconf 75' lang='lat' dir='ltr'>poeta</span> <span class='ocrx_word' id='word_1_427' title='bbox 1288 2634 1371 2657; x_wconf 82' lang='lat' dir='ltr'>nubes</span> <span class='ocrx_word' id='word_1_428' title='bbox 1391 2630 1525 2663; x_wconf 75' lang='lat' dir='ltr'>Ptejadum</span> <span class='ocrx_word' id='word_1_429' title='bbox 1544 2631 1614 2654; x_wconf 77' lang='lat' dir='ltr'>dixit.</span> 
     </span>
    </p>
   </div>
  </div>
 </body>
</html>
