2155 2892
893 121 1165 152 —520—

135 235 321 269 raverat,
349 238 487 269 parum
514 227 662 268 adfuit>
690 227 786 265 quin
813 226 1094 256 abstinerent
1121 225 1354 266 pueriliter
1381 234 1426 255 se
1454 223 1641 266 gerendo
1668 228 1709 255 et
1735 232 1832 255 sese
1861 233 1924 254 οι·-

133 294 279 326 nando.
343 292 430 322 Idem
457 295 553 330 poeta
579 290 659 320 dixit
691 289 801 327 (metr.
833 288 993 328 Redjes):
1035 288 1072 318 ln
1097 289 1240 319 stulto
1267 288 1436 318 vestitu
1464 292 1507 317 et
1537 291 1697 318 ornatu.
1750 288 1836 318 Inter
1862 288 1924 318 alia

135 357 325 388 scholiastes
352 354 536 396 adnotavit,
575 353 707 383 formam
738 350 833 389 '1⁵:353va
860 353 890 382 iu
916 352 1091 382 nominibus
1119 350 1251 382 actionis
1277 353 1309 379 et
1337 349 1495 379 interdum
1524 349 1554 378 in
1581 349 1757 378 nominibus
1782 347 1923 378 inveniri.

134 421 191 450 Sic
217 419 246 448 in
273 427 373 448 versu
400 421 558 457 sequente
585 425 650 445 vox
680 413 783 451 εἰρξὶμε
810 416 947 445 occurrit
975 414 1083 453 (metr.
1114 413 1258 452 NVafirJ:
1298 413 1534 442 Matutino
1570 416 1756 450 tempore
1791 409 1921 440 Scho-

135 480 306 511 wahithi
343 479 504 517 (nomen
542 477 651 507 arcis
687 477 722 506 in
750 476 923 517 regione
952 476 1108 515 lemen)
1148 483 1276 505 eursu
1312 474 1516 512 evasisti,
1548 473 1639 503 dum
1675 471 1819 502 vestis
1857 474 1923 502 tua

135 543 285 575 arbore
313 540 560 580 Alibakijah
587 541 735 569 lacera
762 542 863 568 erat.

135 641 163 669 1.
207 641 296 670 Deus
316 648 374 675 pro
398 648 446 666 me
469 647 599 666 avarum
622 639 746 673 inteyra
767 637 910 672 portione
932 638 1164 671 rem1merelm·‚
1187 644 1283 673 quum
1307 634 1372 662 leve
1393 642 1474 662 ottus
1497 634 1588 662 dorso
1611 644 1677 662 meo
1700 632 1904 670 imposuerit!

234 708 295 746 Qui
322 718 341 737 a
367 708 423 737 vili
451 706 636 737 beneficium
664 704 754 744 petit,
783 703 1020 743 vituperatione
1048 703 1164 744 dignus
1193 707 1245 733 est
1272 702 1370 732 Meid.
1393 702 1451 743 20,
1471 701 1529 732 33.
1558 703 1615 742 21,
1634 703 1701 741 473
1729 705 1925 742 quapropter

134 775 229 811 poeta
256 774 354 810 optat,
382 774 416 800 ut
443 770 532 798 Deus
560 777 703 806 avarum,
729 767 779 806 qui
807 767 867 806 ipsi
896 765 1010 796 donum
1039 766 1259 806 recusaverit,
1290 770 1520 805 remuneretur,
1548 765 1663 804 quippe
1690 765 1717 794 si
1744 764 1859 794 donum
1886 763 1926 794 ab

137 842 236 863 avaro
264 831 437 870 acceperit,
463 830 583 859 honore
608 828 767 859 deminuto
797 837 912 858 noxam
939 837 1092 867 passurus
1120 828 1246 861 fuisset,
1299 829 1384 857 Ante
1420 836 1532 856 vocem
1569 816 1661 855 ἰέὲω
1693 825 1929 856 substantivum

138 894 234 923 xlm>
262 891 471 932 supplendum
500 897 560 920 est.
612 890 798 920 Posteriora
825 899 942 920 versus
971 890 1071 920 verba
1102 890 1256 920 »levitate
1284 890 1354 920 eius
1374 899 1472 930 super
1492 890 1588 919 dorso
1608 899 1699 919 meo«
1730 888 1925 930 significant,

139 967 176 987 se
203 956 285 986 dona
311 955 395 985 nulla
422 956 598 994 accepisse,
626 957 661 984 ut
687 953 829 993 dorsum,
857 961 919 992 quo
941 951 1056 981 donum
1078 956 1232 991 portaret,
1259 961 1369 981 eorum
1388 951 1483 992 gravi
1503 961 1599 981 onere
1617 950 1701 980 haud
1718 956 1920 991 premeretur.

136 1049 206 1093 (υ.
236 1047 365 1093 (38¹.)
410 1053 441 1082 2.
465 1051 612 1080 Elevavit
629 1053 659 1078 et
679 1058 806 1078 manum
828 1058 928 1077 meam
951 1048 1118 1076 leonoravil
1139 1048 1283 1076 manibus
1303 1049 1371 1076 eius
1394 1047 1483 1075 lmml
1502 1050 1628 1082 luctam,
1651 1050 1687 1076 ut
1707 1047 1826 1076 elevala
1847 1050 1930 1076 esset

603 1108 633 1133 et
651 1107 787 1142 prelium
813 1106 881 1132 eius
901 1106 1037 1141 prelium
1062 1114 1163 1132 meum
1186 1113 1204 1131 α
1227 1103 1314 1138 turpi
1335 1103 1474 1129 removit.

237 1175 390 1214 Causam,
419 1184 476 1204 cur
504 1183 603 1204 avaro
631 1175 754 1214 gratias
781 1183 880 1214 agere
910 1173 1036 1213 debeat,
1066 1172 1207 1212 exponit.
1256 1171 1336 1200 Post
1363 1170 1496 1199 verbum
1523 1167 1584 1208 ἐπὶ
1612 1173 1643 1199 et
1670 1166 1750 1202 emh:
1778 1177 1844 1198 vox
1866 1178 1927 1198 an-

138 1236 290 1267 tecedens
322 1234 388 1274 &5⁶
422 1237 546 1275 (locus)
581 1235 760 1275 supplenda
795 1240 856 1264 est.
918 1235 998 1265 Post
1033 1235 1166 1265 verbum
1198 1235 1239 1281 ³55
1270 1242 1396 1272 quoque
1421 1241 1522 1261 voces
1551 1227 1655 1282 &stin
1683 1242 1735 1276 0²
1767 1227 1801 1273 (a
1828 1229 1926 1274 turpi)

137 1300 303 1339 supplem,
330 1308 400 1328 nam
428 1298 557 1328 verbum
584 1297 767 1327 removendi
795 1296 1058 1336 significationem
1089 1296 1195 1327 habet.
1256 1295 1445 1325 Mersukius
1474 1297 1599 1334 poetae,
1628 1294 1655 1323 si
1682 1294 1796 1333 prioris
1826 1293 1927 1333 partis

138 1361 215 1391 ratio
244 1361 368 1401 suisset,
396 1362 453 1408 ssi
479 1361 576 1406 &fxi
603 1360 642 1406 ³53
671 1358 839 1389 dicendum
867 1358 977 1399 fuisse,
1010 1359 1185 1389 adnotavit.

137 1471 170 1501 3.
194 1470 243 1500 Ab
265 1472 334 1499 eius
356 1470 435 1498 dono
458 1471 607 1498 immunis
628 1472 775 1498 servatus
796 1478 875 1502 sum,
901 1477 941 1497 ne
961 1471 1074 1505 pectus
1097 1477 1199 1497 meum
1219 1467 1327 1504 ytalici
1349 1468 1379 1495 ei
1398 1466 1522 1503 agenda
1543 1468 1767 1496 coarctaretur.

239 1539 304 1569 vili
333 1539 372 1569 ob
398 1538 554 1569 beneficia
581 1538 704 1579 gratias
732 1546 849 1579 agere,
885 1537 1042 1577 ingratum
1071 1541 1141 1574 est,
1179 1536 1295 1575 quippe
1321 1543 1377 1565 nos
1405 1534 1464 1573 ipsi
1492 1534 1670 1564 submissos
1698 1538 1730 1564 et
1758 1533 1928 1564 obstrictos

141 1600 349 1630 declaramus.
403 1601 525 1631 Vocem
554 1598 639 1629 mk:
666 1605 700 1630 ut
726 1597 811 1637 &Sic
839 1605 872 1630 et
897 1595 963 1628 &Ab
990 1609 1101 1628 nomeu
1129 1599 1263 1629 actionis
1290 1607 1378 1635 esse,
1408 1606 1519 1627 omnes
1546 1596 1663 1626 dicunt.
1716 1596 1792 1626 Vox
1820 1604 1930 1632 Μ

140 1671 195 1693 aut
222 1673 293 1693 eum
321 1662 423 1692 vocali
451 1662 554 1692 Fatha
582 1665 636 1691 aut
661 1670 729 1691 cum
757 1662 864 1690 vocali
890 1661 1047 1691 Dhamma
1074 1660 1272 1700 pronunciari
1308 1663 1435 1699 potest,
1471 1659 1544 1688 sive
1581 1656 1620 1702 Ol
1654 1657 1786 1687 verbum
1814 1665 1929 1697 regere

141 1727 214 1755 sive
242 1722 276 1753 §55
304 1734 360 1764 pro
385 1722 409 1753 §5
435 1724 475 1753 xii
503 1724 620 1755 dictum
648 1730 788 1764 putatur.

142 1823 172 1851 4.
197 1821 371 1851 Cantemus
394 1831 473 1857 sum,
499 1822 583 1860 quod
603 1824 672 1850 eius
693 1823 772 1851 dono
794 1824 963 1852 destitutas
984 1824 1054 1859 sim,
1076 1822 1151 1850 dum
1174 1822 1210 1849 ob
1232 1822 1378 1857 optimam
1401 1819 1635 1847 eoecusationem
1658 1825 1728 1845 eum
1750 1825 1828 1845 amo.

140 1888 171 1918 5.
196 1889 319 1917 Βοηιιηι
343 1890 403 1916 viri
424 1898 472 1916 me
495 1897 557 1916 non
577 1889 673 1927 fuyit,
699 1891 790 1918 cuius
810 1898 924 1918 manus
946 1891 1124 1926 qratiarum
1147 1890 1350 1916 commeatum
1373 1896 1391 1913 a
1413 1894 1461 1913 me
1482 1885 1701 1921 deposuerunt.

241 1957 380 1988 Causam
408 1967 464 1987 cur
491 1966 590 1987 avaro
618 1958 795 1988 obstrictus
821 1960 874 1995 sit,
903 1958 1042 1997 exponit.
1097 1958 1142 1987 Se
1171 1958 1200 1987 ei
1226 1955 1411 1985 obstrictum
1438 1962 1523 1992 esse,
1552 1951 1633 1992 quod
1661 1952 1847 1983 beneficium
1875 1961 1929 1982 re-

141 2030 259 2052 cusans
287 2023 460 2062 gratiarum
489 2021 683 2062 agendarum
713 2021 871 2061 officium,
905 2021 988 2060 quod
1016 2029 1097 2050 Onus
1133 2020 1303 2049 molestum
1339 2017 1477 2046 futurum
1505 2014 1642 2055 fuisset,
1681 2014 1739 2054 ipsi
1770 2023 1831 2043 non
1865 2014 1923 2043 im-

574 2078 658 2131 &⁸2¹³
687 2083 716 2112 in
744 2082 903 2112 Mersukii
930 2082 1039 2112 codice
1067 2080 1181 2127 0⁸⁶>¹³
1212 2080 1338 2121 legitur.
1380 2077 1511 2108 Gratias
1543 2085 1612 2106 cum
1640 2080 1816 2106 commeatu
1843 2084 1929 2105 com-

142 2154 276 2187 parasse
305 2145 443 2183 videtur,
472 2145 553 2184 quod
583 2150 775 2176 commeatus
804 2145 834 2174 iu
861 2145 957 2174 dorso
988 2145 1127 2184 portanti
1153 2145 1241 2173 oneri
1269 2146 1329 2170 est.

142 2082 310 2121 posuisset.
341 2083 428 2112 Loco
455 2085 547 2113 vocis

937 2239 1131 2273 Lxxvl.

683 2304 1021 2338 Elin-Alaban!
1043 2304 1252 2339 Asadita
1276 2301 1413 2336 dixit.

289 2364 411 2403 (Quum
439 2363 602 2405 religionis
629 2365 822 2392 mentionem
849 2363 955 2400 faciat,
981 2366 1055 2403 quin
1084 2368 1157 2402 post
1184 2363 1330 2392 Islamum
1360 2361 1500 2401 vixerit,
1528 2362 1632 2391 nullus
1660 2360 1795 2398 dubito).

144 2438 170 2466 Ι.
195 2437 376 2473 Oltrmljalzi
394 2436 503 2472 relz'yio
523 2438 595 2473 post
617 2437 762 2464 canitiem
784 2444 881 2462 curva
904 2437 1010 2465 evasit,
1036 2435 1123 2463 ηιοιΙο
1147 2445 1205 2473 quo
1229 2435 1340 2463 clavus
1363 2444 1480 2463 curvus
1499 2436 1543 2471 fil.

242 2506 340 2535 Poeta
368 2506 469 2534 virum
497 2506 670 2543 vituperat,
699 2503 749 2542 qui
775 2513 876 2532 senex
904 2505 934 2532 in
963 2503 1115 2544 religione
1144 2513 1274 2542 pravam
1303 2503 1419 2543 agendi
1445 2503 1598 2532 rationem
1626 2503 1755 2530 seculus
1781 2500 1833 2529 sit.
1869 2500 1923 2529 Iu·

142 2569 231 2598 venis
258 2569 284 2597 si
312 2569 371 2598 hac
399 2569 428 2598 in
459 2578 492 2598 re
521 2572 642 2609 peccat,
671 2568 777 2607 potius
806 2568 951 2598 excusari
979 2570 1097 2607 potest,
1126 2575 1216 2605 quam
1236 2565 1264 2595 si
1283 2573 1393 2605 senex,
1418 2564 1468 2594 cui
1489 2562 1653 2602 prudentia
1672 2566 1705 2591 et
1727 2560 1928 2600 experientia
