2155 2892
887 136 1158 167 —522—

121 244 223 291 5935,
251 251 332 281 quae
360 249 471 270 carnes
499 239 645 269 concisas
674 242 706 268 et
732 238 762 267 in
789 238 889 268 farina
916 242 1029 268 coctas
1056 236 1215 277 designat,
1252 237 1354 266 cibum
1390 235 1560 266 delicatum
1596 239 1693 274 poeta
1731 234 1913 275 significare

128 305 266 335 videtur.
319 304 394 333 Vox
421 299 520 345 0525,
547 302 751 331 substantivo
779 301 911 341 omisso,
939 305 993 331 aut
1019 300 1078 337 lac,
1108 300 1199 330 euius
1229 308 1350 329 cremor
1370 301 1400 328 et
1418 307 1533 337 spuma
1551 302 1605 327 aut
1625 297 1794 336 iusculum,
1822 298 1913 327 cuius

125 368 225 406 adeps
255 372 378 396 remota
405 368 489 395 sunt.
543 363 747 394 Scholiastes
775 362 859 401 dicit,
888 372 983 403 esse,
1019 365 1071 401 qui
1098 362 1234 392 vocibus
1260 359 1376 394 μζοζέὅῖ
1404 360 1508 406 >5255
1543 360 1807 402 significationem
1833 360 1913 390 utris

126 430 231 469 butyri
259 432 312 458 aut
339 428 430 466 utris,
458 427 488 457 in
515 436 575 466 quo
604 426 664 456 mel
691 426 744 455 vel
772 427 851 456 aliae
878 434 929 455 res
957 430 1208 461 conserventur,
1244 424 1392 463 tribuant,
1420 433 1501 453 voce
1528 421 1623 454 &5⁷3
1651 426 1755 453 autem
1782 431 1914 461 parvum

126 490 300 532 designari,
329 490 420 529 quasi
446 488 667 519 benedictione
695 487 917 517 destituantur.
947 488 1067 517 Vocem
1083 475 1160 516 gia->⁵
1185 486 1306 526 lingere
1333 495 1394 514 non
1414 485 1453 515 ad
1473 490 1587 525 utrem,
1615 485 1672 514 sed
1691 484 1730 514 ad
1749 493 1813 524 reS,
1833 492 1916 523 quae

127 557 198 583 utre
225 553 457 593 contineantur,
487 550 686 581 referendam
714 559 798 580 esse.
851 550 989 579 Priorem
1017 553 1123 579 antem
1151 547 1379 587 interpretandi
1407 547 1531 577 modum
1559 546 1802 586 praeferendum
1829 555 1915 576 esse.

910 643 1160 677 ῙιΧΧῙῚΙΙ-

125 714 312 749 Ululiel·
332 724 359 748 e
379 714 524 755 gente
542 710 686 753 Thai,
702 718 830 751 quae
849 709 1068 751 *urzi-jah
1088 707 1405 743 Baulanitiea
1430 717 1535 742 esse
1559 708 1754 750 «licitur,
1778 705 1916 740 dixit.

127 784 155 813 1.
201 783 228 814 0
251 782 416 820 Altzzjalz!
445 782 606 818 lacrymas
633 781 770 817 fluentes
800 778 933 815 Iaryiter
964 779 1086 817 effunde
1114 781 1145 806 et
1163 779 1255 814 plora
1278 774 1354 817 [libi
1377 778 1572 806 calamitates
1595 775 1692 817 sunt)
1714 778 1819 815 qentis
1840 776 1916 805 stlo-

895 833 984 861 lmrz'b
1008 832 1157 861 occisos!

126 893 159 921 2.
203 891 242 920 Sa·
260 894 385 927 =‹lentem-
409 899 507 917 meam
529 897 646 925 mayna
666 896 747 924 qens
769 897 785 915 e
805 889 970 924 yetlerosz's
997 891 1027 916 et
1045 889 1244 925 principibus
1265 888 1391 923 muynis
1415 886 1592 924 occidisset,

237 960 270 988 In
299 959 454 989 Mersukii
483 958 591 988 codice
619 959 704 996 prior
731 966 849 986 versus
880 956 920 985 ad
948 957 1123 998 marginem
1151 956 1333 996 adscriptus
1361 960 1422 985 est.
1476 954 1615 994 Ahzijah
1642 964 1680 984 se
1706 954 1807 994 ipsam
1835 954 1916 983 allo-

127 1023 228 1063 quitur
255 1022 443 1061 adhortans,
479 1025 514 1051 ut
541 1020 579 1049 ob
607 1020 735 1050 occisos
763 1029 782 1048 a
808 1024 905 1060 gente
932 1019 1077 1049 Moharib
1105 1019 1218 1058 ploret.
1280 1017 1426 1047 Moharib
1461 1026 1575 1046 nomen
1616 1016 1723 1057 gentis
1760 1024 1852 1053 esse,
1889 1015 1920 1044 in

127 1085 262 1115 Kamusi
289 1093 384 1123 opere
411 1085 557 1124 legimus.
609 1083 701 1112 Hanc
728 1086 835 1112 autem
864 1086 995 1123 gentem
1023 1082 1133 1112 mulier
1160 1082 1355 1121 perstrinxit.
1416 1081 1466 1110 Ex
1494 1079 1743 1109 homoioteleuto
1770 1077 1920 1108 hemisti-

128 1147 270 1177 chiorum
298 1155 429 1176 versum
458 1148 591 1185 primum
619 1145 707 1174 initio
737 1144 883 1174 carminis
911 1143 1016 1173 fuisse
1043 1144 1281 1184 cognoscimus.

128 1242 161 1273 3.
206 1242 368 1271 Patientia
389 1243 421 1270 in
445 1251 488 1276 eo,
513 1241 597 1279 quod
616 1240 705 1269 nobis
729 1244 850 1277 lempus
872 1240 1020 1278 adferret,
1045 1242 1098 1268 usi
1120 1249 1262 1269 essemus
1268 1250 1281 1277 ,·
1313 1240 1371 1268 sed
1392 1250 1410 1268 a
1430 1241 1524 1276 yenle
1545 1238 1707 1267 Molzaribi
1736 1239 1824 1267 nobis
1848 1239 1920 1266 vin-

859 1293 940 1321 dicta
962 1295 1115 1322 sumenda
1138 1299 1194 1325 est.

227 1352 289 1382 Hic
317 1360 432 1381 versus
459 1361 530 1381 cnm
558 1351 716 1390 prioribus
744 1354 834 1380 arcte
870 1349 1033 1380 cohaeret.
1086 1352 1122 1380 Si
1157 1351 1252 1381 occisi
1288 1356 1398 1382 essent
1433 1362 1452 1382 a
1485 1358 1583 1393 gente
1622 1361 1738 1392 magna
1774 1355 1805 1381 et
1841 1350 1920 1380 viris

129 1415 299 1454 nobilibus,
332 1424 396 1443 rem
424 1416 576 1443 minorem
604 1413 746 1442 dolorem
775 1413 854 1451 ipsis
883 1412 1039 1442 facturam
1076 1412 1198 1452 fuisse3
1227 1412 1285 1442 sed
1313 1423 1411 1453 quum
1439 1423 1529 1454 gens,
1564 1423 1582 1444 a
1616 1423 1677 1452 qua
1710 1413 1809 1443 occisi
1844 1412 1920 1452 sint,

129 1477 203 1507 vilis
231 1477 283 1515 sit,
312 1486 377 1506 rem
405 1475 567 1506 ferendam
592 1485 654 1505 non
683 1485 769 1506 esse.
829 1476 1032 1506 Scholiastes
1059 1485 1189 1506 sensum
1217 1475 1347 1505 similem
1375 1476 1544 1515 proverbio
1573 1472 1687 1518 (Meid.
1715 1475 1752 1505 C.
1783 1474 1839 1512 23,
1872 1475 1920 1514 1).

135 1540 193 1570 »Si
220 1540 335 1569 semina
362 1539 489 1569 armillis
520 1544 632 1569 ornata
661 1539 809 1579 (nobilis)
838 1540 960 1578 alapam
987 1539 1061 1569 mihi
1089 1538 1237 1569 duxisset
1263 1537 1440 1581 (ferendum
1467 1535 1594 1580 esset)«
1626 1546 1701 1567 esse
1728 1537 1810 1570 dicit.

133 1637 165 1665 4.
215 1636 302 1665 Viles
323 1639 435 1673 yenles
457 1640 545 1674 szmt,
568 1638 599 1664 si
620 1646 675 1665 eas
697 1638 847 1673 1·icinms,·
871 1638 922 1665 sin
943 1645 1016 1664 vero
1040 1644 1098 1664 nos
1119 1636 1278 1672 subz'qtmt,
1301 1637 1433 1671 pessimi
1452 1637 1584 1663 victores
1606 1636 1819 1664 inveniuntur.

232 1705 313 1734 Rem
342 1705 479 1744 pluribus
507 1706 656 1744 explicat.
710 1705 849 1736 Gentem
879 1706 973 1734 talem
1002 1714 1099 1745 esse,
1137 1710 1188 1741 ut,
1226 1704 1254 1733 si
1281 1704 1318 1733 ab
1347 1704 1416 1733 aliis
1444 1704 1610 1743 vincatur,
1641 1703 1795 1734 victoriae
1823 1702 1924 1743 gloria

133 1777 195 1797 non
222 1768 274 1805 sit,
302 1768 350 1796 sin
378 1777 456 1796 vero
485 1777 523 1797 ea
549 1768 715 1797 victoriam
741 1767 930 1807 reportarit,
957 1776 974 1795 a
1001 1766 1054 1795 tali
1082 1766 1251 1804 superari,
1290 1766 1509 1804 turpissimum
1547 1765 1667 1795 haberi.
1718 1765 1805 1794 Loco
1833 1763 1923 1794 vocis

134 1826 216 1876 1-3).ξέ
250 1830 279 1858 in
316 1831 474 1859 Mersukii
509 1828 619 1858 codice
659 1824 739 1872 kij'zb
776 1828 914 1868 legitur,
955 1828 1001 1857 cui
1030 1827 1162 1857 eandem
1190 1828 1479 1869 constructionem,
1513 1837 1603 1867 quam
1638 1828 1736 1857 verbo
1766 1824 1844 1868 tijke
1871 1827 1923 1865 sit,

134 1891 235 1921 datam
264 1902 349 1921 esse.
403 1892 605 1922 Scholiastes
633 1891 808 1930 adnotavit,
835 1890 1107 1928 propositionem,
1148 1899 1229 1929 quae
1266 1890 1476 1919 conditionem
1505 1886 1587 1931 uste
1613 1887 1651 1934 Ol
1679 1889 1768 1927 sequi
1796 1888 1922 1928 debeat,

137 1955 346 1993 praemissam
375 1964 448 1984 esse
475 1960 507 1984 et
535 1955 642 1984 verbis
671 1951 728 2000 Γὶῄὶ
748 1955 822 1991 &⁴⁸43
850 1953 1011 1982 contineri.
1042 1953 1217 1982 Posteriori
1245 1957 1351 1982 autem
1379 1961 1498 1981 versus
1526 1953 1605 1990 parti
1633 1951 1766 1980 similem
1792 1959 1923 1979 sensum

134 2014 268 2043 inveniri
295 2015 325 2043 in
353 2013 583 2043 Amru-I’Kaisi
608 2011 704 2057 (conf.
732 2014 771 2043 ill.
800 2013 839 2043 de
866 2014 963 2043 Slane
992 2014 1105 2043 Diwan
1134 2023 1162 2052 p.
1192 2010 1243 2056 W)
1270 2014 1378 2043 verbis
1407 2013 1498 2052 (pars
1520 2023 1637 2044 versus
1656 2018 1745 2043 metr.
1763 2012 1923 2051 'rhawil):

135 2077 231 2107 Non
266 2080 352 2105 tam
379 2077 602 2115 turpiter
629 2082 669 2106 te
696 2076 982 2115 superavit,
1011 2086 1126 2115 quam
1155 2075 1303 2105 hostis
1332 2085 1466 2115 saepe
1493 2078 1676 2106 victus,

915 2172 1174 2206 Lxxvnll.

753 2225 869 2259 Alia
891 2227 1135 2268 (praedam
1159 2225 1295 2259 dixit.

138 2292 209 2337 (p-
242 2293 374 2333 683.)
421 2295 448 2324 l.
478 2294 733 2332 Quotiescunque
763 2294 920 2322 alimentis
952 2296 1164 2332 cleficienlibns
1191 2304 1369 2331 yenerosus
1398 2305 1417 2323 a
1444 2297 1582 2331 tempore
1613 2293 1657 2322 ad
1676 2292 1819 2330 Sajadum
1842 2299 1921 2320 con-

892 2349 1008 2386 fuyere
1031 2351 1161 2385 coyilur,

136 2404 168 2432 2.
196 2402 293 2430 Valla
316 2406 442 2430 austero
463 2412 532 2430 eum
556 2404 685 2438 excipit,
709 2411 747 2430 ae
768 2403 798 2430 si
817 2411 979 2430 servorum
1003 2402 1151 2430 alimenta
1174 2403 1203 2430 ei
1225 2404 1369 2439 imposita
1392 2404 1464 2431 sint.

236 2470 337 2509 Sijadi
367 2471 533 2499 avaritiam
561 2471 731 2509 vituperat.
760 2470 938 2500 Avaritiam
965 2471 994 2499 in
1022 2480 1059 2500 eo
1087 2480 1123 2500 se
1152 2471 1324 2501 ostendere
1352 2471 1437 2509 dicit,
1465 2470 1560 2510 quod,
1587 2469 1614 2500 si
1633 2477 1814 2510 generosus
1837 2471 1921 2498 tem-

137 2534 223 2570 poris
251 2532 430 2561 calamitate
457 2535 588 2561 coactus
616 2541 688 2561 eum
718 2532 830 2572 adeat,
868 2532 961 2562 vultu
996 2536 1124 2562 austero
1160 2543 1231 2563 eum
1260 2534 1406 2573 excipiat.
1459 2534 1548 2563 hoco
1576 2531 1665 2561 vocis
1685 2526 1779 2574 ἔφλα
1806 2530 1922 2571 legitur

133 2600 238 2638 Jamaa
264 2604 362 2624 sensu
388 2594 472 2625 haud
498 2595 629 2625 multum
657 2594 798 2625 diverso.
