2155 2892
882 117 1150 148 —550-

127 216 333 261 (11.9(93.)
388 218 510 248 edendo
546 217 695 247 decorum
728 216 820 256 sequi
855 225 979 246 carnem
1018 216 1162 246 dentibus
1201 215 1285 246 haud
1315 214 1519 245 divellentes.
1580 214 1784 245 Scholiastes
1811 225 1918 247 eorum

125 285 314 316 sententiam
334 281 494 320 reprobat,
510 280 560 318 qui
580 279 695 317 dicunt,
712 288 807 308 unuin
833 288 942 308 eorum
969 279 1007 308 ab
1036 279 1135 308 altero
1164 287 1294 308 carnem
1326 275 1496 306 mordendo
1528 276 1690 316 accipere,
1709 286 1804 315 quum
1822 278 1920 308 multa

126 349 175 378 sit.
204 348 312 376 Talem
342 353 453 373 canum
480 342 606 372 modum
637 350 720 374 esse.
771 342 854 371 Sunt
882 341 1030 381 denique,
1058 342 1111 381 qui
1139 350 1231 381 voce,
1260 341 1340 370 bono
1369 340 1472 370 animo
1508 347 1603 378 esse,
1639 338 1813 379 significari
1840 348 1920 369 con-

126 409 268 446 tendant,
296 412 330 437 ut
357 416 427 436 cum
453 415 535 436 voce
562 399 645 452 53⁸5>
675 402 848 448 (liberalis)
876 405 1059 435 cohaereat.
1096 404 1218 433 Primus
1247 402 1475 443 interpretandi
1501 401 1613 432 modus
1639 400 1764 441 linguae
1791 400 1920 439 aptissi-

126 481 195 502 mus
223 476 282 500 est.

952 564 1109 598 XXVI.

618 631 958 665 Abu-Bantia!
985 629 1277 671 njozsaaluita
1302 628 1440 672 «lixit,

707 690 758 728 qui
786 688 1037 718 Molianunedem
1064 688 1194 718 laudare
1223 689 1345 718 dicitur.

126 767 157 796 1.
202 766 323 796 Gentes
342 765 472 802 fodinae
493 766 587 799 sunt;
608 763 667 790 sed
686 763 757 790 eius
779 763 865 797 oriyo
888 770 1002 789 (turum
1024 763 1073 788 est
1094 763 1125 788 el
1145 770 1252 788 omnes
1274 761 1342 788 eius
1364 760 1475 787 domus
1500 769 1630 788 crassae
1652 763 1737 789 sunl.

257 834 359 872 Quum
396 831 524 874 gentis.
561 841 579 861 e
613 831 727 871 quibus
765 829 882 870 singuli
918 829 1061 858 homines
1094 829 1266 868 prodeant,
1307 838 1378 858 cum
1420 828 1533 858 fodinis
1570 829 1744 868 comparari
1781 831 1918 868 possint,

130 895 394 934 Mohammedem,
423 897 558 923 omnium
587 893 908 932 praestantissimum,
937 901 1015 921 auro
1043 892 1175 921 similem
1201 902 1276 921 esse
1305 897 1400 931 poeta
1428 890 1513 921 dicit.
1542 891 1607 920 Eas
1628 900 1750 930 quoque
1773 891 1921 930 familias,

127 969 206 999 quae
235 959 356 998 origine
383 967 453 988 cum
482 966 520 986 eo
549 956 755 995 cohaereant,
784 955 984 985 excellentes
1013 965 1096 985 esse.
1150 955 1223 985 Vox
1253 953 1347 999 βω
1375 951 1551 997 (crassus),
1571 953 1657 982 tenui
1685 952 1834 992 opposita
1851 961 1922 982 cum

127 1031 209 1052 voce
225 1017 332 1060 &524³
350 1021 419 1049 mihi
438 1019 521 1049 haud
550 1021 630 1049 bene
658 1019 822 1049 coniuncta
849 1017 985 1047 videtur.
1013 1017 1211 1047 Scholiastes
1231 1027 1248 1047 a
1268 1021 1363 1056 poeta
1383 1014 1518 1045 familias
1536 1012 1869 1052 Hasc11em‚0majjah
1887 1019 1921 1042 et

128 1083 296 1113 Machsum
326 1081 499 1123 significari
526 1082 602 1112 dicit
626 1079 956 1111 coufissbn-Kotaib
984 1089 1013 1118 p.
1032 1079 1088 1109 78.
1117 1079 1196 1109 Voci
1217 1078 1319 1124 0³²³
1333 1079 1497 1108 Nunnatio
1524 1077 1614 1106 metri
1641 1077 1831 1107 Gausadata
1859 1080 1924 1108 est.

130 1182 163 1211 2.
207 1179 363 1209 [Mulieres
383 1178 510 1207 steriles
531 1177 619 1206 sint!
652 1187 725 1206 mim
747 1178 778 1205 ei
804 1176 936 1204 similem
970 1185 1033 1204 non
1055 1177 1194 1212 parient,
1226 1177 1336 1213 unque
1366 1174 1515 1203 mulieres
1544 1175 1574 1203 ei
1597 1173 1730 1202 similem
1756 1181 1927 1210 procreare

916 1241 980 1260 mm-
998 1234 1142 1268 possunt.

228 1300 484 1331 Mohammedem
511 1310 573 1330 non
600 1300 703 1330 solum
732 1305 875 1340 tempore
903 1305 1074 1340 praesente
1103 1299 1239 1329 omnium
1267 1298 1574 1337 praestantissimum
1590 1306 1684 1337 esse3
1701 1305 1811 1326 verum
1830 1296 1926 1326 etiam

130 1363 235 1394 futuro
263 1368 407 1402 tempore
435 1372 627 1401 mansurum,
656 1372 751 1402 quum
779 1373 797 1392 e
822 1363 954 1392 muliere
981 1364 1009 1392 ei
1034 1363 1146 1392 similis
1174 1361 1262 1391 nasci
1288 1370 1350 1390 non
1377 1362 1492 1400 possit.
1558 1360 1639 1389 Eum
1673 1359 1768 1400 igitur
1804 1358 1925 1388 incom-

129 1427 301 1467 parabilem
329 1435 415 1456 esse.
469 1426 670 1456 Scholiastes
697 1426 726 1455 in
754 1426 854 1465 prima
880 1435 998 1455 versus
1024 1429 1126 1465 parte,
1152 1429 1186 1453 ut
1211 1425 1242 1453 in
1270 1427 1445 1463 postrema,
1471 1431 1586 1452 vocem
1612 1420 1690 1459 ιὼέιρ
1717 1420 1927 1460 supplendam

130 1492 230 1528 putat.
284 1488 354 1518 Hoc
381 1488 522 1518 admisso
550 1488 683 1518 verbum
712 1491 803 1525 „322
830 1487 963 1528 optativi
990 1496 1120 1516 sensum
1149 1485 1266 1515 offerre
1301 1494 1363 1514 uon
1393 1488 1524 1524 potest3
1559 1483 1617 1513 sed
1641 1483 1828 1513 vertendum
1855 1487 1926 1512 est:

129 1551 266 1580 Steriles
295 1554 365 1580 sunt
391 1551 540 1580 mulieres
569 1550 598 1580 in
625 1551 678 1580 tali
708 1551 917 1590 procreando,
954 1551 1036 1580 Huic
1059 1550 1187 1579 obstare
1215 1547 1354 1587 videtur,
1384 1547 1467 1586 quod
1495 1547 1617 1576 initium
1645 1554 1763 1575 versus
1792 1544 1927 1574 eundem

131 1612 222 1650 plane
248 1621 389 1648 sensum,
417 1621 510 1651 quem
539 1612 620 1648 finis,
641 1613 765 1642 habeat.
795 1612 865 1650 Qua
893 1612 931 1642 de
959 1621 1060 1642 causa
1088 1611 1171 1640 haud
1197 1614 1279 1649 sci0,
1307 1619 1347 1639 an
1373 1609 1473 1638 verbo
1502 1611 1571 1652 με,
1588 1612 1622 1638 ut
1650 1616 1718 1636 vox
1742 1604 1820 1644 alst-q
1844 1606 1929 1636 haud

131 1673 332 1713 suppleatur,
356 1682 417 1701 non
445 1677 549 1712 potius
580 1673 713 1712 optativi
741 1684 859 1704 sensus
889 1675 1053 1711 tribuatur,
1082 1676 1200 1713 quippe
1230 1673 1357 1702 Arabes
1388 1673 1419 1701 in
1445 1671 1540 1700 rebus
1568 1670 1775 1699 admiratione
1803 1668 1929 1710 dignis-

131 1733 219 1763 simis
246 1734 299 1763 tali
327 1734 419 1762 niodo
446 1734 530 1772 loqui
557 1735 694 1764 soleant.
727 1735 928 1765 Scholiastes
956 1735 1131 1776 adnotavit,
1159 1735 1313 1774 pluralem
1342 1743 1400 1779 με
1427 1743 1446 1764 a
1472 1732 1623 1773 singulari
1651 1734 1725 1777 ’.ᾖξε
1752 1731 1929 1762 derivatum

131 1805 220 1836 esse,
246 1795 325 1833 quod
354 1794 455 1824 forma
480 1796 556 1831 ἁμὲ
593 1795 862 1836 significationem
890 1797 1027 1827 activam
1055 1798 1175 1828 formae
1201 1792 1269 1835 &ab
1296 1797 1436 1835 habeat,
1466 1805 1525 1826 nec
1553 1804 1632 1825 vero
1665 1793 1929 1834 significationem

136 1859 298 1898 passivam
324 1857 447 1887 formae
473 1855 578 1899 dymin,
599 1860 716 1898 quippe
743 1859 875 1897 pluralis
902 1869 972 1889 cum
999 1859 1231 1900 significatione
1259 1859 1392 1898 passiva
1410 1866 1502 1903 σῶζε
1529 1857 1570 1887 sit
1597 1856 1702 1897 modo,
1720 1864 1781 1896 quo
1810 1865 1829 1886 a
1848 1864 1931 1886 voce

134 1943 195 1982 ᾗ.
185 1943 228 1962 .:>
255 1933 386 1972 pluralis
414 1943 496 1978 ⁸5²·
486 1944 528 1962 .:>
551 1932 722 1963 derivetur
752 1933 862 1962 conf.
882 1933 986 1964 Graiu.
1008 1935 1062 1963 Ar.
1078 1935 1114 1963 T.
1129 1935 1187 1973 lp.
1204 1933 1285 1964 360.
1317 1934 1438 1963 Beatus
1454 1932 1494 1962 de
1509 1932 1640 1972 Sacyus
1655 1930 1784 1960 formam
1801 1913 1862 1968 3:³3
1889 1940 1931 1960 ex

135 2005 236 2036 foima
261 2007 321 2043 3025
348 2012 449 2037 ortam
479 2008 612 2045 putavit.
640 2007 841 2037 Scholiastes
869 2007 959 2045 dixit,
986 2009 1113 2049 signum
1140 2008 1275 2038 feminini
1302 2007 1443 2038 additum
1468 2015 1530 2036 non
1558 2015 1646 2044 esse,
1675 2005 1758 2044 quod
1785 2005 1815 2035 in
1845 2014 1929 2035 voce

137 2069 247 2099 relatio
275 2070 317 2099 sit
344 2071 362 2099 i.
394 2081 422 2099 e.
451 2069 544 2108 quod
570 2080 664 2110 quum
692 2070 731 2100 ad
762 2070 909 2102 feminam
934 2072 1102 2109 referatur,
1131 2079 1267 2100 necesse
1295 2073 1347 2109 sit,
1377 2070 1471 2111 signo
1497 2069 1632 2099 feminini
1665 2077 1774 2098 carere
1816 2069 1930 2108 possit.

136 2165 168 2194 3.
212 2164 404 2203 Splendenle
422 2168 518 2204 facie,
539 2168 612 2195 dum
634 2167 753 2196 sane!
773 2169 856 2203 dicit,
872 2178 891 2196 α
906 2177 979 2196 voce
999 2167 1190 2196 minime!
1212 2167 1393 2203 lonyissime
1414 2165 1749 2203 re1110l11850pulenlia
1771 2173 1808 2193 ac
1830 2164 1932 2200 inopia

811 2221 897 2257 apud
917 2230 986 2249 eum
1009 2221 1159 2258 aequales
1180 2225 1267 2249 sunt.

237 2295 386 2337 Rogatus
413 2306 537 2326 summa
563 2306 631 2328 cum
660 2298 837 2337 voluptate,
866 2306 947 2334 quae
974 2298 1004 2326 in
1032 2297 1115 2327 facie
1139 2297 1281 2337 adparet,
1300 2298 1421 2337 petenti
1448 2297 1567 2335 adnuit,
1588 2305 1748 2336 nunquam
1775 2302 1930 2324 recusans

137 2356 208 2386 sive
239 2359 337 2387 rebus
365 2358 504 2388 abundat
532 2359 604 2388 sive
627 2359 731 2398 inopia
756 2359 918 2398 premitur.
948 2359 1058 2388 Voces
1086 2359 1165 2395 stat-3
1191 2363 1223 2388 et
1246 2357 1269 2387 >5
1285 2364 1430 2399 tanquam
1449 2361 1575 2389 uomina
1599 2368 1660 2398 ope
1684 2355 1932 2398 praepositionis

138 2421 326 2452 coniunctae
351 2427 438 2452 sunt.

139 2518 170 2546 4.
216 2518 342 2547 Parcus
366 2521 399 2547 in
422 2529 565 2548 sermone
586 2521 621 2548 ob
642 2521 806 2557 pudorem,
829 2524 864 2549 ut
885 2522 1026 2557 corporis
1048 2520 1138 2548 ηοω-(ἶ
1157 2520 1315 2559 adfectum
1339 2529 1408 2548 eum
1428 2522 1531 2558 pules,
1562 2519 1634 2546 (lum
1656 2518 1690 2544 in
1713 2524 1841 2551 corpore
1862 2516 1930 2543 eius

893 2575 1017 2603 morbus
1040 2582 1102 2602 non
1123 2576 1180 2603 est·
