2155 2892
895 170 1166 201 -515—

973 266 1096 298 LXX.

883 331 1026 365 :llius
1049 330 1183 364 «lixit.

136 404 164 434 1.
188 404 299 443 Neque
321 406 352 433 iu
367 407 461 441 yerele
482 401 659 432 Alliarisch
683 410 782 440 neque
803 402 835 430 1¹11
856 404 949 438 yeme
973 400 1090 430 Olet-ai!
1111 403 1166 428 au!
1187 402 1218 427 iu
1240 400 1315 438 filiis
1340 401 1485 437 Djnlulue
1505 410 1680 438 yerwrosns
1704 404 1752 430 es!

135 471 167 500 2.
192 470 259 500 Aut
280 472 313 499 in
338 471 392 504 iis,
425 469 538 507 quibus
567 468 686 504 leprosi
705 468 832 505 podices
856 470 933 495 siem
953 469 985 495 in
1007 470 1101 503 yeule
1125 466 1258 495 Namatr
1280 470 1336 494 uu!
1355 469 1386 494 in
1408 470 1502 502 φυηρ»
1524 467 1716 503 ΑΙιιΙιιῌΙαιι,
1743 477 1824 505 quae
1844 477 1926 504 auq-

599 525 700 550 meulo
723 523 754 549 iu
775 521 907 558 pedibus
931 520 1122 548 struthionis
1145 522 1243 548 muris
1263 520 1377 548 similis
1400 524 1455 548 est.

237 594 270 622 ln
298 593 406 632 plures
434 596 551 631 gentes
580 590 750 630 invehitur,
778 589 894 620 nullutn
922 589 951 618 in
979 589 1016 618 iis
1045 597 1237 628 generosum
1265 589 1398 618 inveniri
1427 589 1546 619 dicens.
1613 591 1740 631 Causa,
1778 601 1834 621 cnr
1864 600 1922 620 eas

133 656 314 695 vituperet,
353 665 371 683 e
398 654 547 684 versibus
584 654 738 693 cognosci
775 663 835 682 non
875 656 991 692 potest.
1055 652 1181 683 Gentes
1216 652 1444 693 quodammodo
1473 658 1626 692 cognatas
1656 653 1755 682 fuisse
1784 654 1925 682 coniicio.

132 717 303 747 Alhnriscli
331 722 452 756 partem
481 717 588 757 gentis
617 716 841 745 Banu-Alnnir
868 726 956 757 esse,
986 719 1017 746 in
1047 716 1204 747 Mersnkii
1232 715 1375 755 margine
1405 715 1486 754 legO.
1528 714 1665 744 Gentem
1687 714 1928 744 Banu-Nomair

131 780 190 819 (de
219 789 277 819 qua
306 780 389 810 conf.
419 779 669 809 Ebu-Kotuibah
698 788 728 818 p.
753 778 850 815 108.)
880 780 962 818 turpi
992 779 1021 808 in
1050 778 1159 817 podice
1187 778 1294 807 inorbo
1324 776 1484 806 adfectant
1514 771 1792 816 describitg'tilios
1821 782 1925 807 autern

131 841 314 881 Atahdjtani
340 851 410 871 cum
438 846 610 882 augmento
637 841 666 870 in
695 842 800 881 planta
829 842 918 881 pedis
946 840 1196 872 strutliiocaineli
1217 840 1324 877 maris,
1353 840 1436 879 quod
1459 840 1567 870 inutile
1587 839 1726 878 videtur,
1753 844 1926 878 comparat.

133 902 206 933 Hoc
240 903 269 932 in
304 903 465 942 proverbii
500 902 762 933 consuetudinem
795 904 883 934 venit
916 903 1019 934 conf.
1048 902 1145 932 Meid.
1176 901 1212 931 C.
1250 902 1317 941 27,
1352 901 1441 941 146,
1477 901 1528 930 ubi
1572 896 1694 937 „ffkl‘m'l
1732 901 1798 946 ωζϋ
1841 900 1926 941 legi—

132 968 193 993 tur.
264 964 432 994 Nmnarita
467 968 575 993 autem
615 964 751 993 vocibus
788 959 912 1001 ᾺᾼΣεύὶ
948 963 1032 1010 3005)-
1079 964 1183 1002 pullos
1221 964 1410 993 struthionis
1449 963 1623 1004 significari
1663 968 1772 1003 putat,
1813 963 1927 1001 quippe

131 1025 301 1056 strutltioni
339 1026 451 1056 levitas
489 1029 519 1056 et
548 1025 704 1056 inclinatio
732 1026 771 1056 ad
800 1026 907 1066 fugam
944 1025 1174 1059 adscribantur,
1226 1027 1260 1055 ln
1294 1026 1464 1065 proverbio
1496 1035 1588 1056 esse:
1633 1025 1799 1066 »fugacior
1834 1034 1925 1063 quam

131 1086 417 1117 struthiocamelus
444 1096 513 1117 mas
540 1087 664 1126 (conf.
690 1087 789 1117 Meid.
817 1088 844 1118 C
889 1087 944 1127 13,
977 1086 1044 1117 137
1073 1088 1123 1117 nbi
1150 1088 1271 1124 >Astis-³>
1297 1102 1339 1125 0-
1366 1092 1427 1117 ete.
1456 1088 1588 1128 legitur)
1615 1091 1648 1116 et
1680 1086 1806 1125 »pullus
1834 1091 1924 1115 stru-

130 1150 248 1181 thionis
276 1151 346 1180 eius
370 1150 592 1191 properavit«,
619 1158 680 1189 quo
706 1154 763 1179 aut
787 1148 861 1179 leve
888 1149 1050 1190 ingenium
1079 1155 1134 1180 aut
1161 1150 1240 1191 fuga
1266 1150 1470 1180 indicaretur.
1499 1160 1577 1181 con
1590 1152 1608 1181 l'.
1637 1151 1734 1180 Meid.
1757 1150 1794 1180 C.
1820 1150 1874 1179 11.
1893 1150 1926 1179 8.

135 1249 169 1278 3.
193 1248 256 1277 ma
278 1257 378 1285 ayens
400 1249 498 1276 sideri
519 1257 614 1276 ursae
635 1246 748 1275 similis
770 1249 826 1280 est,
853 1256 934 1284 quae
957 1248 1123 1285 quiescens
1147 1256 1218 1276 cum
1239 1248 1395 1276 sideribus
1419 1256 1481 1276 non
1501 1248 1655 1285 procedit.

231 1317 397 1358 Pigritiam
427 1322 459 1346 et
486 1317 580 1346 vilem
607 1316 744 1346 animuin
771 1315 810 1345 iis
838 1315 962 1355 tribuit,
990 1321 1025 1346 ut
1052 1320 1139 1346 sorte
1166 1316 1220 1345 vili
1248 1318 1387 1346 contenti
1415 1326 1433 1346 e
1460 1316 1530 1347 loco
1567 1316 1651 1347 haud
1684 1317 1859 1357 procedant
1894 1322 1927 1347 et

132 1378 172 1409 ad
199 1379 312 1409 altiora
339 1379 423 1409 haud
453 1379 591 1408 tendant.
644 1379 735 1408 Hanc
762 1385 866 1410 autem
893 1380 932 1409 ob
959 1388 1088 1409 causam
1116 1384 1234 1420 gentes
1262 1387 1332 1408 curu
1358 1377 1466 1409 sidere
1494 1387 1587 1409 ursae
1614 1381 1819 1418 comparavit,
1847 1388 1928 1418 quae

131 1451 258 1481 semper
285 1443 403 1471 circum
434 1442 537 1480 polum
564 1450 602 1470 se
630 1445 823 1471 convertens
851 1440 879 1469 in
906 1442 1071 1471 oculorum
1098 1446 1274 1480 conspectu
1303 1445 1353 1472 est
1380 1442 1480 1472 conf.
1512 1441 1615 1471 ldeler
1634 1441 1926 1482 Untersuchungen

129 1505 189 1535 etc.
205 1511 234 1541 p.
253 1502 273 1531 4
290 1511 339 1542 sq.
369 1502 572 1532 Scholiastcs
601 1502 687 1541 dixit,
713 1511 770 1532 eas
798 1507 915 1542 gentes
943 1512 1052 1543 reges,
1080 1507 1112 1533 ut
1139 1504 1221 1534 dona
1247 1505 1430 1544 acciperent
1457 1509 1510 1535 aut
1536 1504 1706 1534 honoribus
1725 1508 1924 1545 ornarentur,

131 1562 214 1593 haud
252 1563 339 1593 adire
377 1568 432 1593 aut
467 1564 607 1603 praedae
639 1573 739 1593 causa
773 1564 885 1593 hostes
919 1572 980 1592 non
1015 1564 1167 1594 invadere
1198 1570 1251 1596 aut
1282 1567 1428 1605 pabulum
1463 1567 1493 1595 in
1526 1567 1594 1595 aliis
1621 1566 1808 1606 regionibus
1836 1565 1920 1595 haud

127 1634 292 1664 quaerere.
345 1624 432 1662 Quas
461 1624 584 1664 quiden·
614 1633 664 1654 res
692 1635 880 1666 quamquam
909 1633 1005 1667 pocta
1033 1629 1198 1669 cogitasse
1227 1636 1352 1671 potest,
1391 1635 1493 1661 tamen
1522 1631 1551 1660 in
1578 1630 1686 1660 verbis
1715 1633 1918 1675 (9673.)

128 1694 260 1715 causam
287 1694 349 1715 uon
375 1686 484 1726 video,
514 1696 571 1716 cur
600 1688 710 1716 versui
738 1692 800 1717 tam
829 1689 978 1728 specialis
1008 1699 1126 1720 sensus
1156 1693 1317 1722 tribuatur.

942 1785 1113 1821 Lxxfl.

130 1847 221 1882 Ῑίι·
243 1856 271 1882 e
293 1849 438 1890 geme
461 1848 641 1890 njarm
664 1849 715 1883 in
739 1848 962 1892 Sijadnnn
987 1854 1260 1895 Atatntjam
1284 1854 1415 1888 «lixit.
1452 1853 1553 1887 Alii
1571 1860 1739 1886 ven-sus
1754 1850 1923 1892 Sijado

763 1906 1035 1948 Alalnljann
1058 1907 1288 1940 tii-innuunt.

675 1962 836 2007 (tempore
865 1966 1101 2005 Omajjadaruin
1130 1965 1208 1994 vixit
1236 1976 1265 2004 p.
1295 1962 1371 2007 o‘tv)

127 2036 155 2064 1.
184 2035 336 2064 Versibus
357 2045 461 2072 ¹qemes
485 2039 572 2064 tuum
593 2045 709 2072 purum
731 2038 836 2064 int-asi
857 2038 988 2074 res-peni
1010 2047 1187 2071 consessu-5,
1213 2040 1277 2065 lum
1300 2047 1334 2064 os
1357 2039 1444 2064 tuum
1464 2036 1558 2073 freyi.

227 2104 327 2134 Poeta
355 2105 521 2145 gloriatur,
549 2116 586 2134 se
615 2106 716 2134 virum
745 2106 894 2134 versibus
923 2106 952 2135 in
980 2107 1131 2135 concione
1159 2105 1197 2134 ad
1223 2104 1381 2134 silentium
1409 2104 1585 2143 redegisse.
1640 2103 1827 2132 Mersukius
1856 2112 1919 2132 vo-

127 2177 196 2198 cem
217 2179 338 2207 stem,
365 2168 413 2197 cui
440 2169 509 2207 puri
538 2168 730 2209 significatio
759 2174 820 2208 est,
848 2168 887 2198 ad
915 2178 1018 2208 genus
1047 2167 1247 2198 referendum
1276 2170 1376 2206 putat,
1398 2170 1431 2195 ut
1457 2170 1554 2205 poeta
1582 2165 1708 2195 ludibrii
1735 2175 1835 2195 causa
1863 2166 1922 2195 ad-

125 2231 269 2259 versario
297 2238 397 2269 genus
425 2239 537 2268 purum
565 2230 717 2270 tribuerit,
747 2230 818 2259 duni
849 2230 1042 2260 scholiastes
1070 2235 1178 2260 noster
1207 2239 1257 2259 co
1274 2239 1287 2258 r
1314 2228 1490 2269 significari
1519 2232 1618 2268 putat.
1681 2228 1727 2257 Os
1757 2238 1810 2267 pro
1838 2228 1918 2257 den-

126 2291 210 2320 tibus
237 2295 297 2320 est.
351 2291 452 2320 Simili
480 2291 570 2321 modo
597 2289 650 2320 2⁴55
670 2289 710 2320 am
732 2302 793 2331 μ
825 2292 935 2321 „Deus
964 2303 1001 2322 os
1030 2298 1116 2322 tuum
1145 2292 1291 2333 frangat«
1323 2292 1447 2330 (Abulf.
1464 2292 1545 2320 Anu.
1562 2292 1599 2320 T.
1617 2291 1638 2319 1.
1654 2301 1683 2330 p.
1706 2290 1774 2319 162
1802 2290 1917 2319 dictum

127 2358 191 2392 est,
219 2353 331 2391 quibus
360 2352 479 2391 verbis,
507 2362 542 2382 se
569 2353 788 2385 adversarium
816 2354 855 2384 ad
883 2355 1040 2385 silentium
1067 2355 1248 2396 redegisse,
1277 2359 1373 2394 poeta
1400 2354 1570 2394 significat.

128 2448 159 2476 2-
186 2446 283 2483 Quod
305 2452 416 2477 conlru
438 2452 467 2477 Ie
489 2449 641 2486 dicebam,
667 2450 809 2479 homines
830 2452 1020 2488 probarunt,
1048 2461 1179 2489 quorum
1200 2454 1323 2487 patrem
1346 2453 1378 2478 lu
1402 2451 1522 2484 not-isli)
1547 2449 1621 2477 dum
1645 2449 1668 2475 ii
1687 2450 1807 2484 patrem
1832 2451 1919 2477 {utem

886 2505 974 2533 lmud
996 2508 1158 2534 noverunt.

228 2572 308 2610 Res,
336 2583 416 2613 quae
447 2579 556 2604 contra
581 2583 652 2603 eum
680 2574 864 2612 protulerit,
904 2575 942 2604 ab
980 2575 1158 2604 hominibus
1196 2572 1346 2611 probatas
1382 2580 1478 2608 esse,
1519 2571 1631 2609 quibus
1662 2570 1742 2600 fides
1774 2570 1916 2600 habenda

128 2635 180 2664 sit.
232 2635 333 2666 Poeta
360 2637 506 2667 voluisse
536 2636 672 2675 videtur,
699 2645 770 2665 eum
797 2635 938 2674 spurium
966 2645 1052 2666 esse.
