<?xml version="1.0" encoding="UTF-8"?>
<!DOCTYPE html PUBLIC "-//W3C//DTD XHTML 1.0 Transitional//EN"
    "http://www.w3.org/TR/xhtml1/DTD/xhtml1-transitional.dtd">
<html xmlns="http://www.w3.org/1999/xhtml" xml:lang="en" lang="en">
 <head>
  <title>
</title>
<meta http-equiv="Content-Type" content="text/html;charset=utf-8" />
  <meta name='ocr-system' content='tesseract 3.04.00' />
  <meta name='ocr-capabilities' content='ocr_page ocr_carea ocr_par ocr_line ocrx_word'/>
</head>
<body>
  <div class='ocr_page' id='page_1' title='image "./p2hamassaecarmin02abbiuoft_0066.png"; bbox 0 0 2155 2892; ppageno 0'>
   <div class='ocr_carea' id='block_1_1' title="bbox 930 122 1170 153">
    <p class='ocr_par' dir='ltr' id='par_1_1' title="bbox 930 122 1170 153">
     <span class='ocr_line' id='line_1_1' title="bbox 930 122 1170 153; baseline -0.004 -7"><span class='ocrx_word' id='word_1_1' title='bbox 930 122 1170 153; x_wconf 60' lang='grc'>..56-</span> 
     </span>
    </p>
   </div>
   <div class='ocr_carea' id='block_1_2' title="bbox 160 216 1947 449">
    <p class='ocr_par' dir='ltr' id='par_1_2' title="bbox 160 216 1947 449">
     <span class='ocr_line' id='line_1_2' title="bbox 162 216 1946 272; baseline -0.006 -13"><span class='ocrx_word' id='word_1_2' title='bbox 162 229 265 259; x_wconf 85' lang='lat' dir='ltr'><strong>larunt</strong></span> <span class='ocrx_word' id='word_1_3' title='bbox 300 225 401 256; x_wconf 81' lang='lat' dir='ltr'><strong>cons.</strong></span> <span class='ocrx_word' id='word_1_4' title='bbox 429 223 640 265; x_wconf 86' lang='lat' dir='ltr'><strong>Darstellung</strong></span> <span class='ocrx_word' id='word_1_5' title='bbox 666 222 696 252; x_wconf 86' lang='lat' dir='ltr'><strong>d.</strong></span> <span class='ocrx_word' id='word_1_6' title='bbox 723 222 822 253; x_wconf 86' lang='lat' dir='ltr'><strong>Arab.</strong></span> <span class='ocrx_word' id='word_1_7' title='bbox 853 222 975 253; x_wconf 88' lang='lat' dir='ltr'><strong>Versk.</strong></span> <span class='ocrx_word' id='word_1_8' title='bbox 1002 231 1033 262; x_wconf 89' lang='lat' dir='ltr'><strong>p.</strong></span> <span class='ocrx_word' id='word_1_9' title='bbox 1064 221 1133 252; x_wconf 79' lang='lat'><strong>117</strong></span> <span class='ocrx_word' id='word_1_10' title='bbox 1160 219 1231 252; x_wconf 85' lang='lat' dir='ltr'><strong>adn.</strong></span> <span class='ocrx_word' id='word_1_11' title='bbox 1295 220 1494 251; x_wconf 83' lang='lat' dir='ltr'><strong>Vocabulum</strong></span> <span class='ocrx_word' id='word_1_12' title='bbox 1524 221 1583 272; x_wconf 62' lang='lat'><strong>(53</strong></span> <span class='ocrx_word' id='word_1_13' title='bbox 1608 216 1802 264; x_wconf 89' lang='lat' dir='ltr'><strong>(ulcerosus)</strong></span> <span class='ocrx_word' id='word_1_14' title='bbox 1830 219 1890 250; x_wconf 91' lang='lat' dir='ltr'><strong>hoc</strong></span> <span class='ocrx_word' id='word_1_15' title='bbox 1917 220 1946 250; x_wconf 91' lang='lat' dir='ltr'><strong>in</strong></span> 
     </span>
     <span class='ocr_line' id='line_1_3' title="bbox 160 279 1947 333; baseline -0.004 -13"><span class='ocrx_word' id='word_1_16' title='bbox 160 300 258 321; x_wconf 87' lang='lat' dir='ltr'><strong>versu</strong></span> <span class='ocrx_word' id='word_1_17' title='bbox 283 288 435 328; x_wconf 86' lang='lat' dir='ltr'><strong>impropie</strong></span> <span class='ocrx_word' id='word_1_18' title='bbox 462 296 534 317; x_wconf 86' lang='lat' dir='ltr'><strong>cum</strong></span> <span class='ocrx_word' id='word_1_19' title='bbox 561 286 722 317; x_wconf 84' lang='lat' dir='ltr'><strong>vocabulo</strong></span> <span class='ocrx_word' id='word_1_20' title='bbox 748 283 818 316; x_wconf 52' lang='grc' dir='ltr'><strong>,ΑΒ</strong></span> <span class='ocrx_word' id='word_1_21' title='bbox 845 285 929 325; x_wconf 72' lang='lat' dir='ltr'><strong>(cor,</strong></span> <span class='ocrx_word' id='word_1_22' title='bbox 959 285 1101 324; x_wconf 82' lang='lat' dir='ltr'><strong>animus)</strong></span> <span class='ocrx_word' id='word_1_23' title='bbox 1129 283 1325 314; x_wconf 82' lang='lat' dir='ltr'><strong>coniunctum</strong></span> <span class='ocrx_word' id='word_1_24' title='bbox 1353 287 1413 312; x_wconf 87' lang='lat' dir='ltr'><strong>est.</strong></span> <span class='ocrx_word' id='word_1_25' title='bbox 1456 283 1564 312; x_wconf 84' lang='lat' dir='ltr'><strong>Verba</strong></span> <span class='ocrx_word' id='word_1_26' title='bbox 1578 279 1667 321; x_wconf 44' lang='grc' dir='ltr'><strong>,μίαν</strong></span> <span class='ocrx_word' id='word_1_27' title='bbox 1679 282 1947 333; x_wconf 52' lang='grc' dir='ltr'><strong>θῖειὸμεειηᾱειιι</strong></span> 
     </span>
     <span class='ocr_line' id='line_1_4' title="bbox 161 345 1946 394; baseline -0.004 -11"><span class='ocrx_word' id='word_1_28' title='bbox 161 351 427 394; x_wconf 83' lang='lat' dir='ltr'><strong>significationem</strong></span> <span class='ocrx_word' id='word_1_29' title='bbox 455 349 572 381; x_wconf 81' lang='lat' dir='ltr'><strong>fluendi</strong></span> <span class='ocrx_word' id='word_1_30' title='bbox 599 349 726 390; x_wconf 71' lang='lat' dir='ltr'><strong>habent,</strong></span> <span class='ocrx_word' id='word_1_31' title='bbox 757 348 799 378; x_wconf 87' lang='lat' dir='ltr'><strong>ita</strong></span> <span class='ocrx_word' id='word_1_32' title='bbox 825 353 938 387; x_wconf 83' lang='lat' dir='ltr'><strong>tamen,</strong></span> <span class='ocrx_word' id='word_1_33' title='bbox 963 351 1000 377; x_wconf 86' lang='lat' dir='ltr'><strong>ut</strong></span> <span class='ocrx_word' id='word_1_34' title='bbox 1025 347 1087 376; x_wconf 90' lang='lat' dir='ltr'><strong>hoc</strong></span> <span class='ocrx_word' id='word_1_35' title='bbox 1102 345 1374 376; x_wconf 83' lang='lat' dir='ltr'><strong>vehementiorem</strong></span> <span class='ocrx_word' id='word_1_36' title='bbox 1402 345 1526 376; x_wconf 86' lang='lat' dir='ltr'><strong>fluxum</strong></span> <span class='ocrx_word' id='word_1_37' title='bbox 1553 346 1680 376; x_wconf 89' lang='lat' dir='ltr'><strong>indicet.</strong></span> <span class='ocrx_word' id='word_1_38' title='bbox 1720 346 1820 376; x_wconf 79' lang='lat' dir='ltr'><strong>Poeta</strong></span> <span class='ocrx_word' id='word_1_39' title='bbox 1838 346 1946 387; x_wconf 84' lang='lat' dir='ltr'><strong>igitur,</strong></span> 
     </span>
     <span class='ocr_line' id='line_1_5' title="bbox 160 407 1946 449; baseline -0.003 -6"><span class='ocrx_word' id='word_1_40' title='bbox 160 419 225 444; x_wconf 89' lang='lat' dir='ltr'><strong>tum</strong></span> <span class='ocrx_word' id='word_1_41' title='bbox 253 418 286 443; x_wconf 88' lang='lat' dir='ltr'><strong>ut</strong></span> <span class='ocrx_word' id='word_1_42' title='bbox 309 412 557 442; x_wconf 90' lang='lat' dir='ltr'><strong>homoioteleuto</strong></span> <span class='ocrx_word' id='word_1_43' title='bbox 584 410 797 448; x_wconf 80' lang='lat' dir='ltr'>satisfaceret,</span> <span class='ocrx_word' id='word_1_44' title='bbox 826 414 892 439; x_wconf 86' lang='lat' dir='ltr'><strong>tum</strong></span> <span class='ocrx_word' id='word_1_45' title='bbox 918 414 954 440; x_wconf 88' lang='lat' dir='ltr'><strong>ut</strong></span> <span class='ocrx_word' id='word_1_46' title='bbox 979 409 1031 438; x_wconf 89' lang='lat' dir='ltr'><strong>vis</strong></span> <span class='ocrx_word' id='word_1_47' title='bbox 1059 412 1244 449; x_wconf 70' lang='lat' dir='ltr'><strong>augeretur,</strong></span> <span class='ocrx_word' id='word_1_48' title='bbox 1271 407 1331 438; x_wconf 92' lang='lat' dir='ltr'><strong>duo</strong></span> <span class='ocrx_word' id='word_1_49' title='bbox 1359 409 1459 438; x_wconf 87' lang='lat' dir='ltr'><strong>verba</strong></span> <span class='ocrx_word' id='word_1_50' title='bbox 1485 409 1657 439; x_wconf 88' lang='lat' dir='ltr'><strong>coniunxit.</strong></span> <span class='ocrx_word' id='word_1_51' title='bbox 1709 409 1779 439; x_wconf 88' lang='lat' dir='ltr'><strong>Hoc</strong></span> <span class='ocrx_word' id='word_1_52' title='bbox 1807 409 1946 439; x_wconf 90' lang='lat' dir='ltr'><strong>inversu</strong></span> 
     </span>
    </p>
   </div>
   <div class='ocr_carea' id='block_1_3' title="bbox 161 472 1294 515">
    <p class='ocr_par' dir='ltr' id='par_1_3' title="bbox 161 472 1294 515">
     <span class='ocr_line' id='line_1_6' title="bbox 161 472 1294 515; baseline -0.005 -9"><span class='ocrx_word' id='word_1_53' title='bbox 161 477 264 507; x_wconf 83' lang='lat' dir='ltr'><strong>finivit</strong></span> <span class='ocrx_word' id='word_1_54' title='bbox 289 476 448 506; x_wconf 86' lang='lat' dir='ltr'><strong>Mersukii</strong></span> <span class='ocrx_word' id='word_1_55' title='bbox 474 475 648 515; x_wconf 80' lang='lat' dir='ltr'><strong>exemplar,</strong></span> <span class='ocrx_word' id='word_1_56' title='bbox 675 483 736 513; x_wconf 90' lang='lat' dir='ltr'><strong>quo</strong></span> <span class='ocrx_word' id='word_1_57' title='bbox 763 474 877 502; x_wconf 88' lang='lat' dir='ltr'><strong>beatus</strong></span> <span class='ocrx_word' id='word_1_58' title='bbox 907 472 947 501; x_wconf 89' lang='lat' dir='ltr'><strong>de</strong></span> <span class='ocrx_word' id='word_1_59' title='bbox 973 472 1100 511; x_wconf 83' lang='lat' dir='ltr'><strong>Sacyus</strong></span> <span class='ocrx_word' id='word_1_60' title='bbox 1127 478 1206 500; x_wconf 90' lang='lat' dir='ltr'><strong>usus</strong></span> <span class='ocrx_word' id='word_1_61' title='bbox 1233 474 1294 501; x_wconf 89' lang='lat' dir='ltr'><strong>est.</strong></span> 
     </span>
    </p>
   </div>
   <div class='ocr_carea' id='block_1_4' title="bbox 159 579 1948 664">
    <p class='ocr_par' dir='ltr' id='par_1_4' title="bbox 159 579 1948 664">
     <span class='ocr_line' id='line_1_7' title="bbox 159 579 1948 623; baseline -0.005 -8"><span class='ocrx_word' id='word_1_62' title='bbox 159 587 193 615; x_wconf 85' lang='lat'><strong>2.</strong></span> <span class='ocrx_word' id='word_1_63' title='bbox 220 585 363 623; x_wconf 70' lang='lat' dir='ltr'><strong>Vespera</strong></span> <span class='ocrx_word' id='word_1_64' title='bbox 383 585 510 622; x_wconf 78' lang='lat' dir='ltr'><strong>Iahjam</strong></span> <span class='ocrx_word' id='word_1_65' title='bbox 532 582 747 617; x_wconf 79' lang='lat' dir='ltr'><strong>abstulerunt,</strong></span> <span class='ocrx_word' id='word_1_66' title='bbox 777 585 808 611; x_wconf 80' lang='lat' dir='ltr'><strong>et</strong></span> <span class='ocrx_word' id='word_1_67' title='bbox 828 583 859 610; x_wconf 74' lang='grc' dir='ltr'><strong>εἰ</strong></span> <span class='ocrx_word' id='word_1_68' title='bbox 875 582 980 620; x_wconf 77' lang='lat' dir='ltr'><strong>fatum</strong></span> <span class='ocrx_word' id='word_1_69' title='bbox 1002 581 1081 609; x_wconf 74' lang='lat' dir='ltr'><strong>milti</strong></span> <span class='ocrx_word' id='word_1_70' title='bbox 1100 581 1280 609; x_wconf 80' lang='lat' dir='ltr'><strong>obsecutum</strong></span> <span class='ocrx_word' id='word_1_71' title='bbox 1298 581 1431 618; x_wconf 79' lang='lat' dir='ltr'><strong>fuisset,</strong></span> <span class='ocrx_word' id='word_1_72' title='bbox 1463 589 1563 619; x_wconf 77' lang='lat' dir='ltr'><strong>neque</strong></span> <span class='ocrx_word' id='word_1_73' title='bbox 1583 589 1674 608; x_wconf 79' lang='lat' dir='ltr'><strong>mane</strong></span> <span class='ocrx_word' id='word_1_74' title='bbox 1695 589 1796 618; x_wconf 79' lang='lat' dir='ltr'><strong>neque</strong></span> <span class='ocrx_word' id='word_1_75' title='bbox 1817 579 1948 616; x_wconf 62' lang='lat' dir='ltr'><strong>ves-perti</strong></span> 
     </span>
     <span class='ocr_line' id='line_1_8' title="bbox 901 635 1211 664; baseline 0 0"><span class='ocrx_word' id='word_1_76' title='bbox 901 644 972 664; x_wconf 72' lang='lat' dir='ltr'><strong>eum</strong></span> <span class='ocrx_word' id='word_1_77' title='bbox 994 635 1211 664; x_wconf 55' lang='lat' dir='ltr'><strong>abdas-issent.</strong></span> 
     </span>
    </p>
   </div>
   <div class='ocr_carea' id='block_1_5' title="bbox 160 701 1947 1065">
    <p class='ocr_par' dir='ltr' id='par_1_5' title="bbox 160 701 1947 1065">
     <span class='ocr_line' id='line_1_9' title="bbox 259 701 1945 749; baseline -0.005 -11"><span class='ocrx_word' id='word_1_78' title='bbox 259 709 414 749; x_wconf 84' lang='lat' dir='ltr'><strong>Magnum</strong></span> <span class='ocrx_word' id='word_1_79' title='bbox 440 706 632 737; x_wconf 88' lang='lat' dir='ltr'><strong>desiderium</strong></span> <span class='ocrx_word' id='word_1_80' title='bbox 660 704 786 745; x_wconf 75' lang='lat' dir='ltr'><strong>mortui,</strong></span> <span class='ocrx_word' id='word_1_81' title='bbox 814 713 875 743; x_wconf 88' lang='lat' dir='ltr'><strong>quo</strong></span> <span class='ocrx_word' id='word_1_82' title='bbox 903 707 1040 744; x_wconf 80' lang='lat' dir='ltr'><strong>tenetur,</strong></span> <span class='ocrx_word' id='word_1_83' title='bbox 1068 704 1159 734; x_wconf 90' lang='lat' dir='ltr'><strong>hisce</strong></span> <span class='ocrx_word' id='word_1_84' title='bbox 1186 704 1296 734; x_wconf 87' lang='lat' dir='ltr'><strong>verbis</strong></span> <span class='ocrx_word' id='word_1_85' title='bbox 1324 704 1472 735; x_wconf 82' lang='lat' dir='ltr'><strong>ostendit.</strong></span> <span class='ocrx_word' id='word_1_86' title='bbox 1526 705 1708 735; x_wconf 81' lang='lat' dir='ltr'>Subiectum</span> <span class='ocrx_word' id='word_1_87' title='bbox 1741 703 1833 733; x_wconf 87' lang='lat' dir='ltr'><strong>verbi</strong></span> <span class='ocrx_word' id='word_1_88' title='bbox 1862 701 1945 748; x_wconf 57' lang='lat' dir='ltr'><strong>pi)</strong></span> 
     </span>
     <span class='ocr_line' id='line_1_10' title="bbox 161 761 1946 816; baseline -0.003 -14"><span class='ocrx_word' id='word_1_89' title='bbox 161 772 314 802; x_wconf 90' lang='lat' dir='ltr'><strong>omissum</strong></span> <span class='ocrx_word' id='word_1_90' title='bbox 336 767 442 816; x_wconf 46' lang='lat' dir='ltr'><strong>jaff!</strong></span> <span class='ocrx_word' id='word_1_91' title='bbox 472 779 560 807; x_wconf 88' lang='lat' dir='ltr'><strong>esse,</strong></span> <span class='ocrx_word' id='word_1_92' title='bbox 587 779 629 798; x_wconf 80' lang='lat' dir='ltr'><strong>ex</strong></span> <span class='ocrx_word' id='word_1_93' title='bbox 655 768 860 807; x_wconf 86' lang='lat' dir='ltr'><strong>sequentibus</strong></span> <span class='ocrx_word' id='word_1_94' title='bbox 886 766 1044 796; x_wconf 87' lang='lat' dir='ltr'><strong>videmus.</strong></span> <span class='ocrx_word' id='word_1_95' title='bbox 1097 766 1305 796; x_wconf 81' lang='lat' dir='ltr'><strong>Statuendum</strong></span> <span class='ocrx_word' id='word_1_96' title='bbox 1333 769 1394 807; x_wconf 81' lang='lat' dir='ltr'><strong>est,</strong></span> <span class='ocrx_word' id='word_1_97' title='bbox 1434 771 1486 796; x_wconf 78' lang='lat' dir='ltr'><strong>aut</strong></span> <span class='ocrx_word' id='word_1_98' title='bbox 1514 766 1614 796; x_wconf 83' lang='lat' dir='ltr'><strong>verba</strong></span> <span class='ocrx_word' id='word_1_99' title='bbox 1644 761 1780 806; x_wconf 39' lang='lat' dir='ltr'><strong>&amp;affilas</strong></span> <span class='ocrx_word' id='word_1_100' title='bbox 1804 762 1840 806; x_wconf 49' lang='grc' dir='ltr'><strong>,Σ</strong></span> <span class='ocrx_word' id='word_1_101' title='bbox 1869 775 1946 796; x_wconf 88' lang='lat' dir='ltr'><strong>esse</strong></span> 
     </span>
     <span class='ocr_line' id='line_1_11' title="bbox 160 827 1947 875; baseline -0.003 -11"><span class='ocrx_word' id='word_1_102' title='bbox 160 844 217 875; x_wconf 85' lang='lat' dir='ltr'><strong>pro</strong></span> <span class='ocrx_word' id='word_1_103' title='bbox 243 830 378 875; x_wconf 46' lang='lat' dir='ltr'><strong>&amp;kx-0³2&amp;</strong></span> <span class='ocrx_word' id='word_1_104' title='bbox 396 830 453 873; x_wconf 60' lang='lat'><strong>35,</strong></span> <span class='ocrx_word' id='word_1_105' title='bbox 481 842 574 872; x_wconf 92' lang='lat' dir='ltr'><strong>quum</strong></span> <span class='ocrx_word' id='word_1_106' title='bbox 602 831 642 861; x_wconf 87' lang='lat' dir='ltr'><strong>de</strong></span> <span class='ocrx_word' id='word_1_107' title='bbox 669 840 703 860; x_wconf 86' lang='lat' dir='ltr'><strong>re</strong></span> <span class='ocrx_word' id='word_1_108' title='bbox 730 829 901 869; x_wconf 82' lang='lat' dir='ltr'><strong>praeterita</strong></span> <span class='ocrx_word' id='word_1_109' title='bbox 927 837 1033 857; x_wconf 88' lang='lat' dir='ltr'><strong>sermo</strong></span> <span class='ocrx_word' id='word_1_110' title='bbox 1069 828 1112 858; x_wconf 84' lang='lat' dir='ltr'><strong>sit</strong></span> <span class='ocrx_word' id='word_1_111' title='bbox 1147 827 1269 866; x_wconf 88' lang='lat' dir='ltr'><strong>(conf.</strong></span> <span class='ocrx_word' id='word_1_112' title='bbox 1299 827 1410 859; x_wconf 87' lang='lat' dir='ltr'><strong>Gram.</strong></span> <span class='ocrx_word' id='word_1_113' title='bbox 1439 828 1494 857; x_wconf 88' lang='lat' dir='ltr'><strong>Ar.</strong></span> <span class='ocrx_word' id='word_1_114' title='bbox 1522 829 1559 858; x_wconf 83' lang='grc' dir='ltr'><strong>Τ.</strong></span> <span class='ocrx_word' id='word_1_115' title='bbox 1587 828 1609 857; x_wconf 85' lang='lat'><strong>1.</strong></span> <span class='ocrx_word' id='word_1_116' title='bbox 1638 839 1668 868; x_wconf 88' lang='lat' dir='ltr'><strong>p.</strong></span> <span class='ocrx_word' id='word_1_117' title='bbox 1699 829 1762 859; x_wconf 79' lang='lat'><strong>161</strong></span> <span class='ocrx_word' id='word_1_118' title='bbox 1794 830 1863 869; x_wconf 81' lang='lat' dir='ltr'><strong>sq.)</strong></span> <span class='ocrx_word' id='word_1_119' title='bbox 1890 834 1947 859; x_wconf 80' lang='lat' dir='ltr'><strong>aut</strong></span> 
     </span>
     <span class='ocr_line' id='line_1_12' title="bbox 161 889 1947 938; baseline -0.004 -9"><span class='ocrx_word' id='word_1_120' title='bbox 161 904 286 938; x_wconf 86' lang='lat' dir='ltr'><strong>poetam</strong></span> <span class='ocrx_word' id='word_1_121' title='bbox 311 908 377 928; x_wconf 88' lang='lat' dir='ltr'><strong>rem</strong></span> <span class='ocrx_word' id='word_1_122' title='bbox 405 896 609 937; x_wconf 83' lang='lat' dir='ltr'><strong>praeteritam</strong></span> <span class='ocrx_word' id='word_1_123' title='bbox 637 898 784 933; x_wconf 85' lang='lat' dir='ltr'><strong>tanquam</strong></span> <span class='ocrx_word' id='word_1_124' title='bbox 811 903 872 922; x_wconf 88' lang='lat' dir='ltr'><strong>non</strong></span> <span class='ocrx_word' id='word_1_125' title='bbox 899 889 1104 932; x_wconf 78' lang='lat' dir='ltr'><strong>praeteritam</strong></span> <span class='ocrx_word' id='word_1_126' title='bbox 1133 889 1360 929; x_wconf 79' lang='lat' dir='ltr'><strong>descripsisse.</strong></span> <span class='ocrx_word' id='word_1_127' title='bbox 1399 889 1533 920; x_wconf 80' lang='lat' dir='ltr'><strong>Silentio</strong></span> <span class='ocrx_word' id='word_1_128' title='bbox 1553 891 1859 929; x_wconf 83' lang='lat' dir='ltr'><strong>praetermittendum</strong></span> <span class='ocrx_word' id='word_1_129' title='bbox 1885 901 1947 921; x_wconf 89' lang='lat' dir='ltr'><strong>non</strong></span> 
     </span>
     <span class='ocr_line' id='line_1_13' title="bbox 162 953 1946 999; baseline -0.004 -7"><span class='ocrx_word' id='word_1_130' title='bbox 162 966 222 999; x_wconf 86' lang='lat' dir='ltr'><strong>est,</strong></span> <span class='ocrx_word' id='word_1_131' title='bbox 252 960 377 991; x_wconf 82' lang='lat' dir='ltr'>Arabes</span> <span class='ocrx_word' id='word_1_132' title='bbox 406 959 502 989; x_wconf 86' lang='lat' dir='ltr'><strong>fatum</strong></span> <span class='ocrx_word' id='word_1_133' title='bbox 527 956 612 987; x_wconf 86' lang='lat' dir='ltr'><strong>haud</strong></span> <span class='ocrx_word' id='word_1_134' title='bbox 639 966 756 993; x_wconf 88' lang='lat' dir='ltr'><strong>nosse,</strong></span> <span class='ocrx_word' id='word_1_135' title='bbox 782 960 817 986; x_wconf 89' lang='lat' dir='ltr'><strong>ut</strong></span> <span class='ocrx_word' id='word_1_136' title='bbox 844 956 960 996; x_wconf 78' lang='lat' dir='ltr'><strong>omnia,</strong></span> <span class='ocrx_word' id='word_1_137' title='bbox 988 963 1069 994; x_wconf 84' lang='lat' dir='ltr'><strong>quae</strong></span> <span class='ocrx_word' id='word_1_138' title='bbox 1097 953 1254 992; x_wconf 84' lang='lat' dir='ltr'><strong>accidant,</strong></span> <span class='ocrx_word' id='word_1_139' title='bbox 1280 953 1483 993; x_wconf 69' lang='lat' dir='ltr'><strong>providentia</strong></span> <span class='ocrx_word' id='word_1_140' title='bbox 1510 953 1569 983; x_wconf 77' lang='lat' dir='ltr'><strong>Dei</strong></span> <span class='ocrx_word' id='word_1_141' title='bbox 1599 953 1800 993; x_wconf 77' lang='lat' dir='ltr'><strong>decretisque</strong></span> <span class='ocrx_word' id='word_1_142' title='bbox 1832 954 1946 984; x_wconf 90' lang='lat' dir='ltr'><strong>divinis</strong></span> 
     </span>
     <span class='ocr_line' id='line_1_14' title="bbox 162 1013 1945 1065; baseline -0.004 -11"><span class='ocrx_word' id='word_1_143' title='bbox 162 1024 317 1065; x_wconf 82' lang='lat' dir='ltr'><strong>producta</strong></span> <span class='ocrx_word' id='word_1_144' title='bbox 343 1031 414 1053; x_wconf 85' lang='lat' dir='ltr'><strong>esse</strong></span> <span class='ocrx_word' id='word_1_145' title='bbox 440 1024 562 1060; x_wconf 83' lang='lat' dir='ltr'><strong>putent.</strong></span> <span class='ocrx_word' id='word_1_146' title='bbox 617 1019 706 1048; x_wconf 82' lang='lat' dir='ltr'><strong>Haec</strong></span> <span class='ocrx_word' id='word_1_147' title='bbox 732 1018 829 1059; x_wconf 82' lang='lat' dir='ltr'><strong>igitur</strong></span> <span class='ocrx_word' id='word_1_148' title='bbox 854 1017 985 1047; x_wconf 85' lang='lat' dir='ltr'><strong>decreta</strong></span> <span class='ocrx_word' id='word_1_149' title='bbox 1012 1017 1118 1047; x_wconf 85' lang='lat' dir='ltr'><strong>divina</strong></span> <span class='ocrx_word' id='word_1_150' title='bbox 1150 1026 1235 1047; x_wconf 81' lang='lat' dir='ltr'><strong>voce</strong></span> <span class='ocrx_word' id='word_1_151' title='bbox 1260 1013 1370 1063; x_wconf 45' lang='lat' dir='ltr'><strong>jam</strong></span> <span class='ocrx_word' id='word_1_152' title='bbox 1406 1017 1576 1058; x_wconf 85' lang='lat' dir='ltr'><strong>significari</strong></span> <span class='ocrx_word' id='word_1_153' title='bbox 1609 1017 1688 1047; x_wconf 86' lang='lat' dir='ltr'><strong>vult.</strong></span> <span class='ocrx_word' id='word_1_154' title='bbox 1750 1018 1785 1046; x_wconf 91' lang='lat' dir='ltr'><strong>In</strong></span> <span class='ocrx_word' id='word_1_155' title='bbox 1812 1017 1945 1047; x_wconf 75' lang='lat' dir='ltr'><strong>&#39;l&#39;ebrisii</strong></span> 
     </span>
    </p>
   </div>
   <div class='ocr_carea' id='block_1_6' title="bbox 162 1077 1945 1133">
    <p class='ocr_par' dir='ltr' id='par_1_6' title="bbox 162 1077 1945 1133">
     <span class='ocr_line' id='line_1_15' title="bbox 162 1077 1945 1133; baseline -0.004 -17"><span class='ocrx_word' id='word_1_156' title='bbox 162 1086 277 1116; x_wconf 86' lang='lat' dir='ltr'><strong>codicis</strong></span> <span class='ocrx_word' id='word_1_157' title='bbox 304 1087 445 1126; x_wconf 82' lang='lat' dir='ltr'><strong>margine</strong></span> <span class='ocrx_word' id='word_1_158' title='bbox 472 1084 553 1114; x_wconf 88' lang='lat' dir='ltr'><strong>alter</strong></span> <span class='ocrx_word' id='word_1_159' title='bbox 580 1082 710 1123; x_wconf 87' lang='lat' dir='ltr'><strong>legendi</strong></span> <span class='ocrx_word' id='word_1_160' title='bbox 733 1081 846 1111; x_wconf 90' lang='lat' dir='ltr'><strong>modus</strong></span> <span class='ocrx_word' id='word_1_161' title='bbox 875 1092 935 1133; x_wconf 30' lang='grc' dir='ltr'><strong>ἰή</strong></span> <span class='ocrx_word' id='word_1_162' title='bbox 950 1078 990 1120; x_wconf 61' lang='lat'><strong>&gt;2</strong></span> <span class='ocrx_word' id='word_1_163' title='bbox 1012 1077 1099 1124; x_wconf 44' lang='grc' dir='ltr'><strong>λάλῳ,</strong></span> <span class='ocrx_word' id='word_1_164' title='bbox 1113 1077 1173 1120; x_wconf 65' lang='grc'><strong>),,</strong></span> <span class='ocrx_word' id='word_1_165' title='bbox 1202 1085 1237 1110; x_wconf 87' lang='lat' dir='ltr'><strong>ut</strong></span> <span class='ocrx_word' id='word_1_166' title='bbox 1261 1081 1311 1110; x_wconf 88' lang='lat' dir='ltr'><strong>vir</strong></span> <span class='ocrx_word' id='word_1_167' title='bbox 1338 1081 1472 1110; x_wconf 89' lang='lat' dir='ltr'><strong>subiecti</strong></span> <span class='ocrx_word' id='word_1_168' title='bbox 1497 1080 1566 1110; x_wconf 88' lang='lat' dir='ltr'><strong>loco</strong></span> <span class='ocrx_word' id='word_1_169' title='bbox 1594 1081 1645 1118; x_wconf 85' lang='lat' dir='ltr'><strong>sit,</strong></span> <span class='ocrx_word' id='word_1_170' title='bbox 1673 1079 1856 1119; x_wconf 81' lang='lat' dir='ltr'><strong>adscriptus</strong></span> <span class='ocrx_word' id='word_1_171' title='bbox 1883 1084 1945 1109; x_wconf 84' lang='lat' dir='ltr'><strong>est.</strong></span> 
     </span>
    </p>
   </div>
   <div class='ocr_carea' id='block_1_7' title="bbox 160 1191 1542 1232">
    <p class='ocr_par' dir='ltr' id='par_1_7' title="bbox 160 1191 1542 1232">
     <span class='ocr_line' id='line_1_16' title="bbox 160 1191 1542 1232; baseline -0.004 -8"><span class='ocrx_word' id='word_1_172' title='bbox 160 1196 191 1224; x_wconf 86' lang='lat'><strong>3.</strong></span> <span class='ocrx_word' id='word_1_173' title='bbox 216 1195 242 1225; x_wconf 90' lang='lat'><em>0</em></span> <span class='ocrx_word' id='word_1_174' title='bbox 265 1193 400 1232; x_wconf 78' lang='lat' dir='ltr'><strong>optime!</strong></span> <span class='ocrx_word' id='word_1_175' title='bbox 419 1203 509 1232; x_wconf 80' lang='lat' dir='ltr'><strong>quem</strong></span> <span class='ocrx_word' id='word_1_176' title='bbox 532 1194 623 1222; x_wconf 77' lang='lat' dir='ltr'><strong>hodie</strong></span> <span class='ocrx_word' id='word_1_177' title='bbox 644 1192 809 1230; x_wconf 81' lang='lat' dir='ltr'><strong>deplorare</strong></span> <span class='ocrx_word' id='word_1_178' title='bbox 829 1191 918 1219; x_wconf 79' lang='lat' dir='ltr'><strong>decet</strong></span> <span class='ocrx_word' id='word_1_179' title='bbox 939 1193 970 1219; x_wconf 82' lang='lat' dir='ltr'><strong>et</strong></span> <span class='ocrx_word' id='word_1_180' title='bbox 991 1192 1047 1229; x_wconf 81' lang='lat' dir='ltr'><strong>qui</strong></span> <span class='ocrx_word' id='word_1_181' title='bbox 1067 1191 1138 1219; x_wconf 74' lang='lat' dir='ltr'><strong>lteri</strong></span> <span class='ocrx_word' id='word_1_182' title='bbox 1159 1191 1304 1220; x_wconf 80' lang='lat' dir='ltr'><strong>laudibus</strong></span> <span class='ocrx_word' id='word_1_183' title='bbox 1326 1192 1442 1228; x_wconf 62' lang='lat' dir='ltr'><strong>dignus</strong></span> <span class='ocrx_word' id='word_1_184' title='bbox 1465 1194 1542 1225; x_wconf 83' lang='lat' dir='ltr'><strong>erat,</strong></span> 
     </span>
    </p>
   </div>
   <div class='ocr_carea' id='block_1_8' title="bbox 160 1258 1946 1499">
    <p class='ocr_par' dir='ltr' id='par_1_8' title="bbox 160 1258 1946 1499">
     <span class='ocr_line' id='line_1_17' title="bbox 160 1258 1946 1302; baseline -0.002 -10"><span class='ocrx_word' id='word_1_185' title='bbox 160 1259 228 1301; x_wconf 62' lang='grc' dir='ltr'>(ΙΙ.</span> <span class='ocrx_word' id='word_1_186' title='bbox 252 1258 385 1299; x_wconf 72' lang='grc'><strong>391.)</strong></span> <span class='ocrx_word' id='word_1_187' title='bbox 436 1263 519 1293; x_wconf 89' lang='lat' dir='ltr'><strong>Huic</strong></span> <span class='ocrx_word' id='word_1_188' title='bbox 547 1261 669 1302; x_wconf 79' lang='lat' dir='ltr'><strong>versui,</strong></span> <span class='ocrx_word' id='word_1_189' title='bbox 697 1261 794 1300; x_wconf 81' lang='lat' dir='ltr'><strong>quiin</strong></span> <span class='ocrx_word' id='word_1_190' title='bbox 810 1259 1039 1290; x_wconf 82' lang='lat' dir='ltr'><strong>Ebn-Challik.</strong></span> <span class='ocrx_word' id='word_1_191' title='bbox 1055 1269 1152 1299; x_wconf 89' lang='lat' dir='ltr'><strong>opere</strong></span> <span class='ocrx_word' id='word_1_192' title='bbox 1172 1262 1235 1290; x_wconf 89' lang='lat' dir='ltr'><strong>No.</strong></span> <span class='ocrx_word' id='word_1_193' title='bbox 1261 1260 1332 1291; x_wconf 85' lang='lat'><strong>553</strong></span> <span class='ocrx_word' id='word_1_194' title='bbox 1359 1261 1474 1291; x_wconf 85' lang='lat' dir='ltr'><strong>citatus</strong></span> <span class='ocrx_word' id='word_1_195' title='bbox 1501 1260 1678 1297; x_wconf 82' lang='lat' dir='ltr'><strong>invenitur,</strong></span> <span class='ocrx_word' id='word_1_196' title='bbox 1706 1268 1804 1289; x_wconf 90' lang='lat' dir='ltr'><strong>sensu</strong></span> <span class='ocrx_word' id='word_1_197' title='bbox 1831 1266 1946 1288; x_wconf 81' lang='lat' dir='ltr'><strong>versus</strong></span> 
     </span>
     <span class='ocr_line' id='line_1_18' title="bbox 160 1319 1946 1368; baseline -0.003 -11"><span class='ocrx_word' id='word_1_198' title='bbox 160 1329 251 1357; x_wconf 85' lang='lat' dir='ltr'><strong>Ham.</strong></span> <span class='ocrx_word' id='word_1_199' title='bbox 280 1337 308 1367; x_wconf 92' lang='lat' dir='ltr'><strong>p.</strong></span> <span class='ocrx_word' id='word_1_200' title='bbox 337 1328 396 1357; x_wconf 55' lang='grc' dir='ltr'><strong>ΡΨ</strong></span> <span class='ocrx_word' id='word_1_201' title='bbox 422 1337 454 1356; x_wconf 85' lang='lat' dir='ltr'><strong>v.</strong></span> <span class='ocrx_word' id='word_1_202' title='bbox 483 1326 514 1356; x_wconf 85' lang='lat'><strong>2.</strong></span> <span class='ocrx_word' id='word_1_203' title='bbox 541 1325 654 1355; x_wconf 84' lang='lat' dir='ltr'><strong>similis</strong></span> <span class='ocrx_word' id='word_1_204' title='bbox 683 1329 745 1354; x_wconf 86' lang='lat' dir='ltr'><strong>est.</strong></span> <span class='ocrx_word' id='word_1_205' title='bbox 798 1324 874 1353; x_wconf 81' lang='lat' dir='ltr'><strong>Vox</strong></span> <span class='ocrx_word' id='word_1_206' title='bbox 900 1338 943 1361; x_wconf 50' lang='grc' dir='ltr'><strong>ς»</strong></span> <span class='ocrx_word' id='word_1_207' title='bbox 968 1322 1165 1353; x_wconf 86' lang='lat' dir='ltr'><strong>indefinitum</strong></span> <span class='ocrx_word' id='word_1_208' title='bbox 1191 1324 1281 1353; x_wconf 88' lang='lat' dir='ltr'><strong>vocis</strong></span> <span class='ocrx_word' id='word_1_209' title='bbox 1307 1319 1407 1368; x_wconf 52' lang='lat' dir='ltr'><strong>Oba-ii</strong></span> <span class='ocrx_word' id='word_1_210' title='bbox 1435 1319 1558 1366; x_wconf 90' lang='lat' dir='ltr'><strong>(homo)</strong></span> <span class='ocrx_word' id='word_1_211' title='bbox 1585 1332 1717 1352; x_wconf 86' lang='lat' dir='ltr'><strong>sensum</strong></span> <span class='ocrx_word' id='word_1_212' title='bbox 1744 1322 1885 1361; x_wconf 85' lang='lat' dir='ltr'><strong>praebet,</strong></span> <span class='ocrx_word' id='word_1_213' title='bbox 1911 1325 1946 1351; x_wconf 79' lang='lat' dir='ltr'><strong>ut</strong></span> 
     </span>
     <span class='ocr_line' id='line_1_19' title="bbox 160 1372 1946 1435; baseline -0.004 -14"><span class='ocrx_word' id='word_1_214' title='bbox 160 1391 259 1420; x_wconf 84' lang='lat' dir='ltr'><strong>verba</strong></span> <span class='ocrx_word' id='word_1_215' title='bbox 285 1398 386 1435; x_wconf 51' lang='lat' dir='ltr'><strong>Unus</strong></span> <span class='ocrx_word' id='word_1_216' title='bbox 413 1393 474 1419; x_wconf 88' lang='lat' dir='ltr'><strong>eto.</strong></span> <span class='ocrx_word' id='word_1_217' title='bbox 503 1389 532 1420; x_wconf 89' lang='lat' dir='ltr'><strong>ei</strong></span> <span class='ocrx_word' id='word_1_218' title='bbox 560 1388 631 1418; x_wconf 91' lang='lat' dir='ltr'><strong>loco</strong></span> <span class='ocrx_word' id='word_1_219' title='bbox 659 1387 808 1418; x_wconf 81' lang='lat' dir='ltr'><strong>adiectivi</strong></span> <span class='ocrx_word' id='word_1_220' title='bbox 834 1372 908 1419; x_wconf 82' lang='lat' dir='ltr'><strong>sint,</strong></span> <span class='ocrx_word' id='word_1_221' title='bbox 960 1387 1086 1416; x_wconf 84' lang='lat' dir='ltr'>Sensus</span> <span class='ocrx_word' id='word_1_222' title='bbox 1114 1391 1181 1416; x_wconf 90' lang='lat' dir='ltr'><strong>est:</strong></span> <span class='ocrx_word' id='word_1_223' title='bbox 1211 1386 1262 1426; x_wconf 90' lang='lat' dir='ltr'><strong>qui</strong></span> <span class='ocrx_word' id='word_1_224' title='bbox 1289 1386 1382 1416; x_wconf 90' lang='lat' dir='ltr'><strong>hodie</strong></span> <span class='ocrx_word' id='word_1_225' title='bbox 1408 1385 1524 1427; x_wconf 86' lang='lat' dir='ltr'><strong>dignus</strong></span> <span class='ocrx_word' id='word_1_226' title='bbox 1551 1390 1613 1425; x_wconf 81' lang='lat' dir='ltr'><strong>est,</strong></span> <span class='ocrx_word' id='word_1_227' title='bbox 1641 1385 1691 1424; x_wconf 91' lang='lat' dir='ltr'><strong>qui</strong></span> <span class='ocrx_word' id='word_1_228' title='bbox 1719 1389 1859 1415; x_wconf 85' lang='lat' dir='ltr'><strong>mortuus</strong></span> <span class='ocrx_word' id='word_1_229' title='bbox 1887 1384 1946 1414; x_wconf 87' lang='lat' dir='ltr'><strong>de—</strong></span> 
     </span>
     <span class='ocr_line' id='line_1_20' title="bbox 160 1447 1946 1499; baseline -0.003 -18"><span class='ocrx_word' id='word_1_230' title='bbox 160 1453 312 1492; x_wconf 83' lang='lat' dir='ltr'><strong>ploretur,</strong></span> <span class='ocrx_word' id='word_1_231' title='bbox 340 1452 367 1482; x_wconf 88' lang='lat' dir='ltr'><strong>is</strong></span> <span class='ocrx_word' id='word_1_232' title='bbox 394 1452 462 1482; x_wconf 88' lang='lat' dir='ltr'><strong>heri</strong></span> <span class='ocrx_word' id='word_1_233' title='bbox 487 1452 584 1482; x_wconf 80' lang='lat' dir='ltr'><strong>vivus</strong></span> <span class='ocrx_word' id='word_1_234' title='bbox 612 1452 651 1482; x_wconf 89' lang='lat' dir='ltr'><strong>ob</strong></span> <span class='ocrx_word' id='word_1_235' title='bbox 677 1452 759 1482; x_wconf 86' lang='lat' dir='ltr'><strong>facta</strong></span> <span class='ocrx_word' id='word_1_236' title='bbox 786 1460 946 1493; x_wconf 81' lang='lat' dir='ltr'><strong>generosa</strong></span> <span class='ocrx_word' id='word_1_237' title='bbox 978 1450 1123 1481; x_wconf 78' lang='lat' dir='ltr'><strong>laudibus</strong></span> <span class='ocrx_word' id='word_1_238' title='bbox 1157 1448 1360 1489; x_wconf 80' lang='lat' dir='ltr'><strong>dignissimus</strong></span> <span class='ocrx_word' id='word_1_239' title='bbox 1395 1452 1475 1478; x_wconf 83' lang='lat' dir='ltr'><strong>erat.</strong></span> <span class='ocrx_word' id='word_1_240' title='bbox 1538 1447 1697 1478; x_wconf 87' lang='lat' dir='ltr'><strong>Pluralem</strong></span> <span class='ocrx_word' id='word_1_241' title='bbox 1726 1452 1803 1499; x_wconf 55' lang='grc' dir='ltr'><strong>ἴω</strong></span> <span class='ocrx_word' id='word_1_242' title='bbox 1828 1447 1946 1488; x_wconf 72' lang='lat' dir='ltr'><strong>posuit,</strong></span> 
     </span>
    </p>
   </div>
   <div class='ocr_carea' id='block_1_9' title="bbox 161 1513 946 1554">
    <p class='ocr_par' dir='ltr' id='par_1_9' title="bbox 161 1513 946 1554">
     <span class='ocr_line' id='line_1_21' title="bbox 161 1513 946 1554; baseline -0.001 -10"><span class='ocrx_word' id='word_1_243' title='bbox 161 1519 196 1544; x_wconf 83' lang='lat' dir='ltr'><strong>ut</strong></span> <span class='ocrx_word' id='word_1_244' title='bbox 222 1515 351 1544; x_wconf 84' lang='lat' dir='ltr'><strong>multam</strong></span> <span class='ocrx_word' id='word_1_245' title='bbox 378 1514 562 1553; x_wconf 85' lang='lat' dir='ltr'><strong>variamque</strong></span> <span class='ocrx_word' id='word_1_246' title='bbox 587 1514 711 1544; x_wconf 86' lang='lat' dir='ltr'><strong>laudem</strong></span> <span class='ocrx_word' id='word_1_247' title='bbox 739 1513 946 1554; x_wconf 83' lang='lat' dir='ltr'><strong>significaret.</strong></span> 
     </span>
    </p>
   </div>
   <div class='ocr_carea' id='block_1_10' title="bbox 162 1610 1515 1648">
    <p class='ocr_par' dir='ltr' id='par_1_10' title="bbox 162 1610 1515 1648">
     <span class='ocr_line' id='line_1_22' title="bbox 162 1610 1515 1648; baseline -0.002 -8"><span class='ocrx_word' id='word_1_248' title='bbox 162 1612 192 1640; x_wconf 83' lang='lat'><strong>4.</strong></span> <span class='ocrx_word' id='word_1_249' title='bbox 217 1611 285 1640; x_wconf 75' lang='lat' dir='ltr'><strong>Iam</strong></span> <span class='ocrx_word' id='word_1_250' title='bbox 308 1613 436 1640; x_wconf 80' lang='lat' dir='ltr'><strong>tristitia</strong></span> <span class='ocrx_word' id='word_1_251' title='bbox 460 1612 610 1640; x_wconf 81' lang='lat' dir='ltr'><strong>laetitiam</strong></span> <span class='ocrx_word' id='word_1_252' title='bbox 630 1612 755 1648; x_wconf 72' lang='lat' dir='ltr'><strong>subeqit</strong></span> <span class='ocrx_word' id='word_1_253' title='bbox 773 1615 804 1640; x_wconf 83' lang='lat' dir='ltr'><strong>e!</strong></span> <span class='ocrx_word' id='word_1_254' title='bbox 822 1612 974 1648; x_wconf 74' lang='lat' dir='ltr'><strong>yaudt&#39;um</strong></span> <span class='ocrx_word' id='word_1_255' title='bbox 996 1621 1015 1639; x_wconf 85' lang='lat' dir='ltr'><em>a</em></span> <span class='ocrx_word' id='word_1_256' title='bbox 1037 1620 1176 1639; x_wconf 79' lang='lat' dir='ltr'><strong>moerore</strong></span> <span class='ocrx_word' id='word_1_257' title='bbox 1197 1613 1303 1638; x_wconf 78' lang='lat' dir='ltr'><strong>nostro</strong></span> <span class='ocrx_word' id='word_1_258' title='bbox 1325 1610 1437 1638; x_wconf 76' lang='lat' dir='ltr'><strong>victum</strong></span> <span class='ocrx_word' id='word_1_259' title='bbox 1460 1611 1515 1637; x_wconf 81' lang='lat' dir='ltr'><strong>est.</strong></span> 
     </span>
    </p>
   </div>
   <div class='ocr_carea' id='block_1_11' title="bbox 161 1677 1945 1851">
    <p class='ocr_par' dir='ltr' id='par_1_11' title="bbox 161 1677 1945 1851">
     <span class='ocr_line' id='line_1_23' title="bbox 258 1677 1945 1720; baseline -0.002 -10"><span class='ocrx_word' id='word_1_260' title='bbox 258 1681 356 1710; x_wconf 80' lang='lat' dir='ltr'><strong>Hisce</strong></span> <span class='ocrx_word' id='word_1_261' title='bbox 385 1681 492 1711; x_wconf 87' lang='lat' dir='ltr'><strong>verbis</strong></span> <span class='ocrx_word' id='word_1_262' title='bbox 519 1685 674 1711; x_wconf 85' lang='lat' dir='ltr'><strong>mortuum</strong></span> <span class='ocrx_word' id='word_1_263' title='bbox 702 1681 882 1720; x_wconf 83' lang='lat' dir='ltr'><strong>alloquitur.</strong></span> <span class='ocrx_word' id='word_1_264' title='bbox 934 1681 1028 1719; x_wconf 83' lang='lat' dir='ltr'><strong>Dicit,</strong></span> <span class='ocrx_word' id='word_1_265' title='bbox 1056 1680 1143 1719; x_wconf 88' lang='lat' dir='ltr'><strong>ipsos</strong></span> <span class='ocrx_word' id='word_1_266' title='bbox 1171 1683 1258 1710; x_wconf 85' lang='lat' dir='ltr'><strong>tanto</strong></span> <span class='ocrx_word' id='word_1_267' title='bbox 1286 1687 1427 1708; x_wconf 89' lang='lat' dir='ltr'><strong>moerore</strong></span> <span class='ocrx_word' id='word_1_268' title='bbox 1445 1677 1595 1707; x_wconf 80' lang='lat' dir='ltr'><strong>adflictos</strong></span> <span class='ocrx_word' id='word_1_269' title='bbox 1613 1680 1646 1705; x_wconf 87' lang='lat' dir='ltr'><strong>et</strong></span> <span class='ocrx_word' id='word_1_270' title='bbox 1666 1680 1838 1715; x_wconf 82' lang='lat' dir='ltr'><strong>occupatos</strong></span> <span class='ocrx_word' id='word_1_271' title='bbox 1857 1685 1945 1716; x_wconf 83' lang='lat' dir='ltr'><strong>esse,</strong></span> 
     </span>
     <span class='ocr_line' id='line_1_24' title="bbox 161 1738 1944 1783; baseline -0.003 -11"><span class='ocrx_word' id='word_1_272' title='bbox 161 1747 195 1772; x_wconf 86' lang='lat' dir='ltr'><strong>ut</strong></span> <span class='ocrx_word' id='word_1_273' title='bbox 220 1743 336 1783; x_wconf 86' lang='lat' dir='ltr'><strong>gaudio</strong></span> <span class='ocrx_word' id='word_1_274' title='bbox 364 1753 425 1773; x_wconf 80' lang='lat' dir='ltr'><strong>non</strong></span> <span class='ocrx_word' id='word_1_275' title='bbox 452 1744 586 1782; x_wconf 85' lang='lat' dir='ltr'><strong>amplius</strong></span> <span class='ocrx_word' id='word_1_276' title='bbox 614 1743 704 1773; x_wconf 86' lang='lat' dir='ltr'><strong>locus</strong></span> <span class='ocrx_word' id='word_1_277' title='bbox 731 1743 783 1772; x_wconf 90' lang='lat' dir='ltr'><strong>sit.</strong></span> <span class='ocrx_word' id='word_1_278' title='bbox 835 1744 913 1773; x_wconf 82' lang='lat' dir='ltr'><strong>Tam</strong></span> <span class='ocrx_word' id='word_1_279' title='bbox 942 1742 1093 1783; x_wconf 85' lang='lat' dir='ltr'><strong>gaudium</strong></span> <span class='ocrx_word' id='word_1_280' title='bbox 1121 1752 1214 1782; x_wconf 85' lang='lat' dir='ltr'><strong>quarn</strong></span> <span class='ocrx_word' id='word_1_281' title='bbox 1248 1741 1407 1770; x_wconf 86' lang='lat' dir='ltr'><strong>tristitiam</strong></span> <span class='ocrx_word' id='word_1_282' title='bbox 1440 1743 1584 1778; x_wconf 86' lang='lat' dir='ltr'><strong>tauquam</strong></span> <span class='ocrx_word' id='word_1_283' title='bbox 1616 1747 1785 1777; x_wconf 87' lang='lat' dir='ltr'><strong>personam</strong></span> <span class='ocrx_word' id='word_1_284' title='bbox 1816 1738 1944 1768; x_wconf 86' lang='lat' dir='ltr'><strong>inducit.</strong></span> 
     </span>
     <span class='ocr_line' id='line_1_25' title="bbox 161 1797 1945 1851; baseline -0.003 -17"><span class='ocrx_word' id='word_1_285' title='bbox 161 1804 203 1834; x_wconf 77' lang='lat' dir='ltr'><strong>Ut</strong></span> <span class='ocrx_word' id='word_1_286' title='bbox 227 1808 257 1835; x_wconf 88' lang='lat' dir='ltr'><strong>iu</strong></span> <span class='ocrx_word' id='word_1_287' title='bbox 284 1806 388 1844; x_wconf 82' lang='lat' dir='ltr'><strong>priore</strong></span> <span class='ocrx_word' id='word_1_288' title='bbox 415 1810 506 1844; x_wconf 85' lang='lat' dir='ltr'><strong>parte</strong></span> <span class='ocrx_word' id='word_1_289' title='bbox 533 1805 651 1835; x_wconf 85' lang='lat' dir='ltr'><strong>formas</strong></span> <span class='ocrx_word' id='word_1_290' title='bbox 686 1805 844 1834; x_wconf 84' lang='lat' dir='ltr'><strong>nominum</strong></span> <span class='ocrx_word' id='word_1_291' title='bbox 879 1804 1000 1834; x_wconf 85' lang='lat' dir='ltr'><strong>similes</strong></span> <span class='ocrx_word' id='word_1_292' title='bbox 1039 1803 1199 1840; x_wconf 84' lang='lat' dir='ltr'><strong>adhibuit,</strong></span> <span class='ocrx_word' id='word_1_293' title='bbox 1239 1802 1287 1832; x_wconf 88' lang='lat' dir='ltr'><strong>sic</strong></span> <span class='ocrx_word' id='word_1_294' title='bbox 1321 1803 1351 1832; x_wconf 91' lang='lat' dir='ltr'><strong>in</strong></span> <span class='ocrx_word' id='word_1_295' title='bbox 1388 1801 1523 1831; x_wconf 86' lang='lat' dir='ltr'><strong>vocibus</strong></span> <span class='ocrx_word' id='word_1_296' title='bbox 1559 1797 1643 1844; x_wconf 42' lang='grc' dir='ltr'><strong>σχῶ»</strong></span> <span class='ocrx_word' id='word_1_297' title='bbox 1677 1803 1709 1829; x_wconf 89' lang='lat' dir='ltr'><strong>et</strong></span> <span class='ocrx_word' id='word_1_298' title='bbox 1743 1801 1802 1851; x_wconf 58' lang='lat'><strong>3³¹5</strong></span> <span class='ocrx_word' id='word_1_299' title='bbox 1833 1799 1945 1829; x_wconf 82' lang='lat' dir='ltr'><strong>eadem</strong></span> 
     </span>
    </p>
   </div>
   <div class='ocr_carea' id='block_1_12' title="bbox 163 1857 1945 1917">
    <p class='ocr_par' dir='ltr' id='par_1_12' title="bbox 163 1857 1945 1917">
     <span class='ocr_line' id='line_1_26' title="bbox 163 1857 1945 1917; baseline -0.003 -21"><span class='ocrx_word' id='word_1_300' title='bbox 163 1868 240 1897; x_wconf 81' lang='lat' dir='ltr'><strong>ratio</strong></span> <span class='ocrx_word' id='word_1_301' title='bbox 255 1867 399 1898; x_wconf 85' lang='lat' dir='ltr'><strong>habenda</strong></span> <span class='ocrx_word' id='word_1_302' title='bbox 413 1872 493 1898; x_wconf 84' lang='lat' dir='ltr'><strong>erat.</strong></span> <span class='ocrx_word' id='word_1_303' title='bbox 521 1867 695 1905; x_wconf 81' lang='lat' dir='ltr'><strong>Quomiuus</strong></span> <span class='ocrx_word' id='word_1_304' title='bbox 714 1876 791 1896; x_wconf 84' lang='lat' dir='ltr'><strong>vero</strong></span> <span class='ocrx_word' id='word_1_305' title='bbox 807 1876 862 1906; x_wconf 85' lang='lat' dir='ltr'><strong>pro</strong></span> <span class='ocrx_word' id='word_1_306' title='bbox 879 1875 959 1895; x_wconf 86' lang='lat' dir='ltr'><strong>voce</strong></span> <span class='ocrx_word' id='word_1_307' title='bbox 974 1867 1035 1917; x_wconf 60' lang='lat'><strong>355</strong></span> <span class='ocrx_word' id='word_1_308' title='bbox 1049 1857 1180 1895; x_wconf 80' lang='lat' dir='ltr'><strong>formam</strong></span> <span class='ocrx_word' id='word_1_309' title='bbox 1196 1867 1285 1916; x_wconf 47' lang='lat'><strong>395⁵*</strong></span> <span class='ocrx_word' id='word_1_310' title='bbox 1299 1864 1475 1904; x_wconf 71' lang='lat' dir='ltr'><strong>adhiberet,</strong></span> <span class='ocrx_word' id='word_1_311' title='bbox 1490 1861 1757 1893; x_wconf 84' lang='lat' dir='ltr'><strong>homoioteleuton</strong></span> <span class='ocrx_word' id='word_1_312' title='bbox 1771 1861 1945 1901; x_wconf 79' lang='lat' dir='ltr'><strong>impedivit.</strong></span> 
     </span>
    </p>
   </div>
   <div class='ocr_carea' id='block_1_13' title="bbox 164 1959 1449 2160">
    <p class='ocr_par' dir='ltr' id='par_1_13' title="bbox 164 1959 1449 2160">
     <span class='ocr_line' id='line_1_27' title="bbox 958 1959 1150 1993; baseline -0.005 0"><span class='ocrx_word' id='word_1_313' title='bbox 958 1959 1150 1993; x_wconf 68' lang='lat' dir='ltr'>xwln.</span> 
     </span>
     <span class='ocr_line' id='line_1_28' title="bbox 904 2026 1199 2060; baseline -0.003 0"><span class='ocrx_word' id='word_1_314' title='bbox 904 2027 1041 2060; x_wconf 77' lang='lat' dir='ltr'><strong>Idem</strong></span> <span class='ocrx_word' id='word_1_315' title='bbox 1063 2026 1199 2059; x_wconf 72' lang='lat' dir='ltr'><strong>«lixit.</strong></span> 
     </span>
     <span class='ocr_line' id='line_1_29' title="bbox 164 2075 1449 2160; baseline -0.001 -36"><span class='ocrx_word' id='word_1_316' title='bbox 164 2075 295 2160; x_wconf 41' lang='lat' dir='ltr'><strong>LXQR‘</strong></span> <span class='ocrx_word' id='word_1_317' title='bbox 315 2093 434 2137; x_wconf 70' lang='lat' dir='ltr'><strong>(nubi)</strong></span> <span class='ocrx_word' id='word_1_318' title='bbox 456 2106 567 2126; x_wconf 79' lang='lat' dir='ltr'><strong>sonum</strong></span> <span class='ocrx_word' id='word_1_319' title='bbox 590 2098 702 2129; x_wconf 77' lang='lat' dir='ltr'><strong>edenti,</strong></span> <span class='ocrx_word' id='word_1_320' title='bbox 724 2099 824 2134; x_wconf 74' lang='lat' dir='ltr'><strong>yruvi,</strong></span> <span class='ocrx_word' id='word_1_321' title='bbox 849 2106 928 2134; x_wconf 77' lang='lat' dir='ltr'><strong>quae</strong></span> <span class='ocrx_word' id='word_1_322' title='bbox 951 2097 1073 2133; x_wconf 68' lang='lat' dir='ltr'><strong>lut-qam</strong></span> <span class='ocrx_word' id='word_1_323' title='bbox 1091 2096 1231 2132; x_wconf 80' lang='lat' dir='ltr'><strong>pluviam</strong></span> <span class='ocrx_word' id='word_1_324' title='bbox 1253 2096 1449 2134; x_wconf 76' lang='lat' dir='ltr'><strong>effundebat:</strong></span> 
     </span>
    </p>
   </div>
   <div class='ocr_carea' id='block_1_14' title="bbox 162 2155 1942 2640">
    <p class='ocr_par' dir='ltr' id='par_1_14' title="bbox 162 2155 1942 2640">
     <span class='ocr_line' id='line_1_30' title="bbox 261 2155 1942 2217; baseline -0.001 -22"><span class='ocrx_word' id='word_1_325' title='bbox 261 2164 320 2196; x_wconf 68' lang='lat' dir='ltr'><strong>Hic</strong></span> <span class='ocrx_word' id='word_1_326' title='bbox 346 2176 477 2203; x_wconf 85' lang='lat' dir='ltr'><strong>versus,</strong></span> <span class='ocrx_word' id='word_1_327' title='bbox 506 2171 540 2196; x_wconf 84' lang='lat' dir='ltr'><strong>ut</strong></span> <span class='ocrx_word' id='word_1_328' title='bbox 560 2177 600 2195; x_wconf 75' lang='lat' dir='ltr'><strong>ex</strong></span> <span class='ocrx_word' id='word_1_329' title='bbox 629 2166 877 2196; x_wconf 84' lang='lat' dir='ltr'><strong>homoioteleuto</strong></span> <span class='ocrx_word' id='word_1_330' title='bbox 905 2155 994 2194; x_wconf 77' lang='lat' dir='ltr'><strong>vocis</strong></span> <span class='ocrx_word' id='word_1_331' title='bbox 1011 2164 1094 2217; x_wconf 55' lang='lat'><strong>5330</strong></span> <span class='ocrx_word' id='word_1_332' title='bbox 1110 2169 1140 2194; x_wconf 83' lang='lat' dir='ltr'><strong>et</strong></span> <span class='ocrx_word' id='word_1_333' title='bbox 1156 2167 1241 2216; x_wconf 41' lang='grc' dir='ltr'><strong>ζμ*</strong></span> <span class='ocrx_word' id='word_1_334' title='bbox 1256 2164 1366 2194; x_wconf 85' lang='lat' dir='ltr'><strong>videre</strong></span> <span class='ocrx_word' id='word_1_335' title='bbox 1394 2165 1478 2205; x_wconf 74' lang='lat' dir='ltr'><strong>licet,</strong></span> <span class='ocrx_word' id='word_1_336' title='bbox 1506 2166 1627 2204; x_wconf 79' lang='lat' dir='ltr'><strong>primus</strong></span> <span class='ocrx_word' id='word_1_337' title='bbox 1657 2165 1800 2195; x_wconf 82' lang='lat' dir='ltr'><strong>carminis</strong></span> <span class='ocrx_word' id='word_1_338' title='bbox 1826 2173 1942 2194; x_wconf 85' lang='lat' dir='ltr'><strong>versus</strong></span> 
     </span>
     <span class='ocr_line' id='line_1_31' title="bbox 164 2227 1942 2268; baseline 0 -12"><span class='ocrx_word' id='word_1_339' title='bbox 164 2232 226 2257; x_wconf 89' lang='lat' dir='ltr'><strong>est.</strong></span> <span class='ocrx_word' id='word_1_340' title='bbox 253 2227 295 2257; x_wconf 64' lang='lat' dir='ltr'><strong>Ut</strong></span> <span class='ocrx_word' id='word_1_341' title='bbox 312 2227 460 2258; x_wconf 84' lang='lat' dir='ltr'><strong>ostendat</strong></span> <span class='ocrx_word' id='word_1_342' title='bbox 474 2232 581 2268; x_wconf 71' lang='lat' dir='ltr'><strong>poeta,</strong></span> <span class='ocrx_word' id='word_1_343' title='bbox 610 2237 702 2267; x_wconf 83' lang='lat' dir='ltr'><strong>quam</strong></span> <span class='ocrx_word' id='word_1_344' title='bbox 723 2237 817 2257; x_wconf 85' lang='lat' dir='ltr'><strong>carus</strong></span> <span class='ocrx_word' id='word_1_345' title='bbox 845 2229 875 2257; x_wconf 90' lang='lat' dir='ltr'><strong>ei</strong></span> <span class='ocrx_word' id='word_1_346' title='bbox 903 2232 1046 2257; x_wconf 85' lang='lat' dir='ltr'><strong>mortuus</strong></span> <span class='ocrx_word' id='word_1_347' title='bbox 1075 2227 1178 2268; x_wconf 77' lang='lat' dir='ltr'><strong>fuerit⁷</strong></span> <span class='ocrx_word' id='word_1_348' title='bbox 1207 2231 1313 2267; x_wconf 75' lang='lat' dir='ltr'><strong>optat,</strong></span> <span class='ocrx_word' id='word_1_349' title='bbox 1343 2232 1377 2256; x_wconf 90' lang='lat' dir='ltr'><strong>ut</strong></span> <span class='ocrx_word' id='word_1_350' title='bbox 1404 2227 1473 2256; x_wconf 89' lang='lat' dir='ltr'><strong>eius</strong></span> <span class='ocrx_word' id='word_1_351' title='bbox 1501 2227 1685 2266; x_wconf 85' lang='lat' dir='ltr'><strong>sepulcrum</strong></span> <span class='ocrx_word' id='word_1_352' title='bbox 1713 2227 1804 2267; x_wconf 68' lang='lat' dir='ltr'><strong>larga</strong></span> <span class='ocrx_word' id='word_1_353' title='bbox 1834 2227 1942 2266; x_wconf 75' lang='lat' dir='ltr'><strong>pluvia</strong></span> 
     </span>
     <span class='ocr_line' id='line_1_32' title="bbox 162 2289 1942 2334; baseline 0 -16"><span class='ocrx_word' id='word_1_354' title='bbox 162 2289 292 2329; x_wconf 76' lang='lat' dir='ltr'><strong>rigetur.</strong></span> <span class='ocrx_word' id='word_1_355' title='bbox 329 2290 447 2334; x_wconf 66' lang='lat' dir='ltr'><strong>Narrat</strong></span> <span class='ocrx_word' id='word_1_356' title='bbox 472 2294 591 2329; x_wconf 83' lang='lat' dir='ltr'><strong>autem,</strong></span> <span class='ocrx_word' id='word_1_357' title='bbox 619 2297 653 2319; x_wconf 85' lang='lat' dir='ltr'><strong>se</strong></span> <span class='ocrx_word' id='word_1_358' title='bbox 680 2289 753 2318; x_wconf 86' lang='lat' dir='ltr'><strong>nubi</strong></span> <span class='ocrx_word' id='word_1_359' title='bbox 781 2289 961 2319; x_wconf 82' lang='lat' dir='ltr'><strong>mandatum</strong></span> <span class='ocrx_word' id='word_1_360' title='bbox 987 2289 1127 2319; x_wconf 84' lang='lat' dir='ltr'><strong>dedisse.</strong></span> <span class='ocrx_word' id='word_1_361' title='bbox 1163 2290 1233 2318; x_wconf 87' lang='lat' dir='ltr'><strong>Hoc</strong></span> <span class='ocrx_word' id='word_1_362' title='bbox 1259 2289 1290 2319; x_wconf 92' lang='lat' dir='ltr'><strong>in</strong></span> <span class='ocrx_word' id='word_1_363' title='bbox 1316 2298 1416 2319; x_wconf 87' lang='lat' dir='ltr'><strong>versu</strong></span> <span class='ocrx_word' id='word_1_364' title='bbox 1443 2293 1538 2328; x_wconf 80' lang='lat' dir='ltr'><strong>poeta</strong></span> <span class='ocrx_word' id='word_1_365' title='bbox 1565 2299 1701 2331; x_wconf 83' lang='lat' dir='ltr'><strong>morem,</strong></span> <span class='ocrx_word' id='word_1_366' title='bbox 1738 2298 1800 2329; x_wconf 90' lang='lat' dir='ltr'><strong>quo</strong></span> <span class='ocrx_word' id='word_1_367' title='bbox 1827 2294 1942 2328; x_wconf 86' lang='lat' dir='ltr'><strong>poetae</strong></span> 
     </span>
     <span class='ocr_line' id='line_1_33' title="bbox 162 2338 1939 2391; baseline -0.002 -10"><span class='ocrx_word' id='word_1_368' title='bbox 162 2338 352 2382; x_wconf 69' lang='lat' dir='ltr'><strong>adiectivuul</strong></span> <span class='ocrx_word' id='word_1_369' title='bbox 380 2352 499 2382; x_wconf 89' lang='lat' dir='ltr'><strong>omisso</strong></span> <span class='ocrx_word' id='word_1_370' title='bbox 527 2352 729 2381; x_wconf 81' lang='lat' dir='ltr'><strong>substantivo</strong></span> <span class='ocrx_word' id='word_1_371' title='bbox 760 2355 887 2391; x_wconf 78' lang='lat' dir='ltr'><strong>ponant,</strong></span> <span class='ocrx_word' id='word_1_372' title='bbox 915 2351 1056 2380; x_wconf 87' lang='lat' dir='ltr'><strong>imitatus</strong></span> <span class='ocrx_word' id='word_1_373' title='bbox 1084 2355 1136 2380; x_wconf 89' lang='lat' dir='ltr'><strong>est</strong></span> <span class='ocrx_word' id='word_1_374' title='bbox 1161 2351 1267 2381; x_wconf 86' lang='lat' dir='ltr'><strong>conf.</strong></span> <span class='ocrx_word' id='word_1_375' title='bbox 1297 2351 1391 2380; x_wconf 86' lang='lat' dir='ltr'><strong>Ham.</strong></span> <span class='ocrx_word' id='word_1_376' title='bbox 1419 2361 1448 2391; x_wconf 84' lang='lat' dir='ltr'><strong>p.</strong></span> <span class='ocrx_word' id='word_1_377' title='bbox 1477 2352 1502 2382; x_wconf 64' lang='lat' dir='ltr'><strong>rt</strong></span> <span class='ocrx_word' id='word_1_378' title='bbox 1530 2361 1562 2381; x_wconf 89' lang='lat' dir='ltr'><strong>v.</strong></span> <span class='ocrx_word' id='word_1_379' title='bbox 1590 2352 1621 2382; x_wconf 81' lang='grc'><strong>2.</strong></span> <span class='ocrx_word' id='word_1_380' title='bbox 1649 2360 1679 2390; x_wconf 87' lang='lat' dir='ltr'><strong>p.</strong></span> <span class='ocrx_word' id='word_1_381' title='bbox 1705 2351 1747 2379; x_wconf 58' lang='lat' dir='ltr'><strong>Al*</strong></span> <span class='ocrx_word' id='word_1_382' title='bbox 1771 2359 1804 2379; x_wconf 87' lang='lat' dir='ltr'><strong>v.</strong></span> <span class='ocrx_word' id='word_1_383' title='bbox 1832 2349 1854 2380; x_wconf 87' lang='lat'><strong>3</strong></span> <span class='ocrx_word' id='word_1_384' title='bbox 1877 2354 1939 2380; x_wconf 86' lang='lat' dir='ltr'><strong>etc.</strong></span> 
     </span>
     <span class='ocr_line' id='line_1_34' title="bbox 162 2411 1938 2453; baseline -0.001 -11"><span class='ocrx_word' id='word_1_385' title='bbox 162 2413 213 2442; x_wconf 79' lang='lat' dir='ltr'><strong>Ex</strong></span> <span class='ocrx_word' id='word_1_386' title='bbox 239 2414 416 2452; x_wconf 73' lang='lat' dir='ltr'><strong>posteriore</strong></span> <span class='ocrx_word' id='word_1_387' title='bbox 443 2418 547 2443; x_wconf 88' lang='lat' dir='ltr'><strong>autem</strong></span> <span class='ocrx_word' id='word_1_388' title='bbox 574 2417 665 2452; x_wconf 86' lang='lat' dir='ltr'><strong>parte</strong></span> <span class='ocrx_word' id='word_1_389' title='bbox 703 2422 905 2453; x_wconf 84' lang='lat' dir='ltr'><strong>cognoscere</strong></span> <span class='ocrx_word' id='word_1_390' title='bbox 937 2413 1029 2453; x_wconf 72' lang='lat' dir='ltr'><strong>licet,</strong></span> <span class='ocrx_word' id='word_1_391' title='bbox 1069 2417 1143 2443; x_wconf 87' lang='lat' dir='ltr'><strong>ante</strong></span> <span class='ocrx_word' id='word_1_392' title='bbox 1180 2422 1292 2443; x_wconf 88' lang='lat' dir='ltr'><strong>vocem</strong></span> <span class='ocrx_word' id='word_1_393' title='bbox 1328 2412 1424 2440; x_wconf 45' lang='lat'><strong>2235&gt;</strong></span> <span class='ocrx_word' id='word_1_394' title='bbox 1459 2413 1666 2453; x_wconf 88' lang='lat' dir='ltr'><strong>supplendum</strong></span> <span class='ocrx_word' id='word_1_395' title='bbox 1703 2422 1778 2443; x_wconf 88' lang='lat' dir='ltr'><strong>esse</strong></span> <span class='ocrx_word' id='word_1_396' title='bbox 1804 2411 1938 2450; x_wconf 42' lang='lat' dir='ltr'><strong>agl-&lt;mlh</strong></span> 
     </span>
     <span class='ocr_line' id='line_1_35' title="bbox 162 2471 1940 2527; baseline 0.001 -23"><span class='ocrx_word' id='word_1_397' title='bbox 162 2475 213 2504; x_wconf 72' lang='lat' dir='ltr'><strong>Ex</strong></span> <span class='ocrx_word' id='word_1_398' title='bbox 239 2476 491 2505; x_wconf 51' lang='lat' dir='ltr'><strong>vocibus&#39;bzikss&gt;</strong></span> <span class='ocrx_word' id='word_1_399' title='bbox 519 2480 552 2506; x_wconf 87' lang='lat' dir='ltr'><strong>et</strong></span> <span class='ocrx_word' id='word_1_400' title='bbox 579 2471 656 2527; x_wconf 52' lang='lat'><strong>83³⁸&gt;</strong></span> <span class='ocrx_word' id='word_1_401' title='bbox 683 2474 848 2515; x_wconf 77' lang='lat' dir='ltr'><strong>videmuS,</strong></span> <span class='ocrx_word' id='word_1_402' title='bbox 885 2479 1011 2514; x_wconf 81' lang='lat' dir='ltr'><strong>poetam</strong></span> <span class='ocrx_word' id='word_1_403' title='bbox 1047 2475 1161 2504; x_wconf 90' lang='lat' dir='ltr'><strong>nubem</strong></span> <span class='ocrx_word' id='word_1_404' title='bbox 1189 2475 1316 2505; x_wconf 84' lang='lat' dir='ltr'><strong>multam</strong></span> <span class='ocrx_word' id='word_1_405' title='bbox 1343 2485 1456 2515; x_wconf 83' lang='lat' dir='ltr'><strong>aquam</strong></span> <span class='ocrx_word' id='word_1_406' title='bbox 1482 2477 1694 2507; x_wconf 86' lang='lat' dir='ltr'><strong>continentem</strong></span> <span class='ocrx_word' id='word_1_407' title='bbox 1722 2484 1790 2505; x_wconf 88' lang='lat' dir='ltr'><strong>cum</strong></span> <span class='ocrx_word' id='word_1_408' title='bbox 1818 2475 1940 2505; x_wconf 83' lang='lat' dir='ltr'><strong>camelo</strong></span> 
     </span>
     <span class='ocr_line' id='line_1_36' title="bbox 162 2533 1940 2581; baseline 0 -16"><span class='ocrx_word' id='word_1_409' title='bbox 162 2542 277 2565; x_wconf 72' lang='lat' dir='ltr'><strong>onusto</strong></span> <span class='ocrx_word' id='word_1_410' title='bbox 310 2545 524 2575; x_wconf 70' lang='lat' dir='ltr'><strong>comparasse.</strong></span> <span class='ocrx_word' id='word_1_411' title='bbox 585 2536 725 2566; x_wconf 87' lang='lat' dir='ltr'><strong>Similem</strong></span> <span class='ocrx_word' id='word_1_412' title='bbox 759 2545 885 2576; x_wconf 90' lang='lat' dir='ltr'><strong>quoque</strong></span> <span class='ocrx_word' id='word_1_413' title='bbox 917 2537 1179 2574; x_wconf 85' lang='lat' dir='ltr'><strong>comparationem</strong></span> <span class='ocrx_word' id='word_1_414' title='bbox 1213 2535 1243 2565; x_wconf 91' lang='lat' dir='ltr'><strong>in</strong></span> <span class='ocrx_word' id='word_1_415' title='bbox 1277 2535 1424 2576; x_wconf 89' lang='lat' dir='ltr'><strong>loquendi</strong></span> <span class='ocrx_word' id='word_1_416' title='bbox 1455 2535 1547 2566; x_wconf 89' lang='lat' dir='ltr'><strong>modo</strong></span> <span class='ocrx_word' id='word_1_417' title='bbox 1578 2534 1662 2573; x_wconf 36' lang='lat' dir='ltr'><strong>aab&amp;</strong></span> <span class='ocrx_word' id='word_1_418' title='bbox 1688 2533 1761 2581; x_wconf 42' lang='lat' dir='ltr'><strong>“im</strong></span> <span class='ocrx_word' id='word_1_419' title='bbox 1788 2535 1940 2576; x_wconf 86' lang='lat' dir='ltr'><strong>(proiecit</strong></span> 
     </span>
     <span class='ocr_line' id='line_1_37' title="bbox 162 2586 1937 2640; baseline -0.002 -12"><span class='ocrx_word' id='word_1_420' title='bbox 162 2599 302 2628; x_wconf 80' lang='lat' dir='ltr'><strong>sarcinas</strong></span> <span class='ocrx_word' id='word_1_421' title='bbox 336 2600 455 2640; x_wconf 64' lang='lat' dir='ltr'><strong>suas)7⁴</strong></span> <span class='ocrx_word' id='word_1_422' title='bbox 485 2598 537 2639; x_wconf 89' lang='lat' dir='ltr'><strong>qui</strong></span> <span class='ocrx_word' id='word_1_423' title='bbox 572 2597 611 2628; x_wconf 85' lang='lat' dir='ltr'><strong>de</strong></span> <span class='ocrx_word' id='word_1_424' title='bbox 646 2598 728 2628; x_wconf 87' lang='lat' dir='ltr'><strong>nube</strong></span> <span class='ocrx_word' id='word_1_425' title='bbox 754 2586 882 2639; x_wconf 74' lang='lat' dir='ltr'><strong>largiter</strong></span> <span class='ocrx_word' id='word_1_426' title='bbox 909 2597 1048 2637; x_wconf 85' lang='lat' dir='ltr'><strong>pluviam</strong></span> <span class='ocrx_word' id='word_1_427' title='bbox 1074 2598 1239 2627; x_wconf 84' lang='lat' dir='ltr'><strong>emittente</strong></span> <span class='ocrx_word' id='word_1_428' title='bbox 1265 2597 1441 2638; x_wconf 82' lang='lat' dir='ltr'><strong>adhibetur,</strong></span> <span class='ocrx_word' id='word_1_429' title='bbox 1467 2596 1579 2627; x_wconf 78' lang='lat' dir='ltr'><strong>videre</strong></span> <span class='ocrx_word' id='word_1_430' title='bbox 1604 2597 1689 2628; x_wconf 82' lang='lat' dir='ltr'><strong>licet.</strong></span> <span class='ocrx_word' id='word_1_431' title='bbox 1741 2598 1815 2628; x_wconf 87' lang='lat' dir='ltr'><strong>Vox</strong></span> <span class='ocrx_word' id='word_1_432' title='bbox 1841 2594 1937 2625; x_wconf 57' lang='lat' dir='ltr'><strong>aila:-</strong></span> 
     </span>
    </p>
   </div>
  </div>
 </body>
</html>
