2155 2892
943 151 987 158 -
1042 133 1208 165 206—

186 238 220 266 2.
241 235 421 274 tnfortzmia
443 234 567 261 animae
587 235 846 270 supervenerunt,
871 235 908 261 ut
928 232 1034 260 ebrius
1055 232 1185 268 viderer,
1209 234 1301 262 caius
1323 235 1420 271 caput
1438 235 1509 262 vino
1533 235 1831 265 circmnverteretm.

287 304 320 333 In
353 301 561 333 describendo
596 306 684 332 statu
721 310 780 331 suo
815 301 929 342 pergit.
991 301 1074 332 Voci
1100 298 1211 345 ,sl-uu:
1245 302 1485 332 infortuniorum
1520 302 1748 333 vehementiae
1783 304 1969 345 significatio

188 370 342 400 tribuitur.
393 367 450 397 Sic
476 366 506 396 in
532 365 732 395 hemistichio
758 363 929 394 'l'liarafahi
956 364 1064 402 (metr.
1090 363 1252 403 Redjes):
1288 364 1569 395 Vehementia
1595 366 1752 395 amoris
1779 368 1873 397 eius
1900 369 1968 398 im-

187 433 336 472 pletus
365 435 468 461 erat.
521 429 708 460 Mersukius
735 427 913 467 adnotavit,
940 426 1002 466 legi
1031 435 1155 466 quoque
1174 436 1273 466 posse
1287 425 1410 469 &inl-54,
1445 428 1537 467 quod,
1559 428 1621 458 etsi
1649 428 1777 469 linguae
1798 430 1876 460 ratio
1895 440 1970 470 per-

189 495 340 533 mitteret,
367 498 467 523 metro
494 495 699 533 repugnaret.
752 490 843 520 Voce
870 485 944 518 {via-ww
971 489 1098 528 proprie
1123 498 1283 519 summum
1310 489 1422 529 capitis
1450 489 1612 530 designari
1640 493 1725 529 puto.

185 604 219 633 3.
247 603 305 633 Vir
326 605 410 638 erat,
434 603 489 641 qai
508 602 539 630 si
557 601 642 630 dives
667 602 753 633 erat,
774 599 942 637 profusum
963 600 996 627 in
1018 599 1183 636 opibus-se
1202 599 1346 636 ⁸emebat,
1375 600 1426 627 sin
1448 608 1519 628 vero
1540 609 1614 637 opes
1635 601 1704 629 eius
1723 610 1847 637 paucae
1868 603 1968 634 erant,

760 654 828 681 eius
850 651 934 680 latus
954 655 1128 688 paupertas
1150 661 1212 681 non
1236 653 1398 690 depressit.

286 726 398 757 Virum
426 724 533 755 laudat
559 724 588 753 in
614 724 697 753 omni
723 723 811 752 vitae
836 724 922 751 statu
948 723 1044 752 talem
1071 732 1108 752 se
1128 727 1308 763 gerentem,
1336 722 1457 762 qualem
1478 732 1555 752 esse
1575 722 1714 754 deceret.
1769 723 1970 763 Opulentiam

186 789 364 829 paupertati
391 790 531 827 opponit.
583 787 774 817 Liberalitas
802 788 869 818 eius
891 791 979 817 tanta
998 786 1101 816 fuisse
1121 783 1244 824 dicitur,
1271 790 1305 815 ut
1324 795 1402 824 opes
1419 785 1635 825 perderentur,
1663 786 1692 816 id
1711 786 1795 826 quod
1813 786 1970 816 Arabibus

187 853 270 883 laudi
297 856 357 882 est.
409 852 489 880 'rum
516 860 636 890 pauper
664 850 777 887 factus,
805 860 842 880 se
869 860 930 880 non
956 850 1071 880 abiecit
1096 849 1193 879 vilem
1225 847 1372 877 beneficii
1405 857 1503 878 causa
1538 848 1647 878 adiens
1676 848 1776 878 conf.
1804 848 1901 879 Meid.
1931 848 1970 879 C.

187 916 245 954 20,
274 914 331 946 33.
359 914 417 954 21,
446 914 502 943 47.
554 913 696 943 Similem
723 922 854 942 sensum
888 912 1068 942 Hodsailita
1103 912 1265 951 expressit
1300 911 1407 941 dicens
1445 911 1553 950 (metr.
1580 911 1791 950 Motakarib):
1825 908 1905 940 ugit·
1924 909 1970 953 ,ρῖ

185 976 251 1007 ubil:
276 983 383 1016 Μ,
400 976 479 1004 aaz
496 972 697 1020 &sujffijob'
724 976 1037 1007 Abu-Malicus
1065 975 1186 1006 solus
1215 978 1509 1014 paupertatem
1536 974 1622 1005 fert
1648 978 1686 1004 et
1713 975 1970 1013 opulentiam

185 1019 302 1070 suam
330 1039 532 1080 divulgat
558 1036 677 1081 (conf.
704 1039 786 1068 Ham
826 1049 856 1078 p.
882 1037 941 1069 ft'n
967 1038 1067 1077 adn.).
1121 1038 1205 1067 Ante
1232 1047 1344 1068 vocem
1363 1040 1416 1079 25&
1435 1038 1664 1078 subiectumy
1683 1037 1746 1078 (is)
1761 1036 1970 1077 supplendum

185 1106 244 1132 est.
296 1102 375 1131 Post
401 1101 586 1140 particulam
613 1109 785 1140 pronomen
802 1104 849 1142 ,Φ
878 1105 974 1140 poeta
1001 1100 1162 1140 repetivit,
1189 1105 1223 1130 ut
1248 1100 1300 1130 vis
1327 1101 1484 1130 sermonis
1512 1105 1693 1141 augeretur.
1746 1101 1821 1131 Vox
1847 1096 1894 1134 dia
1919 1104 1971 1130 est

184 1175 240 1205 pro
269 1161 338 1205 ‘¹‘ss
366 1164 422 1194 sed
448 1159 494 1192 ab
520 1164 583 1205 legi
610 1164 695 1204 licet,
723 1167 756 1194 ut
784 1172 957 1203 pronomen
986 1163 1016 1192 in
1044 1162 1142 1192 verbo
1170 1162 1207 1201 (i.
1235 1172 1263 1193 e.
1289 1163 1357 1200 vir)
1384 1164 1563 1193 subiectum
1591 1164 1682 1193 verbi
1717 1164 1760 1201 ,β
1786 1163 1838 1193 sit.
1903 1162 1970 1192 Ac-

183 1227 351 1258 cusativus
377 1235 507 1256 sensum
536 1227 625 1256 verbi
652 1227 874 1265 specialiorem
901 1225 1002 1255 reddit
1028 1224 1161 1256 Gram.
1188 1225 1242 1254 Ar.
1270 1226 1307 1256 ¹1¹.
1328 1225 1366 1254 11.
1383 1234 1412 1264 p.
1433 1224 1500 1255 113
1514 1234 1561 1264 sq.
1613 1224 1814 1255 Scholiastes
1840 1224 1969 1254 similem

184 1287 331 1330 loquendi
358 1289 483 1319 modum
511 1289 540 1319 in
567 1289 684 1320 Con-ani
711 1290 780 1319 loco
807 1288 881 1319 Sur.
913 1288 969 1329 19,
996 1287 1029 1318 3.
1058 1287 1233 1318 adnotavit.

184 1400 217 1430 4.
263 1400 328 1430 Res
349 1400 432 1429 altas
455 1401 609 1437 attingere
629 1400 757 1436 studuit,
782 1400 902 1437 quibas,
927 1408 1116 1438 quamquam
1139 1397 1285 1436 difficiles
1307 1401 1406 1436 erant,
1428 1400 1546 1436 potitus
1568 1401 1629 1435 est,
1664 1402 1700 1428 at
1717 1398 1859 1437 facilitas
1881 1400 1968 1438 diffi-

909 1453 1056 1482 cultatem
1081 1454 1256 1490 attingeret.

281 1523 352 1553 Hoc
378 1522 407 1552 in
434 1532 543 1560 versu,
571 1522 621 1562 qui
648 1522 678 1552 in
704 1522 862 1552 Mersukii
888 1522 1000 1553 codice
1027 1522 1238 1563 desideratur,
1266 1521 1352 1560 dicit,
1380 1531 1451 1552 eum
1482 1520 1669 1552 difficultate
1685 1520 1768 1552 haud
1783 1521 1967 1569 deterritum

185 1585 280 1615 rebus
307 1585 391 1625 altis,
416 1585 529 1625 quibus
556 1584 727 1626 studuerit,
756 1587 889 1625 potitum
916 1594 1004 1624 esse,
1032 1590 1067 1616 ut
1093 1585 1241 1616 difficlies
1271 1594 1346 1614 esse
1373 1589 1551 1615 cessarent.

182 1695 214 1725 5.
242 1694 299 1723 Vir
319 1696 395 1727 erat,
419 1695 474 1731 qui
494 1693 574 1722 lacte
597 1693 821 1731 hospitalitalis
843 1696 958 1732 officiis
977 1704 1011 1723 se
1033 1703 1096 1723 non
1119 1694 1309 1731 satisfacere
1328 1696 1463 1731 pataret,
1486 1702 1580 1732 qaum
1598 1693 1738 1731 hospites
1755 1694 1967 1728 adveniebant,

885 1750 950 1776 nisi
967 1750 1114 1776 mactatis
1135 1748 1271 1776 camelis.

281 1815 517 1856 Hospitalitatis
545 1816 668 1846 modum
697 1816 854 1847 describit.
907 1817 990 1846 Dum
1017 1817 1067 1846 alii
1102 1817 1276 1856 hospitibus
1318 1816 1560 1846 advenientibus
1595 1816 1645 1846 lac
1681 1815 1904 1856 porrigebant,
1940 1816 1967 1844 is

183 1880 324 1911 camelos
352 1878 536 1909 mactandos
564 1879 706 1918 curabat,
734 1883 767 1909 ut
795 1889 889 1909 carne
913 1879 1116 1909 satiarentur.
1168 1879 1237 1908 'rati
1263 1882 1366 1909 autem
1394 1877 1620 1917 hospitalitatis
1642 1877 1733 1907 modo
1756 1886 1817 1906 non
1842 1882 1967 1916 poterat

182 1952 243 1973 non
271 1942 424 1980 camelos,
451 1951 530 1981 quae
557 1950 651 1980 opum
679 1942 852 1980 praecipua
878 1942 930 1971 vel
960 1942 1066 1981 potius
1094 1941 1186 1971 unica
1212 1951 1285 1980 pars
1313 1944 1423 1978 esset,
1463 1940 1562 1979 perdi.
1625 1940 1783 1970 Particula
1808 1939 1835 1979 ,i
1864 1940 1967 1971 locum

183 2005 355 2044 particulae
380 2003 415 2033 §Si
443 2010 542 2044 tenet,
569 2010 602 2035 ut
630 2006 782 2045 particula
808 2003 867 2050 Ui,
896 2015 986 2045 quarn
1014 2004 1153 2035 futurum
1180 2005 1360 2034 Nasbatum
1388 2008 1550 2043 sequatur,
1580 2002 1757 2042 supplenda
1773 2003 1814 2032 sit
1838 2001 1967 2033 Gram.

184 2069 248 2097 Ar.
276 2068 312 2097 Τ.
342 2068 379 2097 11.
408 2077 437 2107 p.
466 2068 523 2100 29.

182 2175 249 2217 (p,
265 2173 392 2216 182.)
413 2177 437 2206 6
443 2176 544 2205 ‚Nam
567 2180 686 2205 rectwn
708 2180 763 2211 est,
789 2186 806 2204 0
828 2179 912 2206 servi
921 2177 1002 2207 Dei!
1021 2178 1103 2216 qaod
1114 2178 1249 2206 Boraido
1263 2186 1325 2205 non
1338 2185 1469 2205 occurro
1482 2185 1540 2212 per
1553 2178 1650 2204 totum
1663 2178 1793 2211 tempas,
1818 2174 1965 2212 quamdiu

794 2233 946 2261 dorcades
968 2232 1056 2261 albae
1079 2233 1198 2261 caudas
1220 2231 1361 2260 movent?

283 2302 316 2330 ln
342 2300 403 2331 hoc
430 2310 540 2339 versu,
569 2301 618 2340 qui
645 2301 675 2330 in
703 2300 812 2331 codice
839 2301 996 2330 Mersukii
1023 2301 1083 2331 alia
1117 2310 1210 2330 manu
1245 2300 1284 2330 ad
1318 2299 1489 2339 marginem
1526 2299 1666 2338 scriptus
1701 2302 1772 2338 est,
1811 2298 1964 2338 queritur,

183 2364 265 2402 quod
295 2363 449 2393 Boraidus
476 2363 537 2402 ipsi
564 2367 662 2393 morte
690 2367 821 2402 ereptus
849 2363 901 2400 sit,
930 2367 964 2392 ut
998 2373 1069 2392 euin
1104 2372 1262 2402 nunquam
1302 2365 1533 2400 conspecturus
1567 2361 1618 2391 sit.
1678 2359 1760 2389 Huic
1790 2359 1964 2388 simillimus

184 2435 300 2454 versus
327 2426 419 2455 Ham.
445 2435 476 2464 p,
502 2423 558 2454 1²1²?
584 2425 754 2454 invenitur.
809 2424 883 2454 Vox
897 2423 958 2453 Ui>
974 2430 1121 2464 tanquam
1138 2423 1364 2464 praedicatum,
1392 2425 1481 2452 cuius
1498 2421 1674 2451 subiectum
1689 2419 1796 2449 verbis
1815 2416 1904 2451 eam-5
1924 2419 1964 2465 Ol

183 2495 245 2519 etc.
273 2490 462 2530 continetur,
489 2490 706 2519 accusativum
735 2488 913 2519 obtinuisse
938 2487 1067 2518 videtur
1093 2487 1130 2517 ob
1159 2487 1292 2516 verbum
1319 2483 1384 2530 ok(
1412 2485 1575 2514 omissum.
1628 2482 1744 2512 Verbis
1762 2479 1840 2525 judi
1867 2478 1911 2511 3²³)
1939 2482 1963 2511 l..

184 2553 391 2591 proverbialis
418 2552 563 2592 loquendi
591 2552 704 2582 modus
732 2551 922 2591 continetur3
972 2551 1027 2581 Sic
1052 2549 1135 2589 apud
1162 2548 1257 2578 Meid.
1275 2547 1332 2585 23,
1348 2546 1429 2577 331.
1460 2546 1615 2586 legimus:
1644 2539 1843 2574 ωὸἶίῑοῶὸ
1857 2542 1961 2582 ,3.ιόἷῖ

185 2613 292 2656 tia-Udi?
311 2613 393 2661 ,55⁴2ss
423 2618 517 2648 »Non
544 2616 656 2646 faciam
681 2615 723 2654 id,
750 2613 896 2654 quamdiu
921 2611 1078 2644 dorcades
1105 2610 1222 2642 caudas
1250 2613 1397 2640 movent«
1438 2613 1470 2638 et
1501 2607 1543 2637 ibi
1575 2606 1657 2635 alter
1689 2606 1816 2647 legendi
1844 2606 1955 2637 modus
