2155 2892
915 182 1186 214 -701-

153 281 344 313 desiderium
378 292 472 313 sunm
514 282 640 313 omnino
677 282 888 322 explevisset.
949 282 1030 313 Voci
1065 280 1147 326 2353
1179 281 1261 312 alter
1295 283 1422 323 legendi
1456 283 1568 314 modus
1602 283 1686 329 ’ἠὺ-ἐ
1728 285 1946 325 »experientia

153 345 290 376 edocta«
323 348 353 376 in
378 346 514 375 Tebrisii
541 344 653 376 codice
680 345 918 386 superscriptus
947 351 1008 377 est.

151 444 183 471 2.
230 442 318 479 Quae
337 453 419 480 pone
440 443 541 472 retum
563 445 689 480 occiput
707 443 816 481 fricat,
836 454 934 482 quae,
960 454 1055 483 quum
1077 444 1187 472 donnes
1209 445 1344 474 utensile
1366 446 1532 477 desiderat,
1557 448 1672 475 insmm
1694 450 1751 475 eat.

253 513 286 542 ln
314 513 418 552 priore
445 518 536 552 parte
563 522 632 543 enm
662 518 810 552 tanquam
838 513 1026 544 immundam
1055 512 1224 552 describit,
1252 518 1284 545 ut
1321 520 1416 554 caput.
1449 515 1516 546 eius
1545 515 1698 554 pediculis
1725 516 1852 556 plenum
1879 517 1942 551 sit:

152 576 181 604 in
211 576 389 615 posteriore
417 580 521 605 autem
550 580 696 615 tanquam
723 585 827 605 rerum
855 574 980 605 avidam
1009 584 1214 615 avarumque.

151 647 184 676 3.
228 647 367 677 Pedibus
389 649 458 676 suis
482 647 622 676 liberalis
643 650 692 676 est
712 650 743 676 et
763 647 813 676 lac
834 657 927 677 suum
952 648 1117 676 abundans
1138 651 1266 676 recusat
1286 651 1317 677 et
1337 650 1367 678 εἰ
1389 659 1476 678 amor·
1498 659 1541 678 ea·
1563 659 1600 679 ea
1622 652 1755 686 petitur,
1778 654 1900 687 qmmr't.

248 717 348 747 Priori
376 717 454 755 parti
483 726 598 746 versus
626 726 756 747 sensum
785 717 910 757 tribuo,
948 726 1018 746 eam
1058 716 1221 747 liberalem
1251 726 1312 747 non
1344 727 1446 758 esse;
1474 717 1556 756 sed,
1597 721 1626 748 si
1654 718 1809 749 beneficia
1836 729 1876 749 ex
1904 730 1940 750 ea

153 783 291 819 petatur,
320 788 388 808 eam
418 779 567 808 celeriter
597 778 695 819 abire,
723 784 755 809 ut
776 778 908 818 pedibus
926 778 1004 809 lianc
1030 778 1069 808 ob
1097 788 1228 808 causam
1249 779 1470 810 liberalitatem
1496 786 1591 819 poeta
1621 781 1776 811 tribuerit.
1807 782 1944 827 Voces>

149 847 257 873 autem
282 841 331 871 lac
361 841 553 871 camelorum
579 841 742 871 abundans
769 842 830 871 hoc
857 841 887 870 in
916 850 1015 871 versu
1043 840 1215 881 significari
1243 847 1342 882 puto,
1376 848 1411 874 ut
1438 843 1555 874 femina
1582 854 1653 874 cum
1679 845 1825 886 camelo,
1862 855 1944 885 quae

148 906 341 947 mulgentem
371 904 502 944 pedibus
521 905 690 944 percutiat,
709 908 892 942 comparata
915 903 968 933 sit.
997 903 1107 934 Verba
1133 904 1172 934 ad
1192 905 1304 935 coitum
1325 911 1470 946 spectare
1487 907 1541 936 vix
1558 908 1750 946 putaverim,
1772 908 1888 947 quippe
1915 907 1944 937 in

148 968 328 1008 posteriore
356 973 446 1007 parte
474 966 513 996 de
540 975 660 1006 amore,
677 975 765 1005 quem
792 965 940 1007 deneget,
956 975 1063 997 sermo
1092 967 1145 1008 sit,
1166 977 1237 997 nam
1256 967 1338 997 inter
1357 977 1494 998 amorem
1521 973 1554 999 et
1574 969 1687 999 coitum
1703 955 1763 998 lioc
1790 969 1820 998 in
1840 979 1938 1000 versu

148 1030 316 1061 discrimen
343 1039 362 1060 a
389 1034 485 1070 poeta
509 1028 624 1059 factum
651 1036 739 1069 esse,
758 1037 819 1058 non
848 1032 910 1067 est,
927 1028 1012 1069 quod
1039 1032 1190 1061 statuam,
1225 1030 1274 1060 Ea
1301 1039 1372 1060 cum
1390 1030 1470 1060 irato
1496 1040 1574 1061 cane
1603 1036 1786 1070 comparata
1802 1031 1940 1061 videtur.

982 1099 1092 1132 Vn.

916 1166 964 1198 l)
989 1164 1005 1198 Ι
1030 1174 1059 1198 x
1084 1166 1098 1199 Ι
1123 1167 1156 1199 1.

145 1238 175 1266 1.
220 1237 338 1266 Asmae
356 1237 457 1274 facies
477 1238 525 1264 est
548 1244 627 1276 nor-a
649 1235 858 1274 deformitatis
881 1236 1016 1271 species,
1047 1238 1082 1263 nt
1102 1235 1272 1272 cupiditate
1304 1237 1405 1264 coitus
1428 1245 1498 1264 cum
1521 1235 1658 1273 qualibet
1679 1237 1773 1264 asim?
1797 1236 1937 1272 implear.

145 1292 176 1320 2.
221 1290 381 1328 Adposui!
407 1286 552 1330 (facies)
580 1293 611 1318 et
634 1299 714 1327 pars
742 1291 826 1326 tynis
848 1290 967 1328 inferni
994 1289 1074 1317 milu'
1099 1290 1256 1326 adparuit.
1291 1289 1367 1318 Tum
1389 1291 1529 1323 surrexi,
1554 1299 1627 1318 nam
1650 1292 1753 1327 iqnem
1777 1291 1937 1327 bisernum

847 1342 984 1372 tolerare
1005 1352 1069 1371 non
1087 1353 1228 1380 possum.

240 1413 404 1442 Summam
432 1412 663 1443 deformitatem
691 1412 720 1442 ei
760 1412 932 1450 adscribit,
968 1417 1003 1443 ut
1038 1412 1129 1443 asina
1165 1412 1320 1452 pulchrior
1351 1412 1404 1442 sit.
1456 1411 1586 1443 Faciem
1620 1417 1727 1442 autern
1763 1413 1833 1442 eius
1869 1422 1938 1443 euni

143 1475 218 1516 igne
245 1474 380 1515 inferno,
408 1484 502 1514 quem
529 1484 622 1505 nemo
650 1474 786 1506 tolerare
814 1480 935 1515 potest,
963 1479 1137 1515 comparat.
1175 1475 1297 1505 Vocem
1323 1476 1386 1502 ὶϋι...
1414 1478 1477 1505 tam
1504 1474 1608 1504 vocali
1623 1474 1725 1504 Kesra
1753 1470 1936 1510 (ll-812.)

141 1547 234 1578 quam
262 1538 368 1568 vocali
395 1537 549 1568 Dhamma
575 1538 769 1577 pronuntiari
795 1547 917 1578 posse,
957 1536 1148 1568 scholiastes
1183 1536 1360 1566 adnotavit.
1419 1536 1526 1566 Verba
1555 1538 1640 1580 0⁸0·st
1668 1525 1821 1573 ssssslff
1847 1535 1870 1571 Α,
1898 1536 1936 1576 la>

143 1600 352 1640 proverbialis
380 1599 527 1640 loquendi
553 1599 666 1629 modus
694 1604 767 1630 sunt
786 1599 965 1630 recentiore
994 1604 1137 1639 tempore
1165 1604 1255 1628 ortus
1283 1607 1298 1628 c
1314 1607 1360 1626 on
1376 1597 1395 1626 f.
1413 1596 1512 1626 Meid.
1527 1597 1564 1626 T.
1581 1597 1623 1625 111
1638 1596 1673 1626 P.
1688 1597 1717 1626 1.
1732 1597 1812 1626 Nro.
1830 1596 1935 1627 3310.

142 1673 176 1702 3.
220 1672 265 1701 Et
286 1674 389 1701 socios
409 1681 502 1706 meos,
528 1673 584 1710 qui
605 1674 885 1707 retromanserant,
906 1671 1023 1710 reliqui
1042 1681 1113 1700 cum
1136 1671 1309 1708 ignominia
1330 1672 1361 1697 et
1383 1669 1477 1705 longa
1499 1669 1625 1703 vilitate,
1650 1678 1743 1707 quam
1767 1669 1899 1697 coluisti.

237 1741 441 1772 Scholiastes
476 1744 605 1782 gentem
632 1742 664 1770 in
700 1739 780 1771 duas
807 1745 918 1780 partes
945 1740 1080 1781 dividit,
1116 1749 1208 1769 unam
1244 1738 1500 1778 proficiscentem
1535 1747 1606 1768 cum
1644 1743 1765 1777 poeta,
1800 1738 1933 1768 alteram

140 1809 408 1835 retromanentem
445 1813 513 1834 cum
551 1812 665 1835 uxore.
716 1800 1011 1835 Retromanentinm
1047 1809 1168 1835 statum
1205 1802 1395 1843 ignominiae
1431 1807 1463 1830 et
1490 1800 1657 1831 diuturnae
1692 1801 1827 1830 vilitatis
1857 1810 1933 1830 esse

139 1866 225 1897 dicit.
280 1865 396 1896 verbis
424 1864 515 1897 υἱ...
543 1862 586 1901 [ρ
621 1873 709 1894 cum
745 1874 791 1895 eo
827 1866 938 1904 quod
966 1866 1160 1896 voluisti
1200 1868 1288 1905 (nam
1322 1865 1369 1894 sic
1404 1864 1434 1893 in
1460 1864 1618 1894 Mersukii
1654 1873 1778 1903 quoque
1819 1864 1932 1895 codice

138 1928 273 1969 legitur)
301 1937 397 1958 uuum
425 1936 560 1966 eorum,
587 1928 640 1965 qui
666 1926 945 1970 retromanebant7
981 1930 1141 1969 respicere
1170 1928 1304 1959 videtur.
1362 1926 1424 1966 Qui
1453 1938 1548 1968 quum
1576 1932 1792 1958 retromanere
1819 1929 1929 1969 vellet,

139 1995 256 2031 poetae
283 1991 487 2032 ignominiam
514 1994 575 2020 etc.
603 1990 749 2020 voluisse
774 1991 953 2022 videbatur.

139 2064 170 2092 4.
214 2062 286 2100 Ego
308 2065 411 2092 autem
432 2066 505 2091 aute
526 2071 594 2091 eam
619 2062 777 2091 nescibam
790 2085 798 2099 ‚
818 2064 852 2092 in
870 2065 1000 2102 feminis
1021 2065 1123 2100 iynem
1147 2063 1307 2101 infernum
1328 2072 1408 2099 esse,
1431 2072 1520 2101 quem
1540 2062 1647 2099 palum
1671 2062 1810 2091 videbam
1829 2066 1859 2091 et
1879 2067 1936 2101 qui

930 2127 979 2147 me
1004 2118 1133 2146 vtdebat.

238 2185 340 2216 Vocis
367 2180 453 2213 uvidi
481 2184 607 2215 Hamza
644 2185 734 2215 metri
762 2185 861 2216 causa
895 2185 1019 2217 abiecta
1057 2191 1118 2217 est.
1174 2186 1257 2217 Voci
1284 2186 1390 2225 „3
1431 2192 1467 2217 ut
1506 2186 1580 2216 voci
1603 2196 1700 2226 fif>
1741 2189 1771 2216 et
1804 2187 1873 2216 voci
1898 2183 1931 2230 1¹⁶

137 2247 276 2278 feminini
303 2256 408 2288 genus
435 2252 497 2278 est.
549 2247 618 2289 lgni
643 2247 788 2290 inferno,
815 2257 908 2289 quum
934 2249 964 2280 in
998 2250 1109 2280 uxoris
1145 2258 1284 2288 persona
1317 2259 1389 2281 eum
1426 2249 1558 2286 videat,
1593 2253 1739 2288 tanquam
1774 2257 1931 2288 personae

137 2309 264 2341 videndi
291 2309 475 2340 facultatem
503 2309 569 2342 dat.

963 2358 1100 2393 vlu.

877 2413 1022 2448 Alius
1045 2413 1177 2448 dixit.

136 2477 164 2506 1.
212 2477 264 2508 Ne
278 2476 413 2507 vetulam
435 2479 468 2507 in
480 2479 712 2510 matrimonium
724 2480 833 2518 ducas,
857 2492 955 2521 quum
979 2484 1022 2512 ad
1041 2486 1070 2512 te
1093 2483 1280 2519 adduntur,-
1303 2482 1360 2511 εει]
1381 2485 1481 2511 testes
1503 2485 1575 2511 tuas
1595 2486 1724 2519 propter
1746 2492 1812 2510 cum
1835 2492 1927 2513 esne,

834 2536 908 2565 dum
929 2536 1094 2575 diliyettter
1111 2537 1225 2576 sugis!

236 2599 363 2633 Versus
390 2600 439 2632 hic
479 2601 511 2632 in
535 2601 827 2636 Ebu-chamani
862 2613 961 2647 opere
986 2607 1069 2639 Nro.
1099 2606 1169 2639 780
1196 2607 1314 2638 citatus
1352 2611 1412 2638 est.
1468 2606 1595 2637 Verba:
1637 2610 1793 2635 vestes
1830 2611 1932 2636 tuas
