2155 2892
933 134 975 140 -
1030 116 1075 147 34
1129 134 1172 140 .-

173 224 277 250 terrae
304 218 411 250 tumuli
445 221 574 258 essent,
613 217 726 257 quibus
760 216 880 257 lapides
907 217 1139 256 imponerentur
1175 217 1282 247 conf.
1310 217 1472 247 Hamas.
1501 220 1530 247 v‘t
1560 218 1579 248 1.
1611 218 1663 248 11.
1693 220 1784 261 infn,
1821 225 1856 250 ut
1881 230 1944 261 quo

174 282 269 312 maior
295 281 445 318 altiorque
471 279 499 308 is
526 279 665 310 tumulus
692 283 803 320 esset,
835 288 872 308 eo
899 278 1029 308 nobilior
1055 279 1222 318 sepultus,
1258 280 1416 319 posterior
1443 280 1632 321 significatio
1659 281 1866 320 praeferenda
1892 283 1945 312 vi-

175 342 275 372 detur.
302 342 336 371 In
354 341 462 371 verbis
486 339 548 380 ,525
572 338 624 370 &Ui
653 339 731 378 tang-:i
758 340 916 370 obiectum
943 340 1042 370 verbo
1069 342 1283 380 antepositum
1308 346 1370 379 est,
1397 347 1429 371 ut
1458 342 1590 372 audiens
1617 343 1647 372 in
1673 342 1753 373 hanc
1777 354 1946 383 personam

174 405 344 446 praecipue
382 404 516 435 animum
551 404 719 442 advertat;
758 408 832 433 ante
857 413 970 433 vocem
1005 397 1096 443 25&st
1125 407 1229 434 autem
1257 409 1312 434 aut
1338 402 1434 447 ὼῷ-ῥῖ
1463 406 1549 445 (vir)
1576 410 1629 436 aut·
1655 402 1741 442 :agli
1769 404 1946 445 (mortuus)

175 467 372 507 supplendus
398 472 460 505 est,
487 476 616 506 quacum
646 475 726 496 voce
753 471 900 505 tanquam
926 465 1083 504 appositio
1111 474 1176 495 vox
1202 467 1278 502 &2223
1304 467 1511 506 coniungatur
1536 477 1674 497 necesse
1701 471 1761 498 est.

174 570 207 599 3.
229 569 276 598 Et
297 568 595 605 Alzbd-Jaqutsum,
621 569 739 596 cir-cnm
761 576 851 605 quem
873 576 945 594 aves
966 566 1132 595 subsultim
1155 567 1306 595 incedunt
1326 571 1357 595 et
1377 572 1492 604 mayna
1514 572 1562 596 est
1582 568 1747 597 calamitas
1768 569 1948 606 sepulcrum

805 630 903 649 rmum
929 621 1014 657 «pred
1034 619 1168 649 alterum
1188 622 1311 650 elatum.

271 692 305 721 Iu
335 691 549 721 enumerandis
576 692 706 720 mortuis
735 699 874 730 pergens
902 689 987 728 dicit,
1014 698 1161 730 magnam
1181 700 1256 720 esse
1272 691 1485 720 calamitatem
1498 691 1671 722 habendam
1688 692 1829 731 pluribus
1847 696 1948 721 morte

171 740 304 794 privari.
331 754 422 783 Hunc
441 757 544 782 autem
558 752 846 791 Ahbd-Jagutsum
866 751 960 783 talem
991 750 1154 791 describit7
1184 753 1237 791 qui
1264 752 1442 791 insepultus
1469 752 1498 781 in
1525 752 1653 782 deserto
1671 755 1788 793 iaceat,
1816 758 1850 782 ut
1869 763 1949 783 aves

176 824 309 855 rapaces
336 825 372 845 eo
398 818 580 844 vescantur.
632 814 766 843 Nomina
794 814 931 843 virorum
959 818 1032 842 ante
1059 813 1284 844 Mohammedis
1313 818 1439 854 tempus
1466 814 1504 844 ab
1531 815 1622 844 idolis
1642 815 1786 846 derivata
1813 815 1950 846 dlximus

178 877 279 916 (conf.
296 878 388 909 Ham.
401 878 455 906 P'vv
473 875 577 905 adnot.
593 876 662 914 m.).
691 875 749 904 Vir
776 875 814 904 ah
840 874 922 904 idolo
935 875 1067 916 JagutS,
1097 877 1179 916 quod
1195 887 1275 918 gens
1289 877 1449 917 Medshidj
1478 883 1511 907 et
1540 878 1621 907 aliae
1648 883 1761 917 gentes
1777 878 1951 908 Jemanen-

177 949 232 969 ses
260 938 414 979 colebant,
440 947 554 967 nomen
581 937 703 975 accepit
732 936 836 966 conf.
864 936 937 966 Sur.
967 937 1024 978 71,
1054 937 1110 971 23.
1139 944 1170 969 et
1194 944 1358 969 comment.
1386 944 1419 969 et
1445 940 1554 969 Kam.
1590 939 1690 969 Poeta
1721 939 1841 980 diceus,
1871 950 1952 970 aves

178 1002 293 1032 circum
320 1001 418 1031 occisi
446 1009 562 1040 corpus
590 1000 759 1030 subsultim
777 1005 924 1040 tanquam
951 1001 1155 1041 compedibus
1183 1002 1307 1032 vinctas
1335 1002 1494 1040 incedere,
1518 1001 1646 1043 indicat,
1673 1011 1753 1031 aves
1772 1002 1841 1032 illas
1859 1011 1952 1032 carne

183 1064 280 1094 occisi
307 1063 349 1092 ita
377 1062 511 1093 satiatas
537 1067 569 1092 et
597 1066 750 1103 gravatas
781 1072 868 1102 esse,
895 1066 927 1093 ut
955 1063 1085 1093 avolare
1113 1072 1174 1092 non
1203 1063 1330 1093 valeant
1357 1068 1389 1093 et
1417 1063 1535 1093 frustra
1561 1064 1591 1093 in
1619 1073 1723 1096 aerem
1750 1073 1787 1093 se
1806 1063 1953 1094 attollere

177 1130 302 1156 tentent
327 1125 447 1165 (conf.
475 1135 505 1165 p.
526 1127 581 1155 &Ao
608 1135 640 1155 v.
669 1126 731 1165 8.).
784 1126 891 1157 Verba
922 1128 1013 1167 abiu,
1037 1128 1122 1164 “xe-¹²>
1150 1130 1203 1155 aut
1233 1134 1303 1155 cum
1329 1135 1413 1156 voce
1440 1119 1532 1165 453AE
1560 1125 1710 1166 coniungi
1737 1130 1871 1165 possunt
1897 1131 1954 1157 aut

179 1199 295 1220 novam
324 1188 452 1228 phrasin
480 1188 580 1227 (conf.
609 1187 720 1220 Gram.
748 1189 804 1218 Ar.
832 1189 869 1218 T.
893 1189 930 1217 ΙΙ.
961 1197 992 1227 p.
1021 1186 1140 1228 294),
1169 1195 1266 1217 sensu
1293 1191 1398 1217 tamen
1425 1197 1494 1217 cum
1521 1187 1730 1217 antecedente
1756 1187 1955 1218 coniunctam

182 1246 252 1291 (p-
275 1244 402 1290 38¹.)
432 1250 586 1290 efficiunt,
612 1251 701 1290 quasi
729 1250 860 1281 dixerit:
889 1249 1041 1288 Quisnam
1067 1258 1174 1279 eorum
1201 1259 1219 1280 a
1246 1260 1296 1280 me
1323 1250 1533 1290 deplorandus
1561 1256 1623 1292 est,
1651 1251 1733 1282 multi
1759 1251 1840 1281 enim
1859 1249 1955 1282 sunt?

178 1298 211 1346 ln
240 1315 425 1356 explicando
452 1320 559 1345 autem
585 1314 761 1355 posteriore
789 1322 908 1343 versus
934 1311 1132 1342 hemistichio
1161 1313 1243 1343 varii
1269 1318 1302 1344 et
1331 1313 1458 1355 legendi
1493 1318 1525 1344 et
1551 1314 1727 1353 explicandi
1754 1313 1836 1344 modi
1862 1314 1955 1344 inve-

179 1378 313 1427 niuntur.
367 1376 448 1407 Voci
475 1373 578 1414 gal-tali
606 1380 661 1406 aut
687 1375 900 1405 nominativus
928 1379 982 1405 aut
1011 1375 1219 1406 accusativus
1246 1376 1401 1409 tribuitur.
1451 1376 1488 1407 Si
1518 1379 1591 1407 voci
1618 1386 1713 1407 casus
1745 1376 1956 1406 nominativus

179 1446 250 1481 est,
287 1440 358 1470 voci
385 1435 481 1477 syba)-
517 1438 629 1469 eadem
654 1438 866 1479 significatio,
904 1448 996 1479 quam
1023 1440 1096 1470 voci
1122 1449 1224 1468 mma
1250 1434 1445 1480 (calamitas)
1474 1439 1643 1477 convenit,
1681 1441 1752 1468 voci
1777 1438 1850 1468 huic
1874 1448 1957 1469 voce

169 1503 246 1543 72>
277 1503 347 1532 loco
382 1500 588 1541 appositioniS
623 1500 748 1540 addita,
788 1493 858 1530 dum
887 1500 1043 1530 obiectum
1077 1500 1165 1530 verbi
1186 1511 1228 1548 j*
1255 1510 1321 1530 vox
1338 1497 1449 1544 Jews
1476 1501 1625 1531 omissum
1653 1506 1702 1531 est
1728 1501 1747 1530 i.
1773 1511 1802 1532 e.
1830 1506 1957 1540 poetam

181 1564 316 1605 malum,
347 1575 460 1605 nempe
492 1564 671 1604 sepulcrum
700 1574 792 1594 unum
821 1563 906 1603 apud
929 1564 1063 1594 alterum
1091 1563 1207 1593 elatum
1234 1562 1421 1603 adflixisse3
1449 1563 1498 1593 sin
1527 1573 1605 1593 vero
1631 1564 1702 1593 voci
1729 1560 1830 1599 affixi-[t
1861 1572 1957 1593 casus

168 1618 384 1658 ‘accusativus
421 1628 590 1668 tribuitur3
628 1627 726 1658 verbo
746 1638 790 1674 βε
816 1627 1008 1657 vincendi
1034 1626 1229 1667 significatio
1261 1635 1403 1666 congrua
1429 1630 1482 1656 est
1508 1628 1528 1656 i.
1556 1636 1583 1655 e.
1612 1627 1724 1656 malum
1752 1626 1872 1665 (prius)
1900 1635 1957 1655 se-

180 1704 320 1742 pulcrum
356 1712 448 1733 unum
481 1702 564 1742 apud
601 1702 733 1732 alterum
771 1702 886 1731 elatum
920 1701 1000 1731 vicit
1035 1701 1097 1740 (sc.
1125 1700 1372 1741 magnitudine).
1425 1701 1560 1741 Legitur
1592 1710 1716 1739 quoque
1751 1698 1854 1730 „noan
1886 1712 1959 1747 ῥέε

186 1765 372 1794 »consolata
401 1770 452 1794 est
478 1764 639 1794 adflictum
666 1764 792 1803 sparsio
819 1763 955 1802 sepulcri
981 1773 1078 1802 super
1103 1763 1304 1802 sepulcrum«
1334 1765 1354 1792 i.
1374 1772 1402 1795 e.
1421 1763 1502 1792 mala
1532 1765 1692 1803 continua,
1716 1772 1843 1802 quorum
1863 1773 1956 1792 unum

181 1832 256 1867 post
284 1828 414 1857 alterum
434 1827 558 1865 accidit,
585 1826 774 1863 effecerunt,
802 1831 835 1856 ut
851 1826 989 1855 dolorem
1004 1826 1103 1854 minus
1117 1825 1248 1854 sentiret
1286 1825 1426 1854 Similem
1447 1820 1578 1855 sensum
1600 1828 1630 1855 in
1647 1835 1745 1855 versu
1765 1835 1955 1864 expressum

185 1889 363 1919 invenimus
386 1893 540 1928 sequente
567 1890 674 1927 (metr.
703 1888 866 1927 'sliawil):
906 1888 984 1917 Iam
1015 1888 1181 1927 incepit
1217 1896 1284 1916 cor
1314 1896 1439 1917 meum
1476 1888 1697 1917 absentiam
1736 1887 1957 1927 patienter

182 1950 310 1981 ferre
348 1956 390 1981 et
416 1952 553 1982 oculus
581 1960 707 1988 meus,
736 1950 823 1979 duni
850 1950 994 1979 amicus
1023 1949 1323 1989 desideratur,
1350 1949 1532 1982 dormire,
1583 1949 1648 1988 Ipsi
1676 1947 1782 1979 a'utem
1809 1949 1957 1988 sepulcro

181 2014 380 2052 sparsionem
407 2012 531 2052 tribuit,
559 2022 744 2052 quamquam
772 2017 856 2041 terra
883 2012 912 2041 in
944 2011 1121 2050 sepulcrum
1149 2010 1320 2050 spargitur.
1373 2011 1448 2040 Vox
1472 2015 1578 2040 autem
1598 2011 1691 2050 ῥῷ,
1719 2019 1799 2049 quae
1826 2011 1855 2039 in
1883 2015 1957 2039 tex·

185 2078 247 2105 tum
278 2078 406 2112 recepta
437 2079 498 2113 est,
526 2074 710 2104 subsidendi
738 2074 1000 2116 significationem
1028 2073 1139 2113 habet3
1167 2073 1247 2102 haec
1263 2081 1341 2101 vero
1357 2081 1421 2100 vox
1437 2071 1559 2100 nonnisi
1578 2081 1635 2110 per
1654 2071 1868 2110 metaphoram
1887 2079 1956 2100 cum

183 2137 330 2176 sepulcro
358 2139 523 2166 coniuncta
550 2143 612 2177 est,
640 2140 753 2176 quippe
781 2137 959 2176 sepulcrum
987 2146 1048 2165 non
1075 2136 1246 2168 consideat.

182 2223 214 2252 4.
246 2222 385 2251 Nonnisi
403 2225 526 2259 flentem
549 2221 692 2251 zimmah
718 2223 828 2251 caedes
848 2223 928 2259 petit
948 2224 979 2250 et
999 2231 1035 2250 ea
1055 2221 1150 2249 alium
1172 2230 1237 2249 rem
1261 2229 1323 2249 non
1342 2221 1421 2256 petit
1442 2222 1472 2248 et
1491 2228 1542 2247 res
1568 2228 1587 2246 a
1610 2218 1675 2247 Deo
1698 2217 1821 2246 decreta
1843 2216 1886 2244 ad
1905 2215 1956 2244 al-

963 2278 1061 2303 teram
1087 2277 1177 2303 cellit.

282 2346 420 2377 Causam
448 2344 554 2380 addit,
591 2353 645 2374 cur
681 2348 743 2374 tam
772 2344 858 2373 multi
892 2344 976 2373 illius
1010 2344 1116 2384 gentis
1153 2344 1253 2373 occisi
1288 2343 1361 2372 sint.
1415 2342 1555 2373 Causam
1582 2350 1657 2372 esse
1683 2340 1713 2369 in
1739 2340 1959 2380 generositate

183 2410 296 2450 animi,
329 2419 389 2448 qua
416 2408 455 2438 ad
484 2407 616 2448 gloriam
643 2406 896 2446 consequendam
924 2411 956 2436 et
983 2406 1133 2436 honorem
1161 2405 1394 2436 defendendum
1421 2405 1571 2444 periculis
1603 2412 1678 2433 sese
1713 2406 1892 2442 exponant,
1923 2407 1958 2432 ut

184 2472 302 2502 caedes
329 2472 451 2501 nonnisi
477 2471 571 2500 istam
601 2475 726 2511 gentem
755 2470 894 2499 caeteris
921 2468 1078 2508 neglectis
1105 2472 1216 2506 petere
1243 2466 1414 2505 videatur;
1446 2467 1506 2506 ipsi
1532 2469 1638 2496 autem
1669 2464 1710 2493 nil
1736 2464 1796 2493 nisi
1825 2463 1956 2494 caedem

184 2536 322 2575 cupiant,
350 2536 379 2564 in
406 2545 465 2574 qua
492 2536 561 2564 sola
588 2534 689 2564 laudis
716 2533 905 2570 honorisque
933 2529 1103 2569 participes
1132 2528 1224 2570 fiant,
1250 2529 1294 2559 ita
1321 2534 1356 2558 ut
1381 2538 1464 2559 unus
1490 2528 1581 2558 alteri
1608 2528 1668 2556 Dei
1697 2527 1828 2557 decreto
1854 2526 1957 2556 desti—

183 2603 276 2628 natus
303 2597 460 2627 videatur.
512 2597 608 2626 Priori
635 2604 752 2625 versus
779 2595 860 2633 parti
887 2592 986 2622 verba
1014 2596 1128 2630 poetae
1155 2591 1265 2622 similia
1291 2596 1366 2621 sunt
1394 2589 1560 2629 (Tarafahi
1577 2588 1682 2619 Moall.
1713 2593 1803 2620 metr.
1829 2588 1955 2617 'l'hawil
