2155 2892
882 185 1148 216 —399—

138 291 272 319 sitiones
299 288 409 327 (unam
438 289 643 328 praemissam
673 289 803 318 alteram
829 287 1028 325 sequentem)
1056 282 1258 314 necessarias
1286 292 1371 321 esse,
1399 283 1479 313 idem
1506 284 1678 314 adnotavit.
1731 284 1839 314 Altera
1859 293 1915 313 se-

139 360 240 391 quens
276 351 336 381 hoc
371 352 399 380 in
431 360 529 380 versu
562 350 694 380 vocibus
731 355 758 389 3-
792 346 886 390 ι9,.ρΣΙ
924 351 998 388 αὐ,
1027 345 1203 388 praemissu
1232 351 1290 375 est.
1344 347 1454 377 Voces
1474 347 1577 391 55&
1603 353 1634 378 et
1666 350 1766 394 posu
1793 349 1915 378 nomina

139 416 298 444 actionum
325 422 413 451 esse,
442 412 525 453 quod
553 411 744 442 scholiastes
771 411 941 450 contendit,
971 416 1061 440 extra
1088 410 1213 440 dubium
1242 409 1376 447 positum
1405 418 1465 437 nou
1493 409 1631 447 videtur3
1653 410 1719 439 fieri
1747 410 1827 440 enim
1856 419 1915 450 po-

139 481 214 513 test,
237 481 269 507 ut
295 478 417 506 nomina
444 475 580 504 locorum
608 474 670 504 sint
697 476 794 512 (con
811 473 830 502 ἲ.
860 472 968 503 Gram.
998 473 1052 502 Ar.
1081 473 1118 502 T.
1146 472 1157 500 1
1186 481 1214 511 p.
1243 471 1354 509 3050.

139 574 170 602 2.
219 573 483 610 Vituperationem
512 571 548 599 ob
579 581 714 599 autorem
738 572 785 599 lui
811 571 933 600 dulcem
963 580 1033 599 esse
1062 571 1202 605 Invenio,
1235 571 1318 607 quod
1339 572 1521 598 mentionem
1545 572 1592 599 lui
1611 571 1730 608 suctum
1754 580 1838 606 amo;
1871 580 1918 599 me

763 626 857 661 iyilur
883 626 1094 660 riluperanles
1105 623 1298 660 vituperent!

250 694 352 732 Quum
384 694 452 724 aliis
483 694 671 733 vituperatio
699 693 821 734 ingrata
845 694 907 730 sit,
946 694 1022 733 sibi,
1059 693 1142 734 quod
1175 694 1204 723 in
1231 703 1268 723 ea
1296 693 1432 723 feminae
1460 698 1584 723 amatae
1612 694 1726 723 mentio
1755 692 1818 733 liat,
1848 703 1917 723 eam

141 756 266 795 placere
293 755 378 786 dicit.
407 756 544 786 Similem
573 766 703 786 sensum
731 756 760 786 in
786 761 939 794 sequente
966 755 1160 786 hemisticliio
1187 756 1379 786 scholiastes
1403 756 1523 785 invenit
1549 756 1655 794 (metr.
1670 755 1830 794 'l'hawiljz
1859 756 1919 786 De

141 827 188 848 ea
214 817 416 848 vehentes
444 819 614 849 camelis
642 819 883 860 interrogo,
914 819 981 858 qui
1009 818 1241 858 idem‚quod
1269 820 1532 859 eg0,sciunt.

138 913 171 943 3.
215 915 357 943 Inimicis
372 917 448 944 meis
467 915 579 943 similis
601 924 635 944 es
658 919 688 944 e!
707 924 763 952 290
784 924 818 943 eo
841 915 996 943 adductus
1017 924 1098 951 snm,
1123 918 1159 943 ut
1178 925 1231 944 eos
1253 924 1361 953 amem,
1382 915 1466 953 qnod
1485 916 1563 944 idem
1584 924 1627 944 ex
1649 917 1700 953 iis,
1717 915 1800 953 qrmd
1820 924 1862 944 ez·
1880 918 1918 952 te,

926 971 1004 998 milei
1029 972 1138 998 evenit.

257 1037 466 1068 Vehementis
503 1040 619 1068 amoris
654 1038 769 1068 clarius
807 1038 950 1068 indicium
985 1048 1060 1068 esse
1094 1048 1156 1068 non
1183 1042 1307 1078 potest,
1347 1047 1434 1078 quam
1461 1038 1488 1067 si
1515 1037 1584 1077 quis
1613 1038 1701 1078 ipsos
1725 1039 1843 1068 amicos
1881 1038 1919 1068 ob

143 1099 320 1140 quandam,
357 1108 437 1138 quae
473 1108 542 1128 cum
577 1098 690 1130 semina
725 1105 830 1130 amata
866 1100 1052 1141 intercedit,
1088 1099 1344 1139 similitudinem,
1377 1108 1483 1129 amore
1517 1100 1723 1139 amplectitur.
1780 1098 1919 1128 Ulterius

142 1169 253 1194 noster
278 1162 441 1203 procedit,
469 1162 700 1194 similitudinem
728 1165 810 1196 illam
838 1165 867 1194 in
895 1165 1086 1195 inimicorum
1114 1163 1228 1205 agendi
1255 1163 1374 1193 ratione
1399 1162 1528 1201 positam
1555 1162 1673 1192 dicens.
1725 1161 1919 1191 Scholiastes

143 1247 241 1268 voces
275 1236 352 1268 εἰέκ
394 1243 426 1268 et
461 1243 534 1283 μέλε
566 1239 664 1269 statui
696 1238 904 1269 describendo
942 1240 1095 1269 inservire
1131 1238 1238 1269 dicens
1271 1242 1345 1268 ante
1377 1246 1434 1267 eas
1463 1246 1576 1267 vocem
1604 1222 1683 1265 &325
1712 1235 1920 1276 supplendam

143 1301 278 1341 putavit.
330 1301 416 1331 Loco
444 1300 536 1331 vocis
563 1299 626 1345 0‘6
654 1301 683 1330 in
711 1301 869 1331 Mersukii
896 1300 1006 1331 codice
1032 1309 1097 1330 vox
1116 1299 1178 1346 jao
1206 1299 1332 1340 legitur.

142 1399 174 1428 4.
217 1398 273 1428 Me
295 1388 486 1427 contemeisti
497 1407 506 1435 ,·
529 1407 577 1425 me
597 1398 693 1435 ἱρέων
721 1400 788 1435 ipse
810 1399 976 1436 contemsi,
1010 1397 1083 1426 dum
1105 1398 1253 1426 iniuriam
1272 1397 1429 1432 patienter
1447 1395 1526 1433 sero.
1571 1393 1668 1430 Quem
1691 1397 1725 1424 tu
1746 1394 1920 1431 vilipendis,

607 1454 634 1480 ἰδ’
658 1454 690 1480 iu
712 1462 817 1481 eorum
840 1461 968 1481 1111111810
989 1460 1051 1480 non
1074 1454 1133 1488 esl,
1147 1460 1224 1489 (Illos
1246 1459 1301 1486 eyo
1324 1450 1451 1478 honoro.

242 1522 341 1552 Amor
375 1522 401 1551 si
429 1532 446 1552 e
475 1531 599 1552 summo
628 1522 798 1552 animorum
827 1530 988 1550 consensu
1017 1520 1113 1550 oritur
1142 1524 1196 1550 aut
1224 1528 1262 1549 eo
1289 1519 1401 1549 saltem
1429 1518 1536 1547 nititur
1563 1522 1595 1548 et
1622 1517 1834 1556 confirmatur,
1861 1527 1922 1548 non

143 1588 251 1624 potest
288 1593 348 1613 nou
383 1593 493 1614 amans
528 1583 609 1614 idem
644 1584 725 1623 quod
752 1588 875 1613 amatus
912 1583 1043 1620 sentire,
1071 1588 1105 1613 ut
1134 1583 1232 1612 verba
1267 1586 1381 1620 poetae
1408 1580 1519 1620 nostri,
1547 1589 1583 1609 se
1612 1579 1689 1608 alios
1717 1579 1836 1609 honore
1863 1588 1924 1608 non

143 1646 294 1682 adficere,
314 1655 391 1685 quos
421 1645 538 1676 semina
560 1650 664 1676 ainata
691 1644 876 1684 vilipendat,
904 1654 922 1675 a
948 1650 1059 1675 natura
1087 1645 1198 1675 mentis
1223 1645 1376 1674 humanae
1403 1653 1463 1673 non
1491 1643 1690 1673 abhorreant.
1721 1641 1813 1679 Quod
1842 1650 1922 1671 vero

145 1713 240 1748 poeta
269 1708 397 1748 addidit,
423 1717 460 1737 se
486 1718 523 1738 se
550 1709 652 1748 ipsum
688 1707 903 1747 vilipendere,
939 1707 1020 1746 quod
1057 1707 1169 1737 femina
1197 1710 1302 1736 amata
1330 1706 1430 1744 ipsum
1458 1704 1642 1744 vilipendat,
1670 1703 1739 1733 eius
1767 1712 1865 1733 causa
1895 1705 1924 1732 in

146 1770 284 1799 Arabum
309 1769 470 1809 cogitandi
498 1770 619 1798 ratione
645 1770 746 1808 posita
775 1774 835 1799 est.
872 1769 968 1798 Arabi
996 1770 1076 1798 enim
1103 1770 1176 1798 vilis
1204 1769 1293 1798 animi
1324 1778 1400 1797 esse
1431 1767 1567 1806 videtur,
1598 1767 1738 1796 iniuriam
1770 1766 1924 1805 patienter

144 1830 231 1861 ferre
258 1830 383 1869 (conf.
410 1830 548 1860 Meidan.
577 1832 614 1861 T.
637 1832 680 1860 111
698 1832 732 1861 P.
760 1832 781 1861 2
809 1841 838 1870 p.
872 1831 947 1861 161.
977 1830 1075 1869 inin).
1105 1830 1166 1868 Qui
1193 1832 1287 1871 igitur
1309 1831 1347 1860 ab
1374 1835 1478 1859 amata
1504 1830 1645 1859 iniuriam
1671 1830 1827 1868 patienter
1853 1827 1924 1864 sert,

149 1902 187 1922 se
213 1892 409 1932 vilipendere
437 1892 570 1922 videtur.
599 1893 631 1922 In
658 1902 742 1922 voce
768 1893 830 1939 &5⁸
859 1894 1007 1923 suffixum
1035 1896 1088 1937 fs,
1112 1893 1195 1931 quod
1221 1893 1259 1922 ad
1285 1902 1398 1923 vocem
1425 1906 1467 1929 0-
1493 1891 1657 1930 reseratur,
1687 1892 1838 1921 omissum
1868 1895 1925 1923 est.

974 2020 1100 2053 cxl.

887 2098 1029 2132 Alius
1051 2096 1188 2132 dixit.
1692 2095 1760 2140 (p.
1783 2096 1926 2140 603.)

150 2181 177 2209 1.
222 2180 342 2209 Mirum
364 2188 425 2207 non
447 2183 504 2218 eal,
527 2181 591 2209 υἱεῖ
612 2182 695 2219 quod
713 2180 855 2211 Solimus
878 2184 1012 2219 nuntiat,
1031 2180 1114 2218 filios
1133 2180 1254 2217 podicis
1275 2180 1343 2208 eius
1366 2180 1553 2215 sanquinem
1575 2187 1675 2206 meum
1698 2179 1825 2206 vovisse.

224 2249 338 2278 Mirum
353 2258 429 2278 esse
445 2247 532 2286 dicit,
550 2251 635 2280 viros
651 2250 821 2290 despectos
838 2251 944 2292 gentis
961 2250 1044 2280 illius
1069 2248 1256 2289 sanguinem
1271 2257 1363 2277 suum
1378 2247 1522 2276 vovisse.
1540 2247 1637 2277 Vocis
1647 2248 1701 2289 >5³²
1715 2246 1926 2284 praedicatum

148 2312 298 2342 omissum
324 2315 387 2351 est,
415 2315 449 2340 ut
476 2319 541 2340 vox
566 2316 676 2352 εἶ’-,ἦγ’
702 2316 755 2342 aut
781 2313 891 2342 similis
918 2312 1114 2351 suppleatur.
1143 2310 1252 2340 Voces
1275 2310 1349 2355 5153..
1377 2307 1400 2338 L·
1427 2308 1636 2348 adpositionis
1663 2309 1732 2338 loco
1762 2308 1927 2337 verborum

144 2378 198 2419 ,Σὲ
219 2372 243 2403 ὃ
271 2378 354 2404 suut.
408 2374 515 2403 Voces
549 2370 596 2417 ot!
626 2379 688 2404 etc.
728 2376 816 2405 verbi
839 2376 914 2419 5³3·-
939 2375 1096 2405 obiectum
1122 2377 1207 2403 sunt.
1260 2372 1454 2413 Ignominiae
1482 2379 1578 2400 causa
1605 2371 1691 2398 viros
1714 2369 1796 2397 illius
1823 2369 1927 2408 gentis

148 2436 231 2466 filios
260 2433 405 2475 podicum
435 2435 616 2475 appellavit,
644 2441 678 2466 ut
704 2436 786 2466 viles
814 2436 1007 2477 designaret.
1072 2436 1232 2467 Suffixum
1259 2437 1289 2466 in
1316 2446 1396 2466 voce
1425 2432 1543 2474 wisa-l
1570 2432 1693 2462 nonnisi
1719 2430 1759 2461 ad
1786 2436 1927 2472 gentem,

151 2502 295 2538 tanquam
322 2502 454 2527 matrem
481 2497 618 2527 virorum
646 2496 755 2526 referri
785 2503 902 2537 potest.

151 2595 183 2624 2.
227 2595 300 2624 Non
322 2599 424 2624 aulem
446 2599 557 2625 contra
579 2605 631 2624 eos
655 2597 771 2624 crr'men
796 2598 942 2631 commisi,
967 2598 1032 2626 nisi
1053 2597 1136 2635 quod
1156 2597 1242 2624 dixi:
1275 2595 1300 2625 0
1322 2592 1438 2627 Surlm,
1462 2591 1551 2620 salva
1573 2590 1644 2620 sie!

250 2662 388 2694 Causam
414 2664 564 2705 mirandi,
600 2663 682 2704 quod
720 2664 821 2704 ipsum
846 2670 1090 2706 persequantur,
1117 2664 1256 2704 exponit.
1309 2663 1354 2693 Se
1381 2661 1423 2691 nil
1447 2659 1529 2691 aliud
1558 2658 1687 2699 fecisse,
1714 2659 1773 2690 nisi
1799 2660 1930 2690 salutem

1495 2723 1537 2753 51
