2155 2892
891 150 1156 180 -598-

129 247 164 277 6.
206 246 422 283 Inlelh'yenles
444 256 460 274 e
483 246 571 273 nohis
591 247 739 282 firmetate
760 249 881 274 nzonles
903 250 1042 284 aequant
1063 250 1094 275 el
1115 249 1329 284 imprudentes
1351 259 1367 277 e
1389 250 1477 278 nobis
1501 253 1715 288 imprudentes
1736 261 1897 291 superant.

228 313 361 344 Gentem
389 323 480 343 suam
509 313 627 344 laudat.
680 315 793 345 Totam
823 320 949 356 gentem
978 316 1006 345 in
1035 316 1114 346 duas
1145 321 1253 355 partes
1282 318 1498 359 intelligentes
1528 326 1557 349 et
1588 322 1775 360 ignorantes
1795 323 1916 356 dividit.

127 377 382 417 Intelligentibus
416 378 610 417 gravitatem
650 382 682 407 et
714 378 925 408 constantiam
966 380 1073 409 tribuit
1102 383 1132 409 et
1165 380 1222 409 hac
1250 382 1280 409 in
1308 390 1340 410 re
1370 392 1425 411 eos
1455 392 1525 411 eum
1554 384 1710 413 montibus
1742 391 1917 424 comparat,

125 440 176 479 qui
205 441 274 469 loco
301 439 381 469 haud
418 444 596 473 moventur.
652 441 790 471 Similem
819 441 1018 480 comparandi
1047 441 1173 471 modum
1202 442 1293 471 Ham.
1330 453 1358 481 p.
1388 446 1437 472 r‘w
1467 453 1497 472 v.
1535 445 1565 473 2.
1603 446 1794 474 invenimus.
1860 446 1917 476 Vir

125 511 251 541 quoque
275 511 408 543 magnus
430 512 500 532 eum
520 508 627 532 monte
644 508 847 543 comparatus
864 508 914 532 est
934 504 1024 532 [iarn.
1042 503 1091 532 fffl
1117 504 1178 533 1.7.
1209 503 1365 534 Gravitas
1394 509 1492 535 autem
1523 506 1576 543 rei,
1592 515 1672 544 quae
1692 516 1760 536 curn
1777 507 1918 545 pondere

123 564 289 594 coniuncta
317 566 368 603 sit,
387 564 502 605 effecit,
528 569 561 595 ut
583 570 678 604 poeta
705 566 735 595 in
761 567 996 605 comparatione
1024 567 1123 596 verbo
1150 579 1210 613 Ο),
1241 572 1393 596 uteretur⁴
1449 569 1521 598 Vox
1550 579 1671 608 quoque
1698 571 1727 599 in
1748 570 1916 609 prudentia

121 626 309 665 adhibetur3
338 627 453 656 dicitur
485 628 581 657 enim:
608 626 700 673 055„
731 627 821 678 5>ss
842 631 890 668 ,99
923 629 970 656 »is
1000 627 1103 666 magni
1131 627 1251 657 consilii
1280 632 1362 656 estc«
1413 629 1445 657 ln
1475 632 1653 667 posteriore
1683 641 1797 660 versus
1827 638 1916 671 parte

120 688 253 717 verbum
281 694 356 735 ‘’⁸³9³“
384 698 444 717 non
473 689 515 718 ita
545 689 816 727 interpretandum
846 689 1033 728 putaverim,
1054 690 1145 726 quasi
1173 689 1357 729 ignorantes
1387 696 1586 721 caeterarum
1607 694 1747 733 gentium
1763 694 1916 734 ignoran-

121 753 171 779 tes
210 759 339 779 numero
376 751 519 787 vincant,
555 751 613 780 sed
648 752 809 791 generalis
848 751 1015 789 superandi
1056 756 1087 780 et
1122 752 1268 781 vincendi
1307 752 1496 792 significatio
1533 754 1629 782 verbo
1657 755 1821 785 tribuenda
1856 761 1913 785 est.

119 811 320 841 Scholiastes
352 813 464 850 prioris
494 822 607 842 versus
637 814 788 842 rationem
816 813 937 842 habens
966 813 1058 842 huius
1087 823 1205 842 versus
1230 824 1358 844 sensum
1388 825 1463 844 esse
1492 816 1616 854 statuit,
1646 816 1824 857 imberbes,
1862 819 1913 856 qui

119 873 190 902 belli
217 874 445 912 experientiam
475 884 535 903 non
562 874 711 914 habeant,
739 874 869 904 aliarum
899 875 1039 915 gentium
1070 875 1148 904 viris
1177 876 1376 914 experientia
1404 876 1528 906 edoctis
1553 877 1707 916 aequales
1735 887 1819 908 esse.
1848 879 1914 909 Sed

122 934 205 964 hune
233 944 359 964 versum
387 944 458 964 cum
486 936 592 974 priore
620 945 720 966 sensu
749 936 932 975 cohaerere,
961 943 1054 967 extra
1081 938 1208 967 dubium
1238 938 1378 977 positum
1406 948 1465 967 non
1495 937 1633 967 videtur.

911 1033 1131 1067 vanff.

730 1098 844 1140 ljas
869 1099 909 1131 b.
930 1099 1129 1133 Atat-att
1153 1100 1289 1133 «lixit.

119 1166 147 1195 1.
192 1166 256 1202 Qui
277 1168 319 1196 nd
339 1177 388 1196 me
410 1168 550 1206 beneficii
570 1168 669 1196 causti
692 1169 855 1201 accedant,
881 1169 921 1196 iis
944 1169 1028 1196 dico:
1054 1170 1142 1197 Bene
1158 1171 1289 1198 reuislis
1312 1172 1342 1197 el
1364 1170 1663 1208 e12q111'benefic1'um
1687 1173 1779 1207 νομαί
1790 1166 1915 1210 [ἄϊε-ο).-

855 1225 888 1250 lu
917 1222 950 1249 id
971 1222 1174 1260 assequeris!

213 1290 305 1320 Duae
333 1300 385 1320 res
414 1291 473 1321 hoc
501 1291 531 1320 in
557 1300 658 1321 versu
682 1291 932 1331 distinguendae
955 1295 1042 1331 sunt,
1056 1301 1186 1330 quarum
1214 1301 1275 1321 una
1302 1294 1363 1331 est,
1379 1296 1509 1331 apoeta
1536 1294 1694 1330 petentem
1710 1285 1774 1329 (ι).
1790 1286 1914 1326 ³236)

113 1351 202 1382 hilari
229 1354 321 1383 vultu
349 1358 381 1383 et
409 1354 539 1383 comiter
577 1354 701 1394 excipi,
740 1354 842 1384 altera
878 1355 917 1384 ab
957 1364 995 1384 eo
1030 1355 1151 1394 petenti
1188 1363 1270 1394 rem,
1312 1363 1404 1393 quam
1445 1353 1631 1394 desideret,
1658 1353 1801 1384 concedi.
1866 1354 1914 1383 De

113 1423 194 1445 voce
224 1413 317 1460 &050
347 1416 494 1446 conferas
523 1417 617 1449 Ham.
645 1416 689 1446 f‘i‘i
718 1426 806 1457 supr.

113 1514 133 1532 ⁹
188 1514 259 1551 Eyo
282 1524 324 1543 ez·
347 1525 451 1543 eorum
476 1524 605 1543 numero
628 1524 708 1551 suni,
734 1517 788 1554 qui
809 1525 880 1544 cum
912 1517 1002 1544 donis
1024 1525 1152 1544 numum
1181 1515 1372 1550 extendunt,
1402 1514 1526 1552 quando
1554 1521 1668 1541 manus
1690 1511 1915 1549 brachiumque

109 1533 141 1543 w-

802 1570 894 1596 avuri
921 1571 1083 1597 confracta
1105 1573 1188 1598 sunl.

225 1635 270 1665 Se
306 1641 462 1675 promtum
503 1637 533 1666 in
563 1637 654 1666 donis
682 1637 794 1666 dandis
830 1637 979 1667 describit
1007 1641 1037 1667 et
1066 1648 1162 1667 suum
1191 1638 1307 1679 agendi
1336 1638 1461 1668 modum
1490 1648 1558 1668 cum
1589 1636 1678 1667 modo
1707 1635 1796 1666 avari
1824 1644 1914 1665 com-

113 1702 214 1735 parat.
253 1698 286 1726 In
323 1699 481 1727 Mersukii
517 1699 629 1728 codice
668 1695 766 1735 ..lamfi
796 1695 857 1728 tul
893 1699 1018 1738 legitur.
1062 1699 1096 1728 In
1125 1699 1211 1728 hisce
1240 1709 1305 1728 vox
1333 1698 1362 1726 [A
1390 1699 1459 1729 loco
1488 1699 1578 1729 vocis
1604 1714 1646 1737 ψη
1673 1702 1720 1728 est
1747 1702 1778 1728 et
1814 1697 1913 1737 prima

112 1760 201 1789 verbi
228 1769 365 1798 persona
392 1761 493 1790 minus
522 1769 613 1798 quam
643 1761 736 1790 tertia
764 1761 926 1790 convenit.
980 1761 1054 1790 Vox
1083 1760 1112 1789 be
1137 1762 1183 1791 sic
1210 1761 1350 1791 adhibita
1376 1762 1405 1790 in
1434 1761 1554 1791 Corani
1583 1761 1651 1791 loco
1688 1760 1762 1790 Sur.
1790 1760 1848 1797 89,
1878 1759 1911 1788 5.

111 1821 279 1851 invenitur.
310 1822 512 1851 Scholiastes
540 1822 718 1863 adnotavit,
746 1832 855 1852 vocem
886 1822 915 1851 lm
941 1833 1009 1853 cum
1038 1829 1193 1862 sequente
1220 1824 1320 1853 verbo
1349 1822 1451 1853 locum
1478 1823 1610 1853 nominis
1643 1823 1778 1853 actionis
1805 1819 1913 1867 &Ian-«4

110 1888 220 1913 tenere
251 1893 350 1923 posse
378 1884 458 1914 conf.
489 1884 600 1915 Graiu.
628 1886 683 1914 Ar.
712 1886 747 1915 T.
779 1886 792 1914 Ι
817 1895 846 1924 p.
875 1885 958 1925 541,
982 1890 1016 1914 ut
1047 1895 1164 1915 sensus
1197 1886 1250 1925 sit,
1271 1894 1341 1915 cum
1369 1885 1558 1915 liberalitate
1585 1885 1693 1914 intime
1713 1884 1913 1914 coniunctum

115 1954 153 1974 se
181 1955 265 1975 esse.
322 1946 461 1976 Verbum
489 1949 576 1996 323,
605 1946 686 1985 quod
716 1946 753 1976 de
781 1952 854 1976 cute
883 1951 1054 1987 corrugata
1081 1947 1279 1988 adhibeatur,
1296 1957 1334 1977 an
1362 1948 1422 1977 hoc
1448 1948 1477 1977 in
1505 1958 1604 1978 versu
1629 1948 1710 1977 bene
1739 1946 1911 1976 adhibitum

110 2008 153 2036 sit
181 2009 303 2047 nescio,
333 2011 450 2048 quippe
479 2009 578 2038 verbo
616 2008 719 2045 -hmee
755 2008 836 2038 haud
873 2009 953 2038 bene
987 2011 1169 2048 oppositum
1203 2009 1253 2038 sit.
1318 2009 1519 2039 Scholiastes
1556 2008 1740 2048 adnotavit,
1780 2012 1910 2047 poetam

110 2076 237 2110 tempus
261 2072 371 2100 sterile
399 2072 584 2111 respicere3
610 2071 670 2102 sed
700 2081 811 2102 manus
840 2072 940 2110 avari,
971 2081 1065 2111 quum
1093 2071 1208 2101 donum
1236 2081 1297 2100 non
1325 2070 1489 2109 extendat,
1518 2071 1600 2100 omni
1625 2077 1766 2110 tempore
1795 2078 1908 2099 corru-

106 2138 183 2173 gata
213 2134 345 2173 cogitari
376 2139 491 2171 potest.
1910 2136 1913 2140 '

105 2218 137 2247 3.
183 2218 246 2247 Per
268 2220 360 2246 ritum
384 2218 490 2246 luam!
531 2218 683 2248 Omamah
709 2222 819 2255 nescis,
845 2221 985 2254 repetitis
1009 2220 1127 2248 vicibus
1150 2229 1241 2248 suam
1264 2220 1430 2254 imaqinem
1454 2228 1501 2246 me
1523 2227 1645 2253 semper
1670 2218 1806 2244 visitare.

203 2288 332 2316 Versus
363 2296 433 2316 cum
463 2287 567 2326 priore
595 2297 693 2317 sensu
722 2289 846 2317 minime
878 2288 1028 2317 cohaeret
1056 2293 1099 2327 et,
1128 2298 1184 2318 cur
1212 2287 1263 2317 hic
1295 2288 1394 2317 locum
1423 2287 1602 2323 obtinuerit,
1635 2295 1695 2314 non
1723 2283 1826 2313 video.
1864 2282 1909 2312 Se

103 2359 230 2388 semper
260 2350 298 2378 ab
328 2349 465 2389 imagine
494 2348 627 2378 feminae
655 2355 780 2379 amatae
808 2350 933 2379 visitari
961 2349 1045 2378 dicit.
1074 2350 1175 2379 Vocis
1193 2347 1236 2377 Laii
1264 2349 1440 2379 iterationis
1469 2349 1521 2378 vel
1548 2348 1593 2377 rei
1621 2346 1777 2386 repetitae
1803 2344 1908 2384 signi-

102 2411 208 2441 ficatio
250 2412 358 2440 verbis
387 2411 619 2440 Moliammedis
683 2412 736 2441 »ln
772 2411 902 2441 decimis
939 2413 1064 2441 iteratio
1101 2412 1229 2451 (eodem
1265 2412 1365 2451 anno)
1395 2421 1454 2441 non
1483 2415 1553 2441 est«
1583 2410 1744 2450 probatur.
1798 2407 1907 2446 Imago

101 2474 203 2502 virum
232 2474 365 2507 visitat3
393 2473 451 2502 scd
480 2479 587 2512 poeta,
616 2482 650 2503 se
678 2474 843 2514 imaginem
873 2474 1017 2514 visitare,
1046 2473 1136 2503 dixit.

107 2570 137 2598 4.
184 2569 227 2597 Et
248 2572 343 2597 sociis
366 2572 442 2598 meis
466 2571 595 2599 molesla
623 2573 688 2609 fuit
708 2575 739 2600 el
760 2573 897 2601 camelos
919 2583 1003 2601 meos
1030 2574 1158 2611 adflixit
1179 2576 1209 2601 el
1229 2573 1338 2610 effecit,
1375 2575 1409 2600 ul
1431 2580 1497 2599 ηοω·
1518 2569 1595 2598 mike·
1617 2567 1819 2596 adversariae
1842 2565 1908 2594 loco

806 2630 897 2663 esset,
922 2637 1016 2665 quum
1039 2628 1215 2656 tolerarem.
