2155 2892
875 169 1142 199 —587—

113 275 146 300 et
172 269 202 300 id
229 269 310 309 quod
338 269 377 299 de
405 270 501 300 verbo
530 269 665 299 relatum
689 273 737 298 est
765 269 854 306 (loco
892 270 1062 299 verborum
1090 274 1144 296 ω
1175 266 1243 305 tati
1272 272 1301 299 in
1332 269 1487 299 Mersukii
1516 269 1627 299 codice
1653 268 1721 305 affl:
1747 256 1826 310 &tq-Li
1857 271 1903 299 le·

113 332 218 373 gitur)
258 334 295 371 (i.
324 342 352 362 e.
377 333 554 362 subiectum
585 337 617 362 et
645 331 821 370 obiectum)
850 332 1048 362 intercedere
1077 341 1136 360 non
1165 337 1320 370 possent,
1350 342 1417 362 num
1445 333 1658 371 grammaticis
1688 333 1903 362 Bazrensibus

114 396 317 435 interponere
343 405 458 437 voceS,
486 405 567 435 quae
595 396 791 437 grammatici
819 396 944 425 nomine
971 392 1068 434 υ-,ᾲᾳὶ
1098 395 1297 434 adpellarunt
1325 397 1382 433 (il).
1405 405 1433 434 p.
1460 397 1536 426 161.
1564 397 1678 433 209),
1709 396 1822 425 licitum
1842 406 1902 425 nou

112 457 249 491 videtur,
302 459 334 488 ln
361 459 588 498 exemplorum,
615 468 696 497 quae
722 459 914 488 scholiastes
941 458 979 487 ad
1007 467 1073 488 rem
1103 458 1319 496 explicandam
1349 458 1462 495 adfert,
1492 468 1551 488 uno
1580 469 1660 495 vox,
1697 469 1777 497 quiae
1809 466 1903 487 ante-

113 522 184 559 poni
215 531 276 551 uon
305 526 429 562 potest,
469 520 537 569 loq)
565 527 635 562 est,
676 522 705 551 in
732 522 833 551 altero
865 529 971 559 voces,
999 530 1080 559 quae
1107 520 1308 550 intercedere
1337 527 1484 560 possunt,
1506 518 1588 564 ,lodi
1618 518 1644 557 3
1673 526 1756 552 suut,
1810 520 1903 558 Quae

110 588 217 613 autem
243 584 273 613 iu
301 583 362 614 fine
389 583 500 614 scholii
528 584 720 613 scholiastes
748 583 872 622 adtulit,
901 585 930 612 in
958 583 995 612 iis
1020 583 1211 612 seutentiam
1240 582 1322 612 haud
1351 583 1436 612 clare
1463 583 1632 621 expressit.
1693 584 1804 612 Dicere
1834 584 1899 611 vult

111 647 290 684 verborum,
319 656 399 686 quae
427 657 444 676 a
472 647 685 687 grammaticis
713 656 826 676 nomen
852 641 929 688 αλλ)
955 646 1148 684 acceperint,
1174 646 1324 675 rationem
1357 647 1451 676 latius
1480 651 1611 685 patere,
1649 647 1689 675 ita
1719 650 1749 675 ut
1777 655 1901 684 quoque

111 718 210 739 voces
237 719 307 739 cum
335 710 625 748 praepositionibus
654 710 682 738 in
711 718 780 738 eam
809 709 936 740 intrent.
1003 708 1045 736 Et
1079 707 1158 737 haul:
1199 718 1274 738 esse
1304 718 1445 745 causam,
1483 718 1539 738 cur
1579 708 1686 737 dicere
1716 708 1831 737 licitum
1860 708 1900 736 sit

111 769 183 816 i-g-s'zi)
210 776 269 817 Q)-
293 769 357 808 eka-5
373 770 450 816 Ob,
475 772 591 811 quippe
619 781 685 801 vox
712 769 783 807 ,ἄῤ
812 771 936 800 modum
965 771 1043 807 cius,
1064 770 1146 810 quod
1173 767 1250 814 υἱὲ
1277 772 1470 810 appellatum
1498 772 1551 808 sit,
1579 776 1738 810 sequatur·
1769 771 1903 809 Legitur

110 842 233 872 quoque
260 836 290 863 in
318 844 434 864 versus
464 834 525 863 tine
554 832 596 872 L&
623 831 718 866 μμ).
758 834 829 863 Hoc
854 833 882 862 si
909 832 1097 872 admittitur,
1125 832 1276 863 suffixum
1305 833 1334 862 in
1362 842 1442 862 voce
1472 832 1512 872 ῳ,
1542 833 1665 862 nonnisi
1693 832 1732 862 ad
1760 832 1902 861 camelos

110 895 219 926 referri
247 901 366 936 potest,
386 899 432 926 sin
461 902 568 926 autem
597 893 636 936 ψ
666 896 791 936 legitur,
806 901 869 926 tam
898 895 936 925 ad
964 896 1112 933 vicinam,
1128 904 1219 933 quam
1248 895 1287 924 ad
1315 896 1450 924 camelos
1470 900 1619 934 spectare
1649 899 1768 933 potest,
1787 894 1902 932 quippe

114 967 180 987 vox
209 967 329 988 causae
354 959 560 998 explicandae
587 959 751 989 inserviat.

109 1030 140 1058 3.
185 1029 223 1059 Su·
245 1030 387 1059 htnne'nes
410 1033 509 1068 ignoti
535 1033 638 1068 yemis
665 1030 758 1060 Salat
785 1031 810 1061 b.
843 1029 948 1060 ΔἸΙσΙειτ
971 1041 1037 1058 eam
1060 1032 1091 1058 1⁴11
1116 1030 1289 1058 clientelam
1314 1032 1479 1067 recipiant,
1505 1032 1574 1067 ipsa
1606 1031 1690 1057 omni
1710 1028 1777 1056 loco
1801 1028 1901 1055 Itona-

928 1088 999 1113 rata
1022 1087 1077 1114 est.
1676 1080 1747 1123 (ΙΙ.
1780 1080 1901 1119 7⁰2⁵.)

111 1139 141 1167 4.
188 1136 291 1173 Quum
321 1139 359 1167 ab
386 1141 426 1167 iis
454 1142 588 1175 petitur,
620 1141 704 1178 qaod
730 1142 794 1169 iuri
820 1143 1066 1168 consentaneam
1097 1148 1157 1167 mm
1185 1142 1240 1173 est,
1266 1140 1366 1166 munis
1388 1139 1506 1166 iniuria*
1533 1139 1640 1166 laesus
1661 1141 1691 1166 et
1712 1139 1850 1166 iniustus
1873 1136 1905 1164 id

915 1198 1052 1223 recusat.

209 1263 298 1292 Prior
336 1262 445 1293 horum
479 1271 597 1291 versus
624 1271 693 1291 cum
722 1264 899 1301 posteriore
927 1262 1171 1304 coniungendas
1199 1265 1259 1292 est.
1305 1262 1383 1290 'l'am
1411 1261 1585 1300 potentiam
1613 1261 1642 1289 in
1670 1260 1814 1290 clientela
1842 1258 1901 1288 de-

111 1324 269 1354 tendenda
295 1333 386 1364 quam
415 1333 602 1355 consensum
633 1324 791 1364 fidemque
817 1326 846 1354 in
872 1326 1096 1356 conservanda
1111 1325 1271 1357 describit,
1300 1325 1486 1365 Ignotorum
1513 1323 1672 1353 hominum
1701 1323 1727 1352 si
1755 1321 1901 1351 clientela

111 1387 193 1417 haud
220 1388 403 1429 negligitur,
430 1388 458 1417 in
486 1397 524 1417 eo
553 1388 697 1418 indicium
726 1392 788 1426 est,
816 1388 923 1426 quanti
950 1398 1044 1430 gens,
1073 1399 1090 1418 e
1118 1398 1180 1428 qua
1205 1388 1306 1428 ignoti
1333 1387 1453 1417 oriundi
1480 1387 1555 1424 sint,
1584 1387 1623 1416 ab
1649 1386 1720 1416 aliis
1747 1385 1899 1415 aestime-

110 1456 159 1480 tur
181 1455 212 1479 et
239 1459 332 1489 quam
361 1450 494 1488 pulcher
522 1450 550 1479 in
577 1452 648 1489 ipsa
675 1454 772 1491 gente
799 1459 981 1480 consensus
1009 1455 1042 1480 et
1068 1459 1160 1489 quam
1188 1451 1269 1480 bona
1297 1449 1376 1479 fides
1407 1449 1460 1478 sit.
1513 1448 1713 1478 Scholiastes
1733 1448 1805 1477 voci
1829 1446 1900 1475 suit

109 1511 305 1541 tribuum
343 1511 612 1552 significationem
640 1513 824 1553 generalem
851 1512 939 1542 dedit
965 1518 997 1542 et
1021 1514 1130 1554 gentis
1158 1513 1236 1543 Kais
1263 1513 1454 1543 mentionem
1482 1510 1567 1550 fecit,
1595 1509 1678 1549 quod
1705 1508 1793 1539 Sahd
1823 1517 1897 1547 pars

109 1576 217 1616 gentis
245 1575 323 1605 Kais
350 1580 430 1606 erat.
466 1577 499 1605 1n
528 1577 703 1615 posteriore
728 1584 826 1605 versu
852 1583 1003 1605 summum
1032 1575 1139 1615 gentis
1167 1584 1361 1604 consensum
1389 1574 1418 1602 in
1445 1573 1563 1603 iuribus
1592 1572 1659 1602 suis
1687 1569 1895 1601 defendendis

110 1637 270 1668 describit.
338 1638 439 1668 Poeta
478 1639 591 1669 iniuria
627 1639 750 1668 laesum
790 1642 822 1667 et
860 1637 971 1668 iniuria
999 1637 1179 1667 laedentem
1207 1635 1401 1675 opposuisse
1428 1633 1567 1671 videtur,
1598 1638 1631 1662 ut
1658 1641 1766 1662 omnes
1794 1631 1901 1671 gentis

108 1700 196 1728 viros
223 1700 498 1739 complecteretur.
551 1701 752 1731 Scholiasles
779 1709 908 1730 sensum
936 1700 1159 1738 specialiorem
1185 1699 1214 1728 in
1237 1699 1346 1728 verbis
1374 1698 1496 1727 invenit
1529 1697 1648 1736 dicens,
1670 1705 1736 1725 rem
1766 1695 1899 1725 eandem

110 1771 199 1799 esse,
230 1762 302 1791 sive
330 1772 411 1803 gens
439 1763 550 1793 iniuria
577 1763 662 1794 laesa
690 1764 734 1794 sit
760 1766 833 1793 sive
861 1764 940 1794 alios
971 1763 1083 1793 iniuria
1104 1763 1243 1792 laeserit.
1271 1762 1438 1791 Summum
1459 1768 1584 1798 semper
1604 1767 1796 1789 consensum
1814 1766 1900 1787 esse.

108 1857 140 1887 5.
186 1856 269 1892 Quot
292 1858 420 1895 (ternos,
455 1859 488 1885 r'n
511 1858 623 1896 quibas
651 1858 751 1886 honor
773 1859 1027 1891 conservabatur,
1054 1868 1106 1886 ros
1129 1858 1304 1894 habitastis,
1329 1859 1361 1885 in
1385 1856 1498 1894 quibas
1521 1854 1657 1883 camelae
1680 1863 1820 1882 annosae
1842 1853 1899 1880 ‹le-

605 1914 731 1946 spectae
749 1914 841 1938 erant
862 1914 892 1938 et
913 1910 1028 1947 hospes
1051 1911 1215 1949 despectus
1237 1921 1299 1939 non
1322 1910 1413 1939 erat!

227 1978 337 2008 Laude
376 1978 574 2008 liberalitatis
603 1978 893 2017 hospitalitatisque
922 1981 1051 2009 carmini
1080 1980 1169 2009 finem
1197 1980 1336 2018 imponit.
1399 1979 1534 2018 Optimis
1561 1978 1689 2008 camelis
1717 1978 1746 2006 in
1774 1977 1900 2016 hospite

111 2043 189 2071 bene
217 2040 406 2080 excipiendo
434 2041 516 2071 haud
545 2048 686 2080 parcent.
718 2042 825 2072 Voces
841 2040 962 2073 ,bi-51>
979 2040 1030 2088 jo
1054 2043 1191 2081 elliptice
1217 2042 1376 2072 adhibitae
1402 2047 1488 2081 sunt,
1510 2051 1590 2072 nam
1625 2050 1741 2071 sensus
1773 2045 1824 2070 est
1850 2037 1899 2084 )3-‘

109 2099 219 2148 ...5)εᾷἱὶ
246 2101 314 2147 &⁵
341 2089 462 2131 ὀιὲιὲιὲῖ
495 2103 628 2133 »domus
657 2105 684 2133 in
721 2113 781 2142 qua
809 2103 908 2133 honor
932 2109 1178 2133 conservatur«.
1212 2104 1287 2134 Vox
1310 2104 1357 2149 ,⁸0
1395 2114 1485 2144 quum
1514 2109 1577 2133 tam
1605 2104 1781 2144 genitivum
1810 2112 1900 2141 quam

110 2167 337 2196 nominativum
365 2166 483 2196 habere
510 2168 626 2206 possit,
654 2167 764 2198 eadem
793 2177 916 2207 quoque
943 2169 1033 2198 vocis
1061 2167 1144 2207 :sq-0
1174 2167 1252 2197 ratio
1281 2176 1357 2196 esse
1385 2166 1489 2197 debet.
1555 2166 1675 2197 Cameli
1704 2165 1813 2195 annosi
1842 2165 1900 2194 hoc

110 2228 138 2255 in
167 2237 266 2257 versu
293 2227 482 2266 optimorum
511 2228 701 2258 camelorum
730 2229 830 2259 locum
858 2234 1023 2268 occupant.

945 2324 1075 2358 le.

866 2390 1008 2424 Alius
1030 2389 1161 2424 «lixit.

112 2454 138 2482 1.
180 2455 270 2484 Deus
288 2457 444 2494 familiam
468 2456 586 2487 Glmlib
608 2462 761 2497 tempore,
791 2469 850 2497 qao
879 2462 1027 2496 temporis
1058 2460 1292 2489 vicissitudines
1323 2458 1518 2486 calamitates
1546 2457 1717 2489 adducant,
1741 2456 1819 2483 bono
1849 2464 1901 2483 re-

915 2517 1098 2542 muneretur
1106 2512 1120 2540 .'

223 2582 386 2622 Familiae,
415 2581 461 2612 cui
489 2581 652 2611 beneficiis
681 2581 853 2611 obstrictus
882 2587 970 2621 erat,
998 2587 1090 2621 poeta
1120 2582 1198 2611 bene
1229 2586 1374 2619 precatur
1403 2585 1434 2610 et
1463 2584 1587 2620 tempus
1616 2580 1718 2620 eligit,
1746 2589 1808 2620 quo
1837 2579 1900 2609 ho·

113 2643 185 2672 mini
215 2643 274 2674 Dei
301 2645 405 2685 gratia
432 2645 568 2674 maxime
594 2644 780 2674 necessaria
807 2649 869 2674 est.
