2155 2892
898 123 1170 154 ...294-

143 233 223 263 aller
247 231 376 262 Ahdita.
428 229 572 269 Uterque
598 233 742 268 tempore
769 227 991 267 antiquissimo
1018 233 1052 258 et
1077 227 1222 258 fabuloso
1249 225 1408 254 vixerunt.
1460 222 1506 253 De
1532 227 1643 253 nostro
1670 223 1814 254 conferas
1839 224 1924 253 Her—

142 296 234 326 belot.
274 294 310 323 Τ.
338 294 366 322 11
393 302 422 332 p.
452 291 595 331 48:304).
654 291 732 321 Tale
762 290 940 330 exemplum
967 299 1061 329 quum
1086 288 1118 318 in
1144 286 1283 318 docendo
1311 286 1450 315 imitatus
1479 285 1532 322 sit,
1558 283 1654 314 filium
1681 284 1806 325 dignum
1835 294 1922 325 esse,

142 358 194 396 qui
219 359 391 395 praecepta
421 353 484 384 ista
517 357 679 394 sequatur.
742 353 939 383 Scholiastes
974 355 1047 391 post
1072 359 1183 381 vocem
1209 346 1313 395 0⁴⁴⁰)ss
1343 350 1496 378 omissam
1525 350 1614 386 putat
1637 355 1750 376 vocem
1767 350 1824 387 ,5⁹²-
1875 347 1924 377 De

142 416 346 448 construendi
372 415 465 446 modo
492 415 582 445 vocis
610 417 691 461 9235,
720 424 811 454 quam
835 415 941 444 verbis
967 412 1113 444 laudandi
1140 413 1278 443 Arabum
1307 411 1506 452 grammatici
1533 410 1753 450 adnumerant,
1777 409 1920 440 conferas

143 478 258 510 Gram.
285 479 342 510 Ar.
369 479 406 509 T.
435 479 463 508 11
490 488 519 518 p.
548 477 615 508 221
645 487 714 518 sqq.

142 576 172 606 7.
217 575 244 606 0
263 575 358 614 filiole
378 574 440 604 mi!
460 575 597 612 deceptio
619 577 734 603 secreti
753 576 890 603 virorum
911 576 1075 611 apparui&
1097 576 1130 603 in
1149 577 1268 603 secreto
1289 576 1341 601 tuo
1364 574 1461 609 e'yz'tur
1482 575 1560 608 eius,
1573 576 1627 611 qui
1646 576 1761 602 secreti
1783 575 1829 602 ἰαί
1847 583 1925 610 ραι·-

820 630 919 665 ticeps
940 631 996 664 est,
1018 629 1163 665 deceptor
1184 630 1229 656 sis
1237 627 1251 656 Ι

251 699 427 737 Praecepta
452 699 522 738 ipsa
548 702 731 737 sequuntur.
793 698 959 727 Secretum
987 698 1067 726 bene
1094 696 1335 726 custodiendum
1360 705 1435 726 esse
1462 696 1566 726 docet.
1620 697 1792 736 Utriusque
1823 700 1922 736 partis

142 771 271 800 sensus,
297 762 350 801 qui
375 760 540 791 admodum
570 761 673 790 clarus
692 769 753 789 non
780 763 841 799 est,
869 758 989 788 nonnisi
1012 759 1135 788 ratione
1161 758 1269 788 habita
1294 759 1424 788 alterius
1451 758 1647 788 definiendus
1675 765 1736 789 est.
1765 759 1921 797 Deceptio

142 826 259 856 secreti
293 825 334 854 nil
370 824 453 854 aliud
489 823 670 864 significare
706 826 813 862 potest
849 822 908 851 nisi
942 820 1023 861 quod
1058 821 1136 851 alter
1163 821 1293 850 alterius
1321 825 1479 851 secretum
1507 820 1653 861 divulgat
1692 830 1792 860 eoque
1819 821 1918 859 ipsum

142 887 259 917 secreti
285 890 445 916 auctorem
473 885 609 924 decipit3
642 884 787 924 deceptio
827 887 930 914 autem
961 884 1050 924 eius,
1087 884 1137 922 qui
1161 884 1277 913 secreti
1305 883 1466 923 particeps
1492 888 1562 918 est,
1590 892 1626 913 eo
1654 882 1810 921 consistit,
1839 882 1920 921 quod

141 950 221 980 alter
247 949 338 979 alteri
374 953 532 978 secretum
570 957 631 977 non
658 948 903 978 communicavit
930 952 962 977 et
988 946 1031 977 ita
1058 947 1190 976 alterum
1221 944 1354 984 decepit.
1408 946 1520 975 Monet
1547 945 1643 986 igitur
1668 944 1777 982 filium,
1805 954 1843 974 ne
1866 954 1922 974 se-

142 1017 229 1042 creta
255 1020 312 1042 sua
339 1011 429 1042 alteri
456 1011 678 1051 communicet,
706 1020 798 1050 quum
825 1011 1023 1049 experientia
1046 1008 1169 1047 doceat,
1199 1013 1326 1038 secreta
1353 1017 1415 1037 non
1441 1011 1639 1039 conservari.
1685 1008 1806 1038 Vocem
1832 1006 1923 1049 ὀρ

141 1083 254 1103 nomen
293 1074 428 1104 actionis
466 1083 562 1111 esse,
599 1071 680 1112 quod
716 1081 864 1102 arcanum
897 1071 1059 1117 significet
1093 1076 1125 1101 et
1151 1076 1217 1101 tuin
1249 1072 1354 1101 arcani
1380 1073 1497 1109 socios,
1525 1071 1718 1101 scholiastes
1749 1072 1921 1111 adnotavit,

142 1140 174 1166 et
201 1135 318 1166 &orani
344 1137 413 1166 loco
439 1135 513 1166 Sur.
544 1135 597 1174 17,
628 1134 673 1164 50
701 1133 858 1173 probavit.

140 1233 172 1263 8.
226 1232 391 1263 secretum
413 1236 501 1262 tuum
521 1236 578 1268 est,
602 1231 751 1270 quamdiu
773 1230 859 1267 apud
878 1240 975 1260 unum
998 1232 1098 1260 virum
1121 1231 1292 1267 depositwn
1314 1234 1378 1267 estd:
1407 1231 1465 1259 sed
1496 1233 1589 1260 trium
1611 1233 1747 1260 virorum
1770 1236 1924 1261 secretum

873 1285 1026 1314 occultum
1049 1294 1112 1313 non
1133 1288 1188 1313 est.

248 1357 375 1387 Arabes
404 1357 502 1387 multa
528 1361 699 1396 praecepta
725 1355 764 1385 de
791 1354 1004 1385 custodiendis
1033 1354 1165 1384 secretis
1193 1353 1278 1391 dant,
1305 1358 1336 1383 et
1364 1353 1494 1384 duorum
1523 1354 1661 1384 virorum
1690 1360 1845 1384 secretum
1873 1355 1923 1385 di-

140 1420 266 1461 vulgari
291 1419 396 1450 dicunt
423 1418 526 1449 conf.
553 1417 692 1448 Meidan.
721 1418 757 1446 ¹1¹.
785 1417 828 1446 111
853 1417 932 1448 Nro.
963 1415 1055 1445 1322
1083 1421 1115 1445 et
1141 1415 1180 1445 de
1208 1415 1277 1445 aliis
1304 1415 1368 1445 vid.
1397 1416 1545 1446 tabulam.
1596 1417 1719 1447 Noster
1733 1417 1819 1457 dicit,
1839 1427 1920 1446 non-

141 1483 202 1513 nisi
239 1483 291 1512 uni
322 1482 383 1511 viri
417 1485 579 1511 secretum
606 1479 892 1511 communicandum
920 1488 996 1508 esse
1012 1483 1044 1508 et
1068 1478 1150 1518 quod
1176 1478 1214 1507 ad
1242 1479 1347 1518 plnres
1375 1481 1568 1517 pervenerit,
1596 1478 1766 1520 divulgari.
1804 1480 1921 1509 Similis

142 1553 259 1574 sensus
288 1544 318 1574 in
344 1548 498 1583 sequente
525 1552 624 1573 versu
650 1542 807 1571 invenitur
835 1541 943 1579 (metr.
973 1540 1137 1579 Thau-iu:
1168 1539 1290 1577 Quum
1317 1544 1531 1570 secretum
1558 1541 1664 1571 duos
1701 1546 1922 1584 transgre-

141 1608 278 1648 ditur,
314 1607 587 1647 divulgatur3
622 1605 837 1634 delatores
877 1603 1084 1633 celeriter
1111 1607 1328 1642 augentur.
1381 1603 1413 1631 ln
1442 1603 1598 1634 Mersukii
1628 1605 1737 1635 codice
1765 1616 1821 1644 pro
1849 1611 1921 1643 <224

141 1670 258 1710 legitur
280 1673 366 1708 ὡς,
394 1672 426 1697 et
453 1677 508 1707 pro
534 1665 629 1707 ‘5le
658 1667 776 1707 legitur
801 1655 934 1700 Qsssssi
962 1663 1174 1694 narratio.
1226 1664 1403 1704 Utrumque
1429 1666 1668 1704 praeferendum
1688 1671 1772 1706 puto.
1814 1668 1922 1698 Scho-

140 1732 251 1761 liastes
288 1730 451 1761 adnotavit
484 1740 576 1766 esse,
613 1730 664 1768 qui
701 1738 783 1762 woce
822 1724 925 1768 «3,,λὲὕῖ
967 1727 1046 1756 labia
1079 1725 1251 1766 significari
1291 1725 1442 1764 dixerint,
1481 1733 1513 1757 ut
1553 1737 1622 1758 cuin
1650 1730 1808 1768 proverbii
1835 1731 1920 1760 citati

140 1803 241 1824 sensu
268 1793 454 1823 consentiat.

140 1892 172 1921 9.
220 1892 263 1921 Ut
284 1891 377 1919 silere
396 1892 527 1926 propius
549 1893 597 1918 est
616 1890 736 1918 cuidam
760 1892 853 1920 recto,
878 1890 924 1916 sic
947 1888 1071 1925 qm'clom
1094 1896 1195 1915 sermo
1219 1887 1319 1914 errori
1337 1888 1463 1922 propior
1487 1890 1541 1914 est.

238 1960 403 1990 Silentium
433 1960 557 1989 Arabes
584 1958 709 1989 laudant
736 1963 768 1988 et
796 1967 972 1988 sermonem
998 1956 1113 1986 homini
1141 1956 1270 1994 saepius
1296 1955 1502 1994 perniciosum
1528 1965 1603 1984 esse
1633 1956 1747 1987 dicunt.
1794 1960 1862 1989 Hoc
1888 1963 1919 1990 in

139 2021 278 2060 pluribus
305 2021 481 2059 proverbiis
510 2030 698 2060 expressum
727 2021 862 2061 legimus
891 2018 991 2049 conf.
1019 2019 1157 2050 Meidan.
1182 2020 1217 2048 Τ.
1239 2020 1279 2048 ΠΙ
1297 2019 1328 2048 P.
1345 2019 1371 2047 11
1387 2028 1415 2057 p.
1437 2018 1502 2048 174
1522 2028 1590 2058 sqq.
1608 2025 1638 2048 et
1655 2020 1688 2048 P.
1704 2021 1716 2049 Ι
1735 2022 1791 2050 Nr.
1811 2022 1915 2052 2756.
