2155 2892
910 161 1174 192 -185—

151 254 183 284 3.
205 254 252 284 ΕΙ
272 258 347 293 qno!
365 259 508 290 moestos,
527 259 601 294 poe!
621 265 673 284 eos
695 257 727 284 in
747 264 886 292 pitanam
910 257 1042 290 rediens.
1067 258 1243 295 defendisti,
1269 260 1341 287 dum
1361 262 1482 297 fratres
1504 272 1608 290 eorum
1632 266 1726 291 testes
1749 268 1859 296 erant.

248 324 410 355 Mortuum
438 325 542 355 virum
570 324 775 355 fortissimum
805 324 972 365 describit,
1000 327 1050 366 qui
1079 327 1148 356 aliis
1177 337 1195 356 a
1221 330 1289 357 suis
1324 328 1352 357 in
1380 338 1487 369 pugna
1517 331 1634 360 relictis
1662 333 1812 363 auxilium
1840 343 1936 373 prae-

150 391 251 417 staret
281 394 312 417 et
340 394 450 420 contra
477 387 613 417 hostium
640 387 789 426 impetum
817 387 1013 418 defenderet.
1066 389 1175 419 Voces
1202 388 1274 431 ul„
1303 390 1383 433 φης
1413 392 1613 432 significant.
1641 405 1713 424 enin
1741 397 1769 424 in
1797 405 1936 436 pugnam

150 449 295 487 rediisse,
321 460 415 490 quum
441 450 575 480 alterum
601 449 639 478 ab
668 448 810 479 hostibus
838 459 983 488 pressum
1010 451 1219 490 cognovisset
1246 458 1277 481 et
1306 453 1403 482 verba
1430 456 1514 494 ³:223
1540 453 1597 490 *τῷ
1615 460 1707 495 ,7ss39ae
1735 466 1815 495 quim
1836 458 1935 488 statui

149 511 358 542 describendo
385 512 575 553 inserviunt,
602 512 760 553 indicant,
795 516 915 543 tantum
945 513 1047 543 fuisse
1074 514 1269 554 periculum,
1298 518 1329 545 ut
1358 516 1485 556 cognati
1513 517 1581 545 eius
1610 517 1637 545 in
1666 528 1803 557 pugnam
1833 520 1936 550 redire

148 582 208 603 uon
235 573 399 604 auderent.

147 671 178 699 4.
223 669 268 699 0⁶
287 670 536 707 dedignationem
557 675 587 700 el
606 671 794 709 defendendi
814 673 952 701 studium
975 676 1006 701 e!
1027 674 1110 710 qum!
1131 674 1275 712 defendis
1296 678 1451 711 tempore,
1477 684 1536 712 quo
1559 676 1586 702 is
1595 697 1605 710 ,
1630 678 1685 713 qm·
1707 672 1777 715 ([1-
1803 674 1935 718 187.)

679 726 826 754 hottorvm
849 727 1015 765 ‹le-semler?
1036 728 1123 761 solet,
1149 730 1204 756 rix
1228 727 1391 766 defendat!

245 791 315 822 Hoc
342 792 372 821 in
398 801 497 822 versu
524 803 675 833 causam.
716 805 772 824 cur
801 796 842 825 ita
869 800 963 837 agat,
999 796 1084 826 addit
1112 802 1145 827 et
1171 798 1273 826 virum
1301 806 1399 836 supra
1428 798 1507 827 alios
1533 797 1626 828 laude
1654 799 1789 828 extollit.
1844 800 1935 839 Eum,

147 863 334 895 quamquam
363 855 534 894 periculum
562 856 643 887 bene
670 864 826 898 noverat,
864 863 969 889 tamen
996 868 1056 888 non
1085 860 1231 899 potuisse
1259 870 1319 890 non
1349 861 1484 890 alterum
1512 860 1702 901 defendere,
1739 863 1855 903 quippe
1882 867 1934 903 qui

145 921 184 951 ob
211 926 418 962 cognatorum
447 921 563 962 agendi
599 922 750 952 rationem
787 922 1003 962 indignatione
1040 922 1187 961 impletus
1223 923 1313 952 anirui
1342 924 1391 952 sni
1419 925 1531 954 natura
1559 924 1598 954 ad
1627 924 1855 957 defendendum
1882 937 1935 957 re-

145 985 254 1020 lietum
279 984 475 1015 incitaretur.
528 984 635 1014 Verba
660 983 770 1024 ³2⁴5>
800 985 873 1022 ml,
910 994 992 1023 quae
1029 994 1098 1015 eum
1134 987 1239 1025 priore
1276 996 1374 1015 versu
1411 987 1633 1027 coniungenda
1668 993 1762 1028 sunt,
1801 990 1891 1020 modo
1917 1000 1936 1020 a

146 1046 361 1085 grammaticis
388 1042 412 1074 :l
439 1044 535 1087 „33:22⁴
561 1048 721 1086 appellato
750 1048 872 1086 (cons.
902 1047 1012 1079 Gram.
1041 1049 1096 1078 Ar.
1127 1049 1163 1078 Τ.
1194 1049 1230 1077 ΙΙ.
1259 1058 1289 1086 p.
1322 1048 1419 1087 114.)
1457 1059 1562 1079 casum
1601 1051 1819 1081 accusativum
1853 1053 1935 1082 obti-

145 1113 291 1145 nuerunt,
317 1109 430 1147 quibus
457 1118 551 1139 causa
578 1109 694 1150 agendi
721 1110 886 1141 indicetur.
938 1111 1140 1142 Scholiastes
1169 1111 1345 1151 adnotavit,
1375 1112 1506 1141 verbum
1523 1110 1575 1140 030·
1596 1115 1722 1151 proprie
1748 1114 1777 1143 in
1803 1115 1934 1144 camelis

145 1171 297 1212 adhibet-i,
325 1172 375 1211 qui
402 1172 611 1203 vehementer
638 1174 676 1203 ab
705 1184 807 1213 aquae
835 1175 1040 1214 receptaculo
1068 1174 1301 1214 propellantur,
1336 1180 1398 1203 tum
1427 1177 1456 1204 in
1484 1174 1647 1213 homines,
1678 1175 1728 1214 qui
1755 1176 1931 1206 defendan-

144 1241 205 1275 tur,
234 1244 344 1265 vocem
372 1236 555 1266 translatam
582 1246 668 1266 esse.

143 1333 173 1362 5.
219 1332 303 1368 Quot
323 1335 515 1369 captivorum
545 1334 672 1362 vincula
701 1334 841 1369 solcisli,
872 1338 902 1363 el
929 1338 1004 1373 quot
1021 1335 1199 1371 petentibus
1222 1335 1353 1370 dedisli,
1379 1337 1434 1372 qm·
1453 1337 1605 1364 matutino
1628 1339 1765 1374 tempore
1787 1338 1934 1367 abeuntes

915 1393 945 1418 le
966 1388 1164 1418 laudabant!

241 1459 311 1489 Hoc
338 1459 368 1488 in
394 1468 494 1489 versu
522 1465 553 1490 et
584 1459 820 1497 liberalitatem,
855 1468 916 1498 qua
943 1460 1089 1498 captivos
1116 1458 1285 1489 redimeret
1320 1463 1353 1489 et
1386 1458 1653 1499 hospitalitatem,
1688 1469 1751 1499 qua
1785 1465 1934 1499 petentes

143 1520 308 1559 exciperet
334 1526 366 1550 et
395 1521 483 1552 donis
511 1522 696 1562 dimitteret,
726 1522 840 1552 laudat.
894 1522 1105 1561 Hospitalitas
1132 1526 1236 1552 autem
1264 1522 1333 1551 eius
1361 1527 1424 1551 tam
1452 1522 1615 1551 excellens
1641 1526 1726 1563 erat,
1755 1527 1789 1553 ut
1813 1523 1933 1563 hospes

143 1591 235 1613 mane
260 1583 371 1613 abiens
398 1593 469 1614 eum
496 1585 591 1614 laude
618 1590 756 1614 ornaret.
809 1584 893 1614 Fieri
912 1589 1016 1614 tamen
1035 1589 1156 1623 potest,
1185 1589 1218 1614 ut
1234 1589 1265 1613 et
1285 1584 1444 1623 posterior
1464 1592 1581 1612 versus
1600 1592 1675 1622 pars
1691 1583 1931 1614 beneficentiam

141 1656 304 1698 designet,
330 1668 390 1698 qua
419 1660 537 1698 petenti
565 1659 646 1689 dona
674 1658 804 1699 dederit,
835 1669 930 1698 quum
958 1662 1053 1697 poeta
1079 1659 1213 1688 vocibus
1240 1643 1323 1697 331.»-
1349 1663 1382 1688 et
1397 1654 1508 1694 &effla-el
1536 1666 1616 1687 usus
1641 1658 1692 1687 sit.
1746 1658 1796 1688 Re
1823 1661 1867 1689 sic
1893 1668 1931 1689 se

141 1719 279 1750 habente
305 1726 401 1760 poeta
429 1722 458 1751 in
485 1731 583 1752 versu
611 1721 775 1752 diversum
803 1722 999 1752 liberalitatis
1027 1721 1152 1751 modum
1181 1722 1339 1751 describit.
1367 1709 1446 1751 Mihi
1460 1730 1539 1750 vero
1552 1721 1685 1750 verbum
1702 1719 1764 1750 loti:
1783 1722 1931 1759 »(mane)

141 1781 237 1810 abiit«
268 1781 307 1811 ad
335 1782 561 1822 hospitalitatis
590 1783 704 1813 donum
735 1786 841 1823 potius
870 1784 1029 1823 respicere
1055 1783 1194 1813 videtur.
1247 1783 1465 1824 Scholiastes,
1503 1783 1636 1812 verbum
1670 1783 1731 1813 hoe
1767 1783 1796 1812 in
1833 1793 1931 1814 versu

140 1841 269 1874 sensum
304 1844 480 1883 perfectum
516 1846 631 1875 offerre
667 1846 843 1888 »matutino
875 1850 1017 1886 tempore
1045 1846 1158 1886 exiit«,
1192 1845 1358 1875 adnotavit
1393 1844 1516 1882 (conf.
1547 1843 1656 1875 Gram.
1687 1845 1742 1874 Ar.
1771 1846 1807 1874 Τ.
1836 1846 1872 1878 11,
1900 1855 1929 1885 p.

141 1906 210 1936 575
238 1903 312 1948 sq.).
367 1907 466 1936 Verbi
493 1904 596 1940 92.OE
624 1907 777 1938 suffixum
807 1908 958 1938 omissum
986 1914 1047 1939 est.

140 2004 172 2033 6.
201 2003 240 2032 Te
264 2004 420 2038 laudabat,
445 2005 518 2033 dum
540 2008 574 2033 Iu
597 2004 690 2034 laude
713 2007 782 2035 et'us
802 2006 918 2042 diqnus
942 2016 1016 2034 eras
1039 2009 1070 2034 el
1091 2007 1120 2033 si
1138 2005 1213 2041 plus
1235 2006 1328 2033 eliam
1349 2005 1435 2040 petil,
1461 2007 1494 2032 Ιιι
1515 2004 1611 2040 plura
1632 2005 1700 2033 das.

238 2077 400 2107 Summam
428 2078 498 2107 eius
526 2078 743 2109 liberalitatem
771 2080 874 2110 fulsse
903 2080 996 2118 dicit,
1033 2089 1103 2108 nam
1139 2078 1199 2107 etsi
1230 2083 1293 2107 tam
1331 2077 1429 2107 multa
1459 2076 1597 2114 dederit,
1631 2083 1666 2108 ut
1695 2078 1787 2109 laude
1814 2079 1930 2121 dignus

139 2146 241 2180 esset,
269 2145 371 2170 tamen
400 2141 426 2169 si
454 2141 506 2170 ille
532 2141 603 2180 plus
631 2144 723 2171 etiam
752 2143 908 2181 petiturus
934 2142 1060 2181 suisset,
1088 2151 1149 2170 non
1176 2140 1385 2181 denegasset.
1445 2140 1520 2169 Vox
1546 2139 1580 2168 bel
1607 2140 1667 2170 hoe
1693 2141 1722 2170 iu
1750 2151 1845 2173 versu
1873 2153 1929 2182 pro

138 2202 176 2248 Ol
205 2203 308 2243 posita
335 2208 397 2241 est,
426 2207 459 2232 ut
486 2203 578 2233 Ham.
607 2213 635 2243 p.
663 2205 696 2234 Ν
724 2214 755 2233 v.
786 2204 815 2235 1.
841 2209 873 2234 et
901 2201 942 2234 ld
970 2213 1026 2244 pro
1055 2201 1085 2248 r:
1114 2204 1206 2233 Ham.
1237 2212 1266 2241 p.
1295 2205 1336 2231 lwx
1362 2201 1430 2233 infr.
1459 2206 1490 2231 et
1520 2203 1564 2232 ΡΠ
1593 2213 1624 2232 v.
1660 2203 1688 2232 1.

971 2298 1081 2332 (311.

264 2362 557 2398 nter-isonat·
582 2367 726 2406 pater
750 2364 999 2406 Sel-agnai
1022 2363 1177 2398 filium
1201 2372 1343 2398 suum
1368 2364 1632 2406 deplorans
1655 2363 1790 2396 dixit.

139 2428 239 2457 Poeta
271 2427 364 2456 Ham.
398 2435 427 2465 p.
455 2424 497 2455 fvt
533 2426 720 2465 cognomine
753 2424 1055 2466 Abu-l'Schaghbi
1090 2424 1246 2454 Ahbsitae
1287 2425 1437 2455 occurrit.
1501 2424 1658 2462 Tempore
1690 2422 1928 2462 Omajjadarum

700 2487 882 2525 (Hiscbami
909 2488 938 2517 b.
967 2486 1247 2525 Ahbd-Almalee)
1275 2488 1365 2517 vixit.

141 2564 167 2593 1.
190 2563 359 2601 Schayltbo
373 2565 499 2594 sinens
522 2566 613 2592 vitam
637 2567 864 2597 conservasset,
888 2564 1028 2600 diqm'ltrs
1047 2564 1174 2601 suisset,
1200 2573 1262 2600 qua
1275 2565 1380 2599 yemis
1394 2561 1534 2590 Modlear
1553 2561 1693 2598 diqnitas
1717 2565 1812 2590 aucta
1830 2563 1929 2600 foret.

236 2634 325 2663 Mors
351 2632 449 2663 filium
476 2633 557 2662 flore
583 2633 711 2672 aetatis,
740 2640 801 2670 qua
819 2637 969 2671 parentes
989 2632 1106 2671 optime
1124 2631 1164 2661 de
1184 2631 1255 2661 filiis
1273 2640 1406 2670 sperare
1425 2630 1542 2670 solent,
1561 2630 1755 2669 abripuerat,
1782 2631 1925 2661 Maxime

1633 2693 1679 2722 24
