2155 2892
931 129 1201 160 —242—

169 240 274 282 σῳ)
311 239 343 264 et
377 233 498 278 k53:224).
549 231 657 261 Priore
694 240 776 261 voce
808 230 921 271 agendi
955 230 1110 260 rationem
1147 229 1320 271 significari
1346 234 1442 270 puto,
1471 239 1534 269 qua
1561 229 1655 260 alteri
1682 239 1783 268 prava
1809 230 1952 270 suspicio

171 300 236 344 (11.
250 299 386 339 503,)
405 295 550 334 iniicitur,
569 298 604 323 ut
621 302 737 323 sensus
757 293 813 323 sit:
826 293 856 322 in
875 302 913 322 eo
929 292 1013 332 quod
1031 302 1081 322 me
1096 292 1195 321 laedis
1211 296 1242 321 et
1261 302 1393 332 pravam
1408 292 1447 322 de
1461 296 1515 323 tua
1532 301 1612 333 erga
1627 301 1678 322 me
1697 291 1812 333 agendi
1830 293 1951 322 ratione

169 358 382 397 suspicionem
398 356 469 386 mihi
487 356 598 397 iniicis9
615 365 717 395 neque
732 360 783 385 est
810 354 1000 385 commodum
1027 363 1128 393 neque
1153 363 1264 391 causa,
1291 363 1348 384 cur
1375 359 1409 384 tu
1428 355 1468 384 ad
1495 354 1628 385 eundem
1655 354 1775 384 modum
1802 359 1951 394 repeten-

168 421 239 451 dum
266 420 408 450 festines.
461 419 575 449 Altera
608 428 690 448 voce
717 418 873 448 cunctatio
900 416 1108 457 significatur,
1136 421 1170 447 ut
1192 426 1309 446 sensus
1337 419 1402 446 sit:
1439 417 1468 447 in
1495 427 1544 455 eo,
1573 418 1655 457 quod
1681 418 1710 447 in
1737 420 1769 447 te
1795 416 1949 456 puniendo

168 487 310 524 cuncter,
337 491 438 513 causa
464 491 525 511 non
555 486 617 519 est,
644 485 679 510 ut
705 479 846 510 festines.
878 480 1041 509 Posterior
1066 478 1194 519 legendi
1219 478 1332 508 modus
1359 479 1389 508 in
1416 480 1572 511 Mersukii
1600 480 1709 510 codice
1737 480 1900 519 reperitur.

167 596 200 625 6.
243 595 315 632 qu
347 597 464 629 aulem,
501 593 574 622 licet
601 592 673 621 olim
703 595 758 620 lua
785 591 902 628 aqemlc'
932 592 1011 618 rateo
1034 589 1111 617 milri
1132 587 1332 625 displicebat,
1364 590 1468 616 tamen
1491 589 1703 618 condonabam
1729 594 1760 618 et
1781 590 1856 619 bene
1877 598 1952 625 crya

967 646 996 671 te
1022 642 1159 679 ayebam.

165 713 196 741 7.
241 710 333 747 Quod
351 713 382 740 si
402 721 420 739 a
442 714 471 739 te
492 718 540 738 me
561 717 702 744 separas,
727 709 760 735 in
782 706 896 735 mwulo
919 706 1082 734 deflet-am.
1102 707 1187 732 luam
1208 704 1401 739 amputabis;
1423 706 1455 732 at
1477 704 1553 742 videl.
1567 714 1659 743 quam
1681 714 1808 733 mmmm
1829 707 1862 733 in
1884 707 1951 733 eius

910 759 1011 787 Iocum
1033 758 1216 787 substituas.

265 836 298 863 In
325 834 427 873 priore
454 841 572 871 versu,
600 831 650 870 qui
676 830 707 859 iu
736 829 894 859 Mersukii
923 827 1034 858 codice
1061 826 1174 867 deest,
1203 831 1265 856 tam
1295 835 1386 855 suam
1415 835 1506 865 quam
1534 828 1626 856 amici
1656 827 1770 868 agendi
1797 828 1949 858 rationem

165 896 247 926 haud
275 905 389 925 novam
416 903 488 924 esse
515 893 600 922 dicit.

262 958 296 986 In
325 957 503 996 posteriore
530 964 657 996 noxam,
684 963 773 993 quam
801 963 842 983 ex
869 952 1083 992 separatione,
1111 962 1204 992 quam
1232 952 1353 981 amicus
1381 952 1439 981 sibi
1458 952 1488 981 iu
1515 952 1650 982 animum
1677 951 1845 991 induxerit,
1873 961 1948 992 pro-

164 1020 298 1050 dituram
325 1028 419 1056 esse,
449 1017 599 1047 ostendit.
660 1017 814 1047 Futurum
842 1025 932 1053 esse,
960 1018 992 1044 ut
1018 1015 1136 1053 optimo
1161 1014 1305 1045 adiutore
1332 1015 1484 1053 privetur.
1549 1014 1701 1045 Mundum
1737 1012 1835 1052 tffjtxll
1863 1015 1949 1055 dicit,

164 1081 270 1112 mundi
302 1082 384 1110 mala
423 1078 671 1121 significaturus.
726 1078 818 1116 Quod
853 1078 946 1107 homo
985 1087 1077 1107 manu
1109 1086 1219 1107 omnes
1247 1087 1298 1106 res
1326 1076 1462 1118 perficit,
1491 1087 1602 1108 manus
1629 1079 1778 1108 auxilium
1805 1077 1951 1119 designat

163 1142 267 1174 conf.
303 1143 365 1172 Ha
384 1153 420 1172 m.
447 1141 493 1171 fni.
521 1151 553 1171 v.
584 1142 613 1174 1.
640 1140 682 1171 Ut
708 1145 815 1171 autem
841 1140 871 1169 in
899 1139 1050 1170 dexterae
1080 1142 1261 1178 amputatae
1290 1139 1390 1168 locum
1419 1139 1520 1168 altera
1547 1148 1659 1169 manus
1686 1138 1860 1169 succedere
1888 1148 1950 1168 non

163 1210 282 1246 potest,
310 1205 358 1235 sic
383 1209 479 1244 poeta
507 1209 629 1245 noster,
655 1213 693 1233 se
718 1204 843 1244 relicto,
869 1203 1026 1232 neminem
1052 1203 1157 1232 vicem
1185 1203 1383 1242 expleturum
1411 1212 1486 1232 esse
1522 1202 1605 1233 dicit.

162 1316 194 1346 8.
238 1317 326 1355 Inter
348 1315 489 1344 homines
511 1318 632 1349 autem,
657 1315 687 1342 si
707 1314 862 1342 amiculae
885 1315 957 1341 luae
981 1312 1107 1341 vincula.
1128 1316 1337 1350 rumplmlur,
1367 1316 1457 1346 sunl,
1483 1314 1538 1350 qui
1559 1322 1593 1341 ee
1612 1321 1734 1341 mecum
1756 1313 1952 1347 coniunqant

573 1370 604 1395 et
624 1368 655 1394 in
678 1369 763 1394 let-ru
787 1365 875 1394 Iocus
898 1369 1025 1402 est‚quo
1053 1366 1090 1394 ab
1114 1367 1177 1394 odii
1198 1367 1285 1395 domo
1308 1368 1414 1395 recedi
1429 1370 1538 1403 polest.

234 1451 298 1480 Iam
313 1460 350 1480 se
369 1450 525 1480 consolari
552 1449 669 1488 incipit,
697 1449 804 1478 dicens
833 1459 880 1487 se,
910 1449 934 1479 si
963 1450 1082 1478 amicus
1110 1449 1139 1478 in
1166 1448 1353 1478 alienatione
1380 1458 1439 1478 sua
1465 1453 1664 1487 perseveret,
1681 1447 1753 1477 alibi
1770 1449 1870 1476 virum
1898 1447 1948 1476 in-

161 1518 331 1543 venturum
359 1521 444 1548 esse,
472 1512 522 1550 qui
550 1521 641 1541 suam
673 1511 838 1541 amicitiam
867 1514 981 1550 cupiat.
1011 1511 1143 1550 Locum,
1170 1511 1219 1540 ubi
1247 1511 1335 1540 alteri
1363 1511 1512 1541 inedium
1539 1510 1658 1548 veniat,
1686 1519 1755 1539 cum
1782 1509 1842 1539 alio
1873 1519 1948 1548 per-

164 1574 347 1605 mutandum
375 1584 459 1604 esse.
513 1574 555 1604 Ut
582 1584 667 1604 amor
696 1574 848 1613 abruptus
877 1583 945 1603 cum
974 1574 1048 1603 fune
1076 1578 1167 1613 rupto
1196 1573 1305 1613 (Ham.
1333 1584 1358 1601 Λ.
1384 1584 1414 1602 v.
1443 1574 1474 1603 5.
1503 1572 1577 1605 Wf.
1605 1583 1636 1605 v.
1665 1573 1716 1611 4.)
1744 1577 1949 1611 comparatus

167 1644 229 1679 est,
259 1638 308 1667 sic
334 1639 363 1667 in
390 1642 499 1667 nostro
529 1646 615 1666 amor
644 1636 725 1666 haud
752 1637 897 1666 sincerus
923 1641 954 1665 et
980 1641 1149 1675 corruptus
1180 1644 1249 1665 cum
1277 1636 1348 1666 fune
1376 1637 1458 1666 trito.
1498 1636 1548 1665 Ad
1575 1636 1654 1666 lianc
1682 1635 1949 1674 comparationem

161 1712 227 1732 vox
252 1698 335 1740 ἁκεῖ,
364 1698 595 1742 (coniungens)
622 1700 787 1730 referenda
811 1705 874 1731 ‘esti
930 1702 990 1740 Qui
1019 1702 1150 1731 alterius
1181 1702 1346 1732 amicitiam
1374 1699 1470 1738 cupit,
1500 1701 1526 1728 is
1555 1704 1621 1738 est,
1656 1700 1707 1737 qui
1734 1698 1838 1728 funem
1866 1698 1948 1728 illum

161 1769 282 1804 ruptum
309 1764 480 1804 coniungit.
511 1763 646 1792 Domum
675 1762 735 1792 odii
762 1763 947 1794 domicilium
970 1774 1060 1794 suum
1081 1766 1265 1803 appellavit,
1284 1762 1363 1802 quod
1388 1763 1487 1792 amico
1506 1762 1638 1801 pristino
1667 1762 1696 1791 in
1722 1760 1826 1790 odium
1851 1761 1947 1789 venit.

161 1826 261 1856 Simili
287 1825 376 1855 modo
404 1826 484 1855 alius
509 1822 608 1869 0554AE
627 1822 676 1868 ,50
711 1823 836 1867 (domus
864 1826 1053 1866 despectus)
1079 1827 1167 1857 dixit.

160 1937 192 1965 9.
235 1936 273 1966 Se·
292 1947 367 1974 crya
385 1938 520 1975 fratrem
538 1941 625 1967 tuum
645 1939 761 1966 im'usle
783 1939 862 1975 nqis,
886 1947 968 1975 enm,
992 1940 1021 1966 .ςί
1041 1940 1131 1974 sapil,
1157 1939 1189 1965 ιή
1208 1938 1307 1975 suque
1328 1936 1425 1964 latere
1447 1936 1595 1963 invenies.

261 2019 463 2058 Propositum
491 2027 580 2048 suum
607 2018 753 2055 abeundi,
781 2018 862 2057 quod
890 2019 948 2048 iam
969 2020 1096 2058 cepisse
1119 2020 1254 2059 videtur,
1277 2019 1390 2048 videus
1407 2018 1536 2047 amicum
1555 2015 1671 2056 agendi
1687 2017 1838 2045 rationem
1859 2023 1948 2044 suam

161 2090 222 2110 non
250 2081 449 2122 relinquere,
476 2082 609 2120 probare
640 2081 756 2110 studet.
814 2081 910 2110 Stulti
943 2090 1015 2110 esse
1048 2082 1130 2120 apud
1162 2082 1287 2111 fratrem
1321 2081 1470 2109 iniustum
1506 2087 1680 2107 remanere.
1745 2076 1946 2106 Scholiastes

161 2143 261 2172 verba
286 2144 363 2179 Νίκῃ,
390 2140 452 2187 00²
468 2142 506 2187 Ol
534 2142 692 2181 pulchram
721 2142 931 2172 conditionem
960 2143 1144 2183 appellavit,
1161 2144 1273 2183 quippe
1296 2142 1344 2170 vir
1363 2140 1445 2170 haud
1473 2139 1653 2180 intelligens
1683 2141 1763 2168 iuter
1792 2136 1945 2168 beneficia

162 2209 197 2234 et
225 2204 399 2245 malefacta,
426 2205 502 2233 inter
530 2204 717 2242 aequitatem
745 2207 775 2234 et
802 2205 985 2234 iniustitiam
1013 2205 1181 2235 discrimen
1208 2215 1268 2235 uon
1296 2205 1402 2235 faciat.

159 2316 215 2345 10.
258 2316 304 2346 Et
325 2325 365 2344 ne
386 2318 502 2345 iniuste
521 2326 596 2353 erqa
615 2326 685 2345 eum
707 2326 798 2353 ayas,
819 2315 921 2352 ‚qladii
941 2317 1021 2344 aciei
1042 2326 1076 2344 se
1102 2318 1277 2349 committet,
1301 2316 1332 2343 si
1348 2313 1449 2350 qladii
1470 2315 1564 2341 aciem
1587 2314 1704 2341 evitare
1726 2318 1786 2338 non
1813 2311 1922 2345 polest.

257 2398 359 2436 Quum
387 2398 527 2428 iniuriam
565 2398 665 2427 nobisv
682 2397 796 2427 illatam
824 2397 908 2426 ferre
935 2406 996 2426 non
1023 2397 1193 2427 debeamus
1219 2394 1333 2439 (conf.
1361 2394 1458 2425 Meid.
1487 2395 1524 2425 C.
1557 2394 1612 2434 10,
1643 2393 1720 2423 121-
1750 2390 1807 2431 23,
1839 2390 1941 2429 208.)

159 2465 189 2490 et
214 2460 368 2490 iniustitia
391 2461 523 2490 fratrum
551 2466 582 2490 et
610 2460 782 2490 amicorum
809 2459 945 2489 omnium
970 2469 1073 2489 rerum
1099 2459 1312 2500 ingratissima
1336 2460 1394 2499 sit3
1421 2468 1460 2488 ea
1486 2457 1568 2487 omui
1595 2455 1686 2486 modo
1701 2453 1853 2495 fugienda
1881 2456 1942 2490 est,

161 2526 194 2551 ut
219 2523 324 2560 potius
351 2523 520 2552 maximum
545 2523 719 2561 periculum
745 2522 928 2559 subeamus,
956 2530 1046 2560 quam
1072 2522 1101 2551 ei
1130 2531 1188 2551 nos
1215 2522 1447 2552 submittamus.
1487 2519 1541 2549 Nil
1567 2523 1674 2548 autem
1700 2516 1739 2546 ad
1767 2516 1942 2544 vulueran-

160 2583 232 2613 dum
260 2584 363 2624 magis
389 2589 497 2624 aptum
527 2588 587 2624 est,
615 2593 708 2624 quam
736 2583 831 2625 gladii
860 2583 965 2622 acies3
994 2584 1046 2622 qui
1068 2583 1165 2624 igitur
1192 2583 1289 2625 gladii
1315 2583 1383 2613 acie
1413 2587 1561 2621 tanquam
1591 2579 1725 2608 iumento
1746 2577 1883 2616 vehitur,
1910 2576 1942 2605 in

159 2653 282 2674 summo
310 2646 451 2684 periculo
474 2651 641 2686 versatur,
680 2650 714 2676 ut
745 2646 813 2676 fieri
848 2655 910 2675 non
934 2645 1059 2686 possit,
1087 2645 1160 2684 quin
1188 2646 1385 2676 vulneretur.
1438 2643 1547 2672 Hosce
1572 2639 1652 2670 duos
1677 2647 1794 2669 versus
1821 2637 1936 2668 Ahbd-
