2155 2892
131 486 196 530 (p.
208 485 338 529 (385.)
757 484 977 528 CAPUT
1013 486 1305 530 SEXTUM.

513 588 596 629 De
649 588 1032 645 hospitibus
1083 592 1541 647 laudibusque.

1024 685 1064 717 Ι.

539 750 790 784 onitaihan
814 752 853 785 h.
879 750 1092 794 Bodjair
1113 751 1361 786 Blasenita
1381 752 1519 789 «lixit.

245 823 345 852 Poeta
372 831 390 850 e
418 826 516 862 gente
545 822 653 852 Harits
688 822 717 853 b.
747 822 836 853 Cahb
864 824 1015 854 oriundus
1043 828 1124 855 erat.
1177 824 1303 854 Nomen
1332 830 1388 857 aut
1414 837 1433 857 a
1460 835 1541 856 voce
1568 829 1640 855 :sia-xx:
1669 827 1800 867 (limen)
1825 832 1880 859 aut
1906 838 1925 859 a

464 879 490 890 ..‚

129 898 252 928 nomine
272 895 397 936 proprio
425 899 508 934 524-st
540 896 622 935 quod
647 897 685 926 ab
716 897 778 927 alia
803 907 885 928 voce
912 900 1100 929 translatum
1127 908 1189 929 non
1216 899 1268 939 sit,
1296 901 1434 932 derivari
1462 910 1561 941 posse
1588 906 1731 932 censent.

129 1007 156 1035 1.
202 1005 330 1041 Quoties
353 1006 400 1034 vir
423 1015 518 1034 canes
540 1006 583 1034 ad
601 1006 783 1036 latrandum
806 1008 978 1046 excitabat,
1001 1018 1092 1047 quem
1116 1013 1218 1039 noctis
1241 1015 1377 1048 tempore
1403 1012 1480 1040 bubo
1511 1012 1544 1039 in
1567 1019 1705 1039 errorem
1732 1010 1866 1039 ducebat
1885 1010 1928 1039 ad

473 1063 615 1099 quana-is
638 1071 752 1096 rocem,
777 1063 849 1091 dum
873 1064 906 1091 in
929 1063 1008 1092 sella
1030 1061 1087 1103 [ob
1107 1062 1368 1104 sonmolenliam)
1391 1063 1590 1093 inclinabat!

228 1129 306 1159 'Pale
333 1130 477 1160 carminis
505 1130 624 1160 initium
651 1140 751 1170 saepe
778 1131 937 1162 invenitur
965 1133 1067 1163 conf.
1098 1133 1191 1163 Ham.
1218 1134 1259 1163 ‘ii-
1285 1134 1339 1163 ‘tw‘
1366 1133 1539 1163 Rasmuss.
1568 1132 1724 1163 Additam.
1752 1142 1782 1172 p.
1814 1133 1862 1162 t”v.
1889 1132 1925 1161 In

130 1192 259 1222 deserto
294 1198 453 1223 errantem
489 1199 522 1224 et
558 1194 729 1233 hospitium
764 1200 970 1233 quaerentem
1007 1196 1167 1226 describit.
1227 1197 1287 1226 Hic
1314 1196 1426 1227 itinere
1456 1196 1610 1238 fatigatus
1634 1203 1667 1228 et
1693 1197 1926 1235 somnolentus,

128 1265 221 1295 quum
247 1255 418 1295 hospitium
444 1255 650 1286 vehementer
678 1255 850 1296 desideret,
878 1267 897 1287 a
923 1268 1006 1289 voce
1033 1261 1180 1299 repetita,
1199 1269 1279 1299 quae
1297 1269 1417 1301 graeco
1444 1260 1569 1289 nomine
1595 1260 1707 1291 echo
1735 1259 1925 1301 appellatur,

127 1328 228 1358 saepe
255 1317 411 1357 deceptus
443 1317 483 1348 ad
510 1327 632 1348 omnem
659 1328 773 1349 sonum
800 1329 897 1350 aures
925 1321 1030 1362 erigit.
1083 1322 1238 1352 Solebant
1264 1327 1382 1363 autem,
1411 1327 1445 1353 ut
1471 1323 1591 1364 gentis,
1620 1326 1711 1354 cuius
1738 1324 1829 1354 locus
1848 1322 1925 1363 ipsis

126 1379 256 1420 ignotus
284 1383 386 1419 esset,
417 1388 511 1409 canes
538 1379 578 1409 ad
606 1380 783 1410 latrandum
810 1381 990 1423 incitarent,
1019 1383 1108 1414 canis
1136 1385 1281 1415 latrantis
1307 1394 1420 1415 vocem
1450 1385 1574 1415 imitari.
1613 1386 1697 1416 Voci
1724 1387 1825 1425 ὁᾲιο
1851 1387 1924 1415 avis

128 1446 224 1472 noctu
251 1442 470 1480 vociferantis,
497 1443 634 1473 maxime
662 1443 795 1473 bubonis
823 1445 920 1474 maris
947 1444 1210 1485 significationem
1239 1446 1387 1476 tribuunt.
1441 1446 1497 1476 Sic
1522 1446 1552 1475 in
1572 1455 1672 1475 versu
1694 1445 1925 1475 Abu-Mokbili

129 1504 239 1543 (metr.
268 1505 415 1544 Basith):
453 1505 702 1546 Desertum,
738 1507 774 1536 in
810 1516 888 1546 quo
922 1517 1094 1546 versor,
1138 1518 1197 1538 me
1241 1518 1320 1538 uon
1362 1513 1524 1549 terret,
1569 1517 1690 1547 quum
1729 1507 1923 1537 bubones

129 1575 279 1596 summo
308 1567 498 1597 diluculo
526 1568 611 1598 sibi
638 1570 821 1600 invicem
850 1580 953 1601 voce
980 1571 1253 1610 respondent.
1299 1570 1394 1611 Sunt,
1422 1571 1473 1609 qui
1502 1579 1584 1600 voce
1611 1572 1752 1609 speciem
1779 1570 1926 1600 locusta-

128 1636 210 1667 rum,
238 1637 318 1666 quae
347 1628 406 1658 diei
435 1630 599 1668 noctisque
627 1635 770 1670 tempore
800 1642 913 1662 vocem
934 1632 1040 1669 edant,
1068 1632 1239 1672 significari
1266 1632 1465 1662 contendant.
1495 1633 1529 1662 In
1557 1641 1657 1662 versu
1685 1636 1795 1661 nostro
1823 1631 1924 1662 echus

127 1688 318 1730 significatio
345 1690 511 1728 aptissima
538 1690 676 1731 videtur,
705 1701 798 1731 quam
826 1702 950 1733 vocem,
979 1696 1012 1722 ut
1041 1691 1159 1722 Graeci
1186 1703 1255 1723 cum
1284 1694 1409 1734 femina,
1437 1695 1486 1724 sic
1513 1695 1639 1725 Arabes
1658 1704 1730 1725 cum
1757 1704 1819 1724 ave
1846 1703 1925 1724 con-

128 1751 274 1780 iunxisse
304 1750 463 1781 videntur.
492 1753 675 1782 Mersukius
704 1754 880 1791 adnotavit,
910 1755 1037 1784 Arabes
1060 1754 1229 1794 hospitium
1258 1760 1406 1795 petentes
1435 1757 1590 1786 camelum
1620 1757 1658 1787 ad
1687 1756 1923 1787 vociferantium

127 1812 271 1852 incitare,
299 1822 432 1852 quacum
459 1823 493 1843 re
530 1816 690 1853 proverbii
726 1817 827 1846 verba
863 1817 1025 1857 »mugitus
1052 1818 1122 1847 eius
1158 1823 1274 1857 aequat
1301 1823 1492 1848 vocantem«
1522 1818 1715 1849 cohaereant
1742 1818 1857 1856 (Meid.
1886 1818 1924 1848 C.

129 1874 188 1914 22,
217 1874 304 1914 53.).
345 1875 448 1904 Huius
473 1879 518 1906 rei
545 1877 783 1908 Motammimus
810 1879 839 1908 in
866 1889 966 1909 versu
992 1885 1150 1920 sequente
1178 1880 1368 1910 mentionem
1396 1880 1473 1910 fecit
1503 1880 1612 1919 (metr.
1631 1880 1793 1919 ThawiU:
1821 1879 1924 1918 Quo-

127 1939 210 1966 ties
238 1937 418 1978 hospeS,
446 1948 561 1978 quum
588 1941 788 1971 camelum
815 1942 960 1972 noctis
987 1948 1203 1982 tempore,
1223 1947 1265 1972 ut
1292 1942 1531 1981 vociferet,
1559 1941 1702 1984 adigit
1729 1947 1766 1973 et
1794 1943 1922 1982 capti-

128 2008 205 2028 vus
232 1999 337 2028 loris
367 2001 540 2030 vinctus
570 2006 654 2042 est,
682 2002 816 2033 donec
843 2005 1134 2036 contrahatur
1161 2005 1277 2044 (schol.
1308 2014 1396 2035 vers.
1424 2004 1581 2044 secundi).

129 2096 160 2124 2.
207 2095 278 2132 Eyo
301 2099 404 2124 autem
424 2099 513 2133 yenit·
533 2108 619 2127 mene
640 2099 728 2127 dioei:
752 2098 815 2135 Qui
835 2103 974 2138 mugitus
996 2104 1129 2130 iumenti
1150 2105 1180 2131 el
1201 2106 1296 2131 noctu
1320 2105 1380 2130 iter
1399 2103 1547 2140 facientis
1569 2104 1626 2138 est,
1642 2111 1732 2140 quem
1755 2110 1851 2130 canes
1869 2100 1920 2129 la-

768 2157 891 2183 trantes
911 2155 1046 2192 hospilio
1069 2155 1290 2193 exceperunt?

226 2218 317 2256 Quae
344 2218 382 2249 ad
411 2219 543 2258 priorem
573 2230 704 2250 versum
732 2221 880 2261 diximus,
909 2233 945 2254 ea
972 2224 1046 2254 huic
1073 2224 1261 2263 explicando
1289 2224 1478 2254 inserviunt.
1531 2224 1632 2254 Poeta
1670 2223 1780 2253 cameli
1807 2231 1919 2252 vocem

126 2281 258 2312 audiens
286 2286 413 2322 gentem
442 2282 606 2322 alloquitur
632 2288 665 2312 et
701 2284 825 2314 laudem
854 2285 892 2314 ob
920 2285 1168 2325 hospitalitatem
1196 2292 1377 2326 praeparat.
1430 2287 1643 2327 interrogatio
1673 2291 1779 2316 autem
1805 2284 1919 2323 prioris

126 2343 227 2382 partis
255 2344 293 2373 ob
321 2344 508 2382 posterioris
547 2348 645 2385 partis
674 2346 774 2376 verba
800 2347 964 2385 superflua
991 2352 1064 2388 est,
1103 2357 1174 2377 nam
1209 2348 1316 2378 verbis
1343 2349 1415 2378 istis
1443 2348 1559 2378 additis
1587 2357 1717 2378 causam
1743 2346 1802 2375 sibi
1834 2345 1918 2376 haud

127 2407 269 2446 ignotam
296 2414 372 2435 esse
402 2406 551 2436 ostendit.
614 2407 886 2438 Consuetudinem
924 2409 983 2438 iter
1013 2409 1193 2439 facientium
1220 2420 1359 2448 sequens
1390 2420 1518 2451 quoque
1544 2419 1563 2439 a
1590 2409 1763 2440 scholiaste
1790 2407 1917 2437 adlatus

126 2477 244 2497 versus
272 2468 410 2498 illustrat
437 2470 544 2507 (metr.
573 2471 795 2510 Motakarib):
821 2471 872 2501 Et
898 2480 1058 2501 vocans
1086 2473 1580 2513 vocavit,posteaquam
1607 2472 1728 2512 regio
1755 2470 1918 2501 deserti

128 2529 220 2559 ioco
248 2533 289 2560 ei
319 2530 428 2560 sacta
456 2536 547 2561 erat
574 2537 614 2562 et
641 2541 784 2562 canem
813 2532 1041 2562 latrantem
1069 2532 1264 2564 imitatus
1290 2544 1365 2564 nou
1392 2540 1472 2566 est.
1542 2535 1640 2564 Poeta
1666 2543 1775 2574 canes,
1802 2534 1917 2574 quippe

125 2593 251 2623 latranti
278 2603 357 2623 voce
385 2603 444 2624 sua
471 2595 695 2634 respondeant,
727 2595 863 2634 hospitio
891 2594 1089 2634 excipientes
1121 2592 1210 2628 facit.
