<?xml version="1.0" encoding="UTF-8"?>
<!DOCTYPE html PUBLIC "-//W3C//DTD XHTML 1.0 Transitional//EN"
    "http://www.w3.org/TR/xhtml1/DTD/xhtml1-transitional.dtd">
<html xmlns="http://www.w3.org/1999/xhtml" xml:lang="en" lang="en">
 <head>
  <title>
</title>
<meta http-equiv="Content-Type" content="text/html;charset=utf-8" />
  <meta name='ocr-system' content='tesseract 3.04.00' />
  <meta name='ocr-capabilities' content='ocr_page ocr_carea ocr_par ocr_line ocrx_word'/>
</head>
<body>
  <div class='ocr_page' id='page_1' title='image "./p2hamassaecarmin02abbiuoft_0061.png"; bbox 0 0 2155 2892; ppageno 0'>
   <div class='ocr_carea' id='block_1_1' title="bbox 963 115 1206 146">
    <p class='ocr_par' dir='ltr' id='par_1_1' title="bbox 963 115 1206 146">
     <span class='ocr_line' id='line_1_1' title="bbox 963 115 1206 146; baseline 0 -7"><span class='ocrx_word' id='word_1_1' title='bbox 963 115 1206 146; x_wconf 60' lang='grc' dir='ltr'>-οι-</span> 
     </span>
    </p>
   </div>
   <div class='ocr_carea' id='block_1_2' title="bbox 187 212 1975 942">
    <p class='ocr_par' dir='ltr' id='par_1_2' title="bbox 187 212 1975 942">
     <span class='ocr_line' id='line_1_2' title="bbox 197 212 1974 257; baseline 0.002 -14"><span class='ocrx_word' id='word_1_2' title='bbox 197 213 291 253; x_wconf 68' lang='lat' dir='ltr'>eulpa</span> <span class='ocrx_word' id='word_1_3' title='bbox 307 213 444 243; x_wconf 76' lang='lat' dir='ltr'>occisum</span> <span class='ocrx_word' id='word_1_4' title='bbox 465 223 640 252; x_wconf 77' lang='lat' dir='ltr'>euniesse3</span> <span class='ocrx_word' id='word_1_5' title='bbox 666 222 704 243; x_wconf 84' lang='lat' dir='ltr'>se</span> <span class='ocrx_word' id='word_1_6' title='bbox 732 215 833 253; x_wconf 85' lang='lat' dir='ltr'>pretio</span> <span class='ocrx_word' id='word_1_7' title='bbox 860 212 1035 244; x_wconf 82' lang='lat' dir='ltr'>destinatos</span> <span class='ocrx_word' id='word_1_8' title='bbox 1062 214 1203 244; x_wconf 79' lang='lat' dir='ltr'>camelos</span> <span class='ocrx_word' id='word_1_9' title='bbox 1230 214 1425 256; x_wconf 76' lang='lat' dir='ltr'>adduxisse,</span> <span class='ocrx_word' id='word_1_10' title='bbox 1453 216 1648 257; x_wconf 79' lang='lat' dir='ltr'>eosdemque</span> <span class='ocrx_word' id='word_1_11' title='bbox 1663 216 1804 248; x_wconf 81' lang='lat' dir='ltr'>vendero</span> <span class='ocrx_word' id='word_1_12' title='bbox 1821 218 1974 248; x_wconf 77' lang='lat' dir='ltr'>noluisse.</span> 
     </span>
     <span class='ocr_line' id='line_1_3' title="bbox 193 272 1975 318; baseline 0.003 -13"><span class='ocrx_word' id='word_1_13' title='bbox 193 275 282 306; x_wconf 76' lang='lat' dir='ltr'>Loco</span> <span class='ocrx_word' id='word_1_14' title='bbox 310 275 398 305; x_wconf 82' lang='lat' dir='ltr'>verbi</span> <span class='ocrx_word' id='word_1_15' title='bbox 424 273 513 314; x_wconf 53' lang='lat'>*51:95</span> <span class='ocrx_word' id='word_1_16' title='bbox 538 275 654 316; x_wconf 87' lang='lat' dir='ltr'>legitur</span> <span class='ocrx_word' id='word_1_17' title='bbox 682 272 770 304; x_wconf 46' lang='grc' dir='ltr'>..οἱδὶ</span> <span class='ocrx_word' id='word_1_18' title='bbox 803 280 855 304; x_wconf 81' lang='lat' dir='ltr'>»te</span> <span class='ocrx_word' id='word_1_19' title='bbox 882 275 972 314; x_wconf 82' lang='lat' dir='ltr'>parvi</span> <span class='ocrx_word' id='word_1_20' title='bbox 1003 284 1063 305; x_wconf 92' lang='lat' dir='ltr'>non</span> <span class='ocrx_word' id='word_1_21' title='bbox 1091 276 1186 306; x_wconf 76' lang='lat' dir='ltr'>feci«.</span> <span class='ocrx_word' id='word_1_22' title='bbox 1249 277 1368 308; x_wconf 76' lang='lat' dir='ltr'>varius</span> <span class='ocrx_word' id='word_1_23' title='bbox 1399 278 1527 318; x_wconf 82' lang='lat' dir='ltr'>legendi</span> <span class='ocrx_word' id='word_1_24' title='bbox 1563 279 1674 310; x_wconf 77' lang='lat' dir='ltr'>modus</span> <span class='ocrx_word' id='word_1_25' title='bbox 1709 280 1778 309; x_wconf 83' lang='lat' dir='ltr'>sine</span> <span class='ocrx_word' id='word_1_26' title='bbox 1813 280 1906 310; x_wconf 89' lang='lat' dir='ltr'>dubio</span> <span class='ocrx_word' id='word_1_27' title='bbox 1933 291 1975 310; x_wconf 83' lang='lat' dir='ltr'>ex</span> 
     </span>
     <span class='ocr_line' id='line_1_4' title="bbox 190 336 1975 382; baseline 0.003 -14"><span class='ocrx_word' id='word_1_28' title='bbox 190 341 311 368; x_wconf 81' lang='lat' dir='ltr'>omisso</span> <span class='ocrx_word' id='word_1_29' title='bbox 338 344 452 378; x_wconf 86' lang='lat' dir='ltr'>puncto</span> <span class='ocrx_word' id='word_1_30' title='bbox 483 338 644 369; x_wconf 80' lang='lat' dir='ltr'>dincritico</span> <span class='ocrx_word' id='word_1_31' title='bbox 671 344 761 368; x_wconf 84' lang='lat' dir='ltr'>ortus</span> <span class='ocrx_word' id='word_1_32' title='bbox 788 343 848 368; x_wconf 84' lang='lat' dir='ltr'>est.</span> <span class='ocrx_word' id='word_1_33' title='bbox 902 338 1012 369; x_wconf 74' lang='lat' dir='ltr'>Verba</span> <span class='ocrx_word' id='word_1_34' title='bbox 1035 336 1124 376; x_wconf 52' lang='grc' dir='ltr'>όῷῑ</span> <span class='ocrx_word' id='word_1_35' title='bbox 1150 336 1176 373; x_wconf 75' lang='lat'><em>)</em></span> <span class='ocrx_word' id='word_1_36' title='bbox 1202 339 1383 379; x_wconf 81' lang='lat' dir='ltr'>significant</span> <span class='ocrx_word' id='word_1_37' title='bbox 1420 343 1472 370; x_wconf 83' lang='lat' dir='ltr'>»te</span> <span class='ocrx_word' id='word_1_38' title='bbox 1505 350 1565 370; x_wconf 87' lang='lat' dir='ltr'>non</span> <span class='ocrx_word' id='word_1_39' title='bbox 1602 340 1673 371; x_wconf 80' lang='lat' dir='ltr'>dedi</span> <span class='ocrx_word' id='word_1_40' title='bbox 1706 342 1793 382; x_wconf 80' lang='lat' dir='ltr'>genti</span> <span class='ocrx_word' id='word_1_41' title='bbox 1818 342 1858 372; x_wconf 78' lang='lat' dir='ltr'>ad</span> <span class='ocrx_word' id='word_1_42' title='bbox 1885 343 1975 372; x_wconf 86' lang='lat' dir='ltr'>occi-</span> 
     </span>
     <span class='ocr_line' id='line_1_5' title="bbox 190 399 1971 447; baseline 0.004 -17"><span class='ocrx_word' id='word_1_43' title='bbox 190 399 338 440; x_wconf 88' lang='lat' dir='ltr'>dendum,</span> <span class='ocrx_word' id='word_1_44' title='bbox 365 406 399 432; x_wconf 88' lang='lat' dir='ltr'>ut</span> <span class='ocrx_word' id='word_1_45' title='bbox 420 401 559 432; x_wconf 78' lang='lat' dir='ltr'>camelos</span> <span class='ocrx_word' id='word_1_46' title='bbox 581 411 642 431; x_wconf 92' lang='lat' dir='ltr'>non</span> <span class='ocrx_word' id='word_1_47' title='bbox 659 401 892 437; x_wconf 70' lang='lat' dir='ltr'>adducerentur:</span> <span class='ocrx_word' id='word_1_48' title='bbox 920 402 998 432; x_wconf 84' lang='lat' dir='ltr'>alter</span> <span class='ocrx_word' id='word_1_49' title='bbox 1024 407 1130 433; x_wconf 83' lang='lat' dir='ltr'>nutem</span> <span class='ocrx_word' id='word_1_50' title='bbox 1151 403 1278 444; x_wconf 80' lang='lat' dir='ltr'>legendi</span> <span class='ocrx_word' id='word_1_51' title='bbox 1297 402 1409 433; x_wconf 88' lang='lat' dir='ltr'>modus</span> <span class='ocrx_word' id='word_1_52' title='bbox 1428 403 1608 444; x_wconf 83' lang='lat' dir='ltr'>significat:</span> <span class='ocrx_word' id='word_1_53' title='bbox 1637 408 1667 434; x_wconf 85' lang='lat' dir='ltr'>tc</span> <span class='ocrx_word' id='word_1_54' title='bbox 1695 407 1784 444; x_wconf 80' lang='lat' dir='ltr'>parvi</span> <span class='ocrx_word' id='word_1_55' title='bbox 1810 415 1872 436; x_wconf 87' lang='lat' dir='ltr'>non</span> <span class='ocrx_word' id='word_1_56' title='bbox 1897 406 1971 447; x_wconf 80' lang='lat' dir='ltr'>feci,</span> 
     </span>
     <span class='ocr_line' id='line_1_6' title="bbox 190 465 1974 510; baseline 0.002 -16"><span class='ocrx_word' id='word_1_57' title='bbox 190 469 224 494; x_wconf 89' lang='lat' dir='ltr'>ut</span> <span class='ocrx_word' id='word_1_58' title='bbox 249 465 388 494; x_wconf 79' lang='lat' dir='ltr'>camelos</span> <span class='ocrx_word' id='word_1_59' title='bbox 414 473 615 505; x_wconf 83' lang='lat' dir='ltr'>recusarem;</span> <span class='ocrx_word' id='word_1_60' title='bbox 652 465 710 494; x_wconf 81' lang='lat' dir='ltr'>sed</span> <span class='ocrx_word' id='word_1_61' title='bbox 738 470 792 496; x_wconf 80' lang='lat' dir='ltr'>tua</span> <span class='ocrx_word' id='word_1_62' title='bbox 819 475 918 496; x_wconf 82' lang='lat' dir='ltr'>causa</span> <span class='ocrx_word' id='word_1_63' title='bbox 944 465 1134 496; x_wconf 79' lang='lat' dir='ltr'>camelorum</span> <span class='ocrx_word' id='word_1_64' title='bbox 1164 474 1278 506; x_wconf 79' lang='lat' dir='ltr'>agmen</span> <span class='ocrx_word' id='word_1_65' title='bbox 1307 465 1433 496; x_wconf 77' lang='lat' dir='ltr'>adduxi.</span> <span class='ocrx_word' id='word_1_66' title='bbox 1486 465 1686 497; x_wconf 77' lang='lat' dir='ltr'>Scholiastae</span> <span class='ocrx_word' id='word_1_67' title='bbox 1714 477 1774 497; x_wconf 86' lang='lat' dir='ltr'>uon</span> <span class='ocrx_word' id='word_1_68' title='bbox 1802 468 1974 510; x_wconf 78' lang='lat' dir='ltr'>adsentior,</span> 
     </span>
     <span class='ocr_line' id='line_1_7' title="bbox 189 522 1974 570; baseline 0.003 -14"><span class='ocrx_word' id='word_1_69' title='bbox 189 527 240 566; x_wconf 89' lang='lat' dir='ltr'>qui</span> <span class='ocrx_word' id='word_1_70' title='bbox 267 527 365 556; x_wconf 82' lang='lat' dir='ltr'>verba</span> <span class='ocrx_word' id='word_1_71' title='bbox 389 523 479 555; x_wconf 53' lang='lat'>6295</span> <span class='ocrx_word' id='word_1_72' title='bbox 507 522 532 559; x_wconf 52' lang='grc' dir='ltr'><em>λ</em></span> <span class='ocrx_word' id='word_1_73' title='bbox 558 526 738 567; x_wconf 67' lang='lat' dir='ltr'>significare</span> <span class='ocrx_word' id='word_1_74' title='bbox 765 528 860 558; x_wconf 82' lang='lat' dir='ltr'>dixit:</span> <span class='ocrx_word' id='word_1_75' title='bbox 895 529 942 558; x_wconf 81' lang='lat' dir='ltr'>Te</span> <span class='ocrx_word' id='word_1_76' title='bbox 979 528 1070 567; x_wconf 83' lang='lat' dir='ltr'>parvi</span> <span class='ocrx_word' id='word_1_77' title='bbox 1110 527 1230 557; x_wconf 80' lang='lat' dir='ltr'>liabens</span> <span class='ocrx_word' id='word_1_78' title='bbox 1269 529 1420 558; x_wconf 88' lang='lat' dir='ltr'>ultionem</span> <span class='ocrx_word' id='word_1_79' title='bbox 1456 533 1542 558; x_wconf 82' lang='lat' dir='ltr'>tuam</span> <span class='ocrx_word' id='word_1_80' title='bbox 1573 538 1634 558; x_wconf 91' lang='lat' dir='ltr'>non</span> <span class='ocrx_word' id='word_1_81' title='bbox 1661 530 1786 570; x_wconf 76' lang='lat' dir='ltr'>neglexi</span> <span class='ocrx_word' id='word_1_82' title='bbox 1815 536 1848 560; x_wconf 87' lang='lat' dir='ltr'>et</span> <span class='ocrx_word' id='word_1_83' title='bbox 1875 531 1974 562; x_wconf 81' lang='lat' dir='ltr'>verba</span> 
     </span>
     <span class='ocr_line' id='line_1_8' title="bbox 188 585 1974 634; baseline 0.002 -16"><span class='ocrx_word' id='word_1_84' title='bbox 188 585 268 634; x_wconf 60' lang='lat' dir='ltr'>&amp;eu</span> <span class='ocrx_word' id='word_1_85' title='bbox 296 587 365 626; x_wconf 50' lang='lat' dir='ltr'>„Sl</span> <span class='ocrx_word' id='word_1_86' title='bbox 391 586 423 633; x_wconf 47' lang='lat' dir='ltr'>pl</span> <span class='ocrx_word' id='word_1_87' title='bbox 449 588 489 618; x_wconf 89' lang='lat' dir='ltr'>de</span> <span class='ocrx_word' id='word_1_88' title='bbox 515 589 615 628; x_wconf 85' lang='lat' dir='ltr'>pretio</span> <span class='ocrx_word' id='word_1_89' title='bbox 643 590 818 631; x_wconf 76' lang='lat' dir='ltr'>sanguinis,</span> <span class='ocrx_word' id='word_1_90' title='bbox 844 590 928 630; x_wconf 89' lang='lat' dir='ltr'>quod</span> <span class='ocrx_word' id='word_1_91' title='bbox 957 590 1023 630; x_wconf 86' lang='lat' dir='ltr'>ipse</span> <span class='ocrx_word' id='word_1_92' title='bbox 1051 599 1107 630; x_wconf 89' lang='lat' dir='ltr'>pro</span> <span class='ocrx_word' id='word_1_93' title='bbox 1138 590 1246 620; x_wconf 83' lang='lat' dir='ltr'>occiso</span> <span class='ocrx_word' id='word_1_94' title='bbox 1273 590 1337 620; x_wconf 85' lang='lat' dir='ltr'>filio</span> <span class='ocrx_word' id='word_1_95' title='bbox 1366 591 1544 631; x_wconf 85' lang='lat' dir='ltr'>acceperit,</span> <span class='ocrx_word' id='word_1_96' title='bbox 1573 591 1748 631; x_wconf 78' lang='lat' dir='ltr'>intellexit,</span> <span class='ocrx_word' id='word_1_97' title='bbox 1776 601 1844 622; x_wconf 89' lang='lat' dir='ltr'>nam</span> <span class='ocrx_word' id='word_1_98' title='bbox 1871 602 1974 632; x_wconf 87' lang='lat' dir='ltr'>neque</span> 
     </span>
     <span class='ocr_line' id='line_1_9' title="bbox 190 650 1973 694; baseline 0.002 -14"><span class='ocrx_word' id='word_1_99' title='bbox 190 650 229 680; x_wconf 85' lang='lat' dir='ltr'>de</span> <span class='ocrx_word' id='word_1_100' title='bbox 255 650 371 681; x_wconf 86' lang='lat' dir='ltr'>ultione</span> <span class='ocrx_word' id='word_1_101' title='bbox 396 659 497 690; x_wconf 89' lang='lat' dir='ltr'>neque</span> <span class='ocrx_word' id='word_1_102' title='bbox 524 650 563 681; x_wconf 87' lang='lat' dir='ltr'>de</span> <span class='ocrx_word' id='word_1_103' title='bbox 591 652 692 691; x_wconf 77' lang='lat' dir='ltr'>pretio</span> <span class='ocrx_word' id='word_1_104' title='bbox 719 653 882 693; x_wconf 84' lang='lat' dir='ltr'>sanguinis</span> <span class='ocrx_word' id='word_1_105' title='bbox 907 653 968 682; x_wconf 87' lang='lat' dir='ltr'>hoc</span> <span class='ocrx_word' id='word_1_106' title='bbox 995 653 1025 682; x_wconf 91' lang='lat' dir='ltr'>in</span> <span class='ocrx_word' id='word_1_107' title='bbox 1052 662 1150 682; x_wconf 82' lang='lat' dir='ltr'>versu</span> <span class='ocrx_word' id='word_1_108' title='bbox 1176 662 1280 683; x_wconf 86' lang='lat' dir='ltr'>sermo</span> <span class='ocrx_word' id='word_1_109' title='bbox 1308 661 1382 682; x_wconf 80' lang='lat' dir='ltr'>esse</span> <span class='ocrx_word' id='word_1_110' title='bbox 1410 658 1527 693; x_wconf 86' lang='lat' dir='ltr'>potest.</span> <span class='ocrx_word' id='word_1_111' title='bbox 1583 652 1686 691; x_wconf 90' lang='lat' dir='ltr'>Quum</span> <span class='ocrx_word' id='word_1_112' title='bbox 1715 653 1799 683; x_wconf 83' lang='lat' dir='ltr'>filius</span> <span class='ocrx_word' id='word_1_113' title='bbox 1830 663 1885 694; x_wconf 88' lang='lat' dir='ltr'>pro</span> <span class='ocrx_word' id='word_1_114' title='bbox 1916 664 1973 685; x_wconf 91' lang='lat' dir='ltr'>oc-</span> 
     </span>
     <span class='ocr_line' id='line_1_10' title="bbox 188 711 1973 754; baseline 0.003 -12"><span class='ocrx_word' id='word_1_115' title='bbox 188 712 255 742; x_wconf 87' lang='lat' dir='ltr'>ciso</span> <span class='ocrx_word' id='word_1_116' title='bbox 279 711 468 742; x_wconf 79' lang='lat' dir='ltr'>Ohtaibailio</span> <span class='ocrx_word' id='word_1_117' title='bbox 496 719 629 744; x_wconf 80' lang='lat' dir='ltr'>necatus</span> <span class='ocrx_word' id='word_1_118' title='bbox 657 718 758 754; x_wconf 82' lang='lat' dir='ltr'>esset,</span> <span class='ocrx_word' id='word_1_119' title='bbox 785 714 903 753; x_wconf 77' lang='lat' dir='ltr'>dubim,</span> <span class='ocrx_word' id='word_1_120' title='bbox 931 724 1002 746; x_wconf 90' lang='lat' dir='ltr'>num</span> <span class='ocrx_word' id='word_1_121' title='bbox 1033 715 1132 754; x_wconf 84' lang='lat' dir='ltr'>patris</span> <span class='ocrx_word' id='word_1_122' title='bbox 1160 715 1262 745; x_wconf 86' lang='lat' dir='ltr'>denuo</span> <span class='ocrx_word' id='word_1_123' title='bbox 1290 716 1408 746; x_wconf 80' lang='lat' dir='ltr'>caedes</span> <span class='ocrx_word' id='word_1_124' title='bbox 1436 715 1621 746; x_wconf 75' lang='lat' dir='ltr'>ulciscenda</span> <span class='ocrx_word' id='word_1_125' title='bbox 1651 717 1703 754; x_wconf 85' lang='lat' dir='ltr'>sit,</span> <span class='ocrx_word' id='word_1_126' title='bbox 1730 722 1762 746; x_wconf 89' lang='lat' dir='ltr'>et</span> <span class='ocrx_word' id='word_1_127' title='bbox 1789 727 1830 746; x_wconf 84' lang='lat' dir='ltr'>ex</span> <span class='ocrx_word' id='word_1_128' title='bbox 1854 727 1973 748; x_wconf 81' lang='lat' dir='ltr'>versus</span> 
     </span>
     <span class='ocr_line' id='line_1_11' title="bbox 187 773 1974 822; baseline 0.003 -18"><span class='ocrx_word' id='word_1_129' title='bbox 187 776 397 815; x_wconf 83' lang='lat' dir='ltr'>sequentibus</span> <span class='ocrx_word' id='word_1_130' title='bbox 424 776 529 806; x_wconf 87' lang='lat' dir='ltr'>verbis</span> <span class='ocrx_word' id='word_1_131' title='bbox 547 773 659 817; x_wconf 44' lang='lat' dir='ltr'>&amp;jhu-a</span> <span class='ocrx_word' id='word_1_132' title='bbox 674 776 712 822; x_wconf 65' lang='lat'>0⁸</span> <span class='ocrx_word' id='word_1_133' title='bbox 743 777 791 806; x_wconf 77' lang='lat' dir='ltr'>»si</span> <span class='ocrx_word' id='word_1_134' title='bbox 819 781 851 807; x_wconf 86' lang='lat' dir='ltr'>te</span> <span class='ocrx_word' id='word_1_135' title='bbox 879 777 1043 807; x_wconf 87' lang='lat' dir='ltr'>occidunt«</span> <span class='ocrx_word' id='word_1_136' title='bbox 1075 778 1233 807; x_wconf 80' lang='lat' dir='ltr'>coniiccre</span> <span class='ocrx_word' id='word_1_137' title='bbox 1261 778 1345 817; x_wconf 83' lang='lat' dir='ltr'>licet,</span> <span class='ocrx_word' id='word_1_138' title='bbox 1376 783 1496 817; x_wconf 85' lang='lat' dir='ltr'>patrem</span> <span class='ocrx_word' id='word_1_139' title='bbox 1525 778 1564 808; x_wconf 90' lang='lat' dir='ltr'>de</span> <span class='ocrx_word' id='word_1_140' title='bbox 1591 778 1646 809; x_wconf 87' lang='lat' dir='ltr'>filii</span> <span class='ocrx_word' id='word_1_141' title='bbox 1672 784 1774 809; x_wconf 84' lang='lat' dir='ltr'>morte</span> <span class='ocrx_word' id='word_1_142' title='bbox 1799 779 1974 821; x_wconf 79' lang='lat' dir='ltr'>dubitasse,</span> 
     </span>
     <span class='ocr_line' id='line_1_12' title="bbox 188 839 1972 882; baseline 0.002 -14"><span class='ocrx_word' id='word_1_143' title='bbox 188 843 224 868; x_wconf 82' lang='lat' dir='ltr'>ut</span> <span class='ocrx_word' id='word_1_144' title='bbox 260 847 362 878; x_wconf 87' lang='lat' dir='ltr'>neque</span> <span class='ocrx_word' id='word_1_145' title='bbox 400 839 528 869; x_wconf 87' lang='lat' dir='ltr'>ultionis</span> <span class='ocrx_word' id='word_1_146' title='bbox 564 849 667 879; x_wconf 81' lang='lat' dir='ltr'>neque</span> <span class='ocrx_word' id='word_1_147' title='bbox 708 840 801 879; x_wconf 82' lang='lat' dir='ltr'>pretii</span> <span class='ocrx_word' id='word_1_148' title='bbox 841 840 1007 881; x_wconf 79' lang='lat' dir='ltr'>sanguinis</span> <span class='ocrx_word' id='word_1_149' title='bbox 1045 851 1086 869; x_wconf 81' lang='lat' dir='ltr'>ex</span> <span class='ocrx_word' id='word_1_150' title='bbox 1125 846 1266 878; x_wconf 80' lang='lat' dir='ltr'>tempore</span> <span class='ocrx_word' id='word_1_151' title='bbox 1298 840 1472 880; x_wconf 83' lang='lat' dir='ltr'>praeterito</span> <span class='ocrx_word' id='word_1_152' title='bbox 1502 842 1689 871; x_wconf 80' lang='lat' dir='ltr'>mentionem</span> <span class='ocrx_word' id='word_1_153' title='bbox 1716 842 1822 872; x_wconf 79' lang='lat' dir='ltr'>facere</span> <span class='ocrx_word' id='word_1_154' title='bbox 1849 848 1972 882; x_wconf 89' lang='lat' dir='ltr'>posset.</span> 
     </span>
     <span class='ocr_line' id='line_1_13' title="bbox 187 898 1973 942; baseline 0.001 -12"><span class='ocrx_word' id='word_1_155' title='bbox 187 899 388 931; x_wconf 82' lang='lat' dir='ltr'>Scholiastes</span> <span class='ocrx_word' id='word_1_156' title='bbox 423 901 607 942; x_wconf 77' lang='lat' dir='ltr'>adnotavit,</span> <span class='ocrx_word' id='word_1_157' title='bbox 644 902 909 942; x_wconf 84' lang='lat' dir='ltr'>significationem</span> <span class='ocrx_word' id='word_1_158' title='bbox 942 902 1030 931; x_wconf 77' lang='lat' dir='ltr'>verbi</span> <span class='ocrx_word' id='word_1_159' title='bbox 1066 898 1116 934; x_wconf 57' lang='grc' dir='ltr'>ΑΒ</span> <span class='ocrx_word' id='word_1_160' title='bbox 1153 901 1213 931; x_wconf 88' lang='lat' dir='ltr'>hoc</span> <span class='ocrx_word' id='word_1_161' title='bbox 1246 902 1276 931; x_wconf 88' lang='lat' dir='ltr'>in</span> <span class='ocrx_word' id='word_1_162' title='bbox 1310 910 1408 932; x_wconf 82' lang='lat' dir='ltr'>versu</span> <span class='ocrx_word' id='word_1_163' title='bbox 1446 902 1637 932; x_wconf 84' lang='lat' dir='ltr'>contrariam</span> <span class='ocrx_word' id='word_1_164' title='bbox 1674 903 1774 932; x_wconf 87' lang='lat' dir='ltr'>verbo</span> <span class='ocrx_word' id='word_1_165' title='bbox 1808 905 1875 932; x_wconf 54' lang='grc' dir='ltr'>»λύ’</span> <span class='ocrx_word' id='word_1_166' title='bbox 1910 913 1973 933; x_wconf 86' lang='lat' dir='ltr'>non</span> 
     </span>
    </p>
   </div>
   <div class='ocr_carea' id='block_1_3' title="bbox 188 963 1971 1005">
    <p class='ocr_par' dir='ltr' id='par_1_3' title="bbox 188 963 1971 1005">
     <span class='ocr_line' id='line_1_14' title="bbox 188 963 1971 1005; baseline 0.002 -13"><span class='ocrx_word' id='word_1_167' title='bbox 188 971 282 1003; x_wconf 81' lang='lat' dir='ltr'>esse;</span> <span class='ocrx_word' id='word_1_168' title='bbox 319 963 376 993; x_wconf 79' lang='lat' dir='ltr'>sed</span> <span class='ocrx_word' id='word_1_169' title='bbox 403 969 527 1003; x_wconf 85' lang='lat' dir='ltr'>poetam</span> <span class='ocrx_word' id='word_1_170' title='bbox 553 968 694 1004; x_wconf 86' lang='lat' dir='ltr'>paratum</span> <span class='ocrx_word' id='word_1_171' title='bbox 722 964 824 994; x_wconf 87' lang='lat' dir='ltr'>fuisse</span> <span class='ocrx_word' id='word_1_172' title='bbox 856 964 1051 1005; x_wconf 80' lang='lat' dir='ltr'>significari,</span> <span class='ocrx_word' id='word_1_173' title='bbox 1095 964 1177 993; x_wconf 88' lang='lat' dir='ltr'>sicut</span> <span class='ocrx_word' id='word_1_174' title='bbox 1205 964 1234 993; x_wconf 87' lang='lat' dir='ltr'>in</span> <span class='ocrx_word' id='word_1_175' title='bbox 1261 964 1369 994; x_wconf 81' lang='lat' dir='ltr'>verbis</span> <span class='ocrx_word' id='word_1_176' title='bbox 1397 964 1514 995; x_wconf 86' lang='lat' dir='ltr'>Corani</span> <span class='ocrx_word' id='word_1_177' title='bbox 1542 965 1634 1003; x_wconf 82' lang='lat' dir='ltr'>(Sur.</span> <span class='ocrx_word' id='word_1_178' title='bbox 1664 965 1696 1005; x_wconf 69' lang='grc' dir='ltr'>ὃ,</span> <span class='ocrx_word' id='word_1_179' title='bbox 1725 965 1786 1003; x_wconf 74' lang='grc'>8.).</span> <span class='ocrx_word' id='word_1_180' title='bbox 1844 965 1971 1003; x_wconf 85' lang='lat' dir='ltr'>»Quum</span> 
     </span>
    </p>
   </div>
   <div class='ocr_carea' id='block_1_4' title="bbox 188 1022 1972 1205">
    <p class='ocr_par' dir='ltr' id='par_1_4' title="bbox 188 1022 1972 1205">
     <span class='ocr_line' id='line_1_15' title="bbox 188 1022 1972 1086; baseline 0.002 -19"><span class='ocrx_word' id='word_1_181' title='bbox 188 1037 226 1067; x_wconf 79' lang='lat' dir='ltr'>ad</span> <span class='ocrx_word' id='word_1_182' title='bbox 254 1047 366 1077; x_wconf 83' lang='lat' dir='ltr'>preces</span> <span class='ocrx_word' id='word_1_183' title='bbox 394 1038 554 1068; x_wconf 80' lang='lat' dir='ltr'>faciendas</span> <span class='ocrx_word' id='word_1_184' title='bbox 581 1039 673 1069; x_wconf 87' lang='lat' dir='ltr'>statis</span> <span class='ocrx_word' id='word_1_185' title='bbox 702 1040 821 1078; x_wconf 83' lang='lat' dir='ltr'>(parati</span> <span class='ocrx_word' id='word_1_186' title='bbox 849 1039 982 1079; x_wconf 79' lang='lat' dir='ltr'>estis]«.</span> <span class='ocrx_word' id='word_1_187' title='bbox 1021 1039 1129 1069; x_wconf 69' lang='lat' dir='ltr'>Verba</span> <span class='ocrx_word' id='word_1_188' title='bbox 1149 1022 1326 1085; x_wconf 35' lang='lat'>&amp;5323-</span> <span class='ocrx_word' id='word_1_189' title='bbox 1342 1048 1442 1077; x_wconf 89' lang='lat' dir='ltr'>usque</span> <span class='ocrx_word' id='word_1_190' title='bbox 1464 1038 1502 1068; x_wconf 89' lang='lat' dir='ltr'>ad</span> <span class='ocrx_word' id='word_1_191' title='bbox 1525 1048 1626 1069; x_wconf 82' lang='lat' dir='ltr'>voces</span> <span class='ocrx_word' id='word_1_192' title='bbox 1642 1047 1733 1086; x_wconf 39' lang='grc' dir='ltr'>δὴ).</span> <span class='ocrx_word' id='word_1_193' title='bbox 1746 1037 1779 1075; x_wconf 49' lang='grc' dir='ltr'>ξύ</span> <span class='ocrx_word' id='word_1_194' title='bbox 1794 1040 1972 1070; x_wconf 84' lang='lat' dir='ltr'>Tebrisium</span> 
     </span>
     <span class='ocr_line' id='line_1_16' title="bbox 189 1099 1972 1150; baseline 0.002 -21"><span class='ocrx_word' id='word_1_195' title='bbox 189 1105 352 1130; x_wconf 78' lang='lat' dir='ltr'>auctorem</span> <span class='ocrx_word' id='word_1_196' title='bbox 379 1109 440 1130; x_wconf 90' lang='lat' dir='ltr'>non</span> <span class='ocrx_word' id='word_1_197' title='bbox 467 1100 585 1130; x_wconf 86' lang='lat' dir='ltr'>habere</span> <span class='ocrx_word' id='word_1_198' title='bbox 612 1101 782 1142; x_wconf 81' lang='lat' dir='ltr'>videntur,</span> <span class='ocrx_word' id='word_1_199' title='bbox 820 1102 935 1141; x_wconf 78' lang='lat' dir='ltr'>quippe</span> <span class='ocrx_word' id='word_1_200' title='bbox 961 1101 1012 1140; x_wconf 90' lang='lat' dir='ltr'>qui</span> <span class='ocrx_word' id='word_1_201' title='bbox 1041 1099 1129 1139; x_wconf 32' lang='lat' dir='ltr'>qd?</span> <span class='ocrx_word' id='word_1_202' title='bbox 1154 1112 1231 1150; x_wconf 48' lang='grc' dir='ltr'>ἐρ</span> <span class='ocrx_word' id='word_1_203' title='bbox 1257 1099 1386 1139; x_wconf 44' lang='lat' dir='ltr'>cabi-&gt;Sl</span> <span class='ocrx_word' id='word_1_204' title='bbox 1422 1102 1563 1132; x_wconf 83' lang='lat' dir='ltr'>dicturus</span> <span class='ocrx_word' id='word_1_205' title='bbox 1603 1102 1730 1134; x_wconf 84' lang='lat' dir='ltr'>suisset.</span> <span class='ocrx_word' id='word_1_206' title='bbox 1791 1103 1826 1132; x_wconf 85' lang='lat'>111</span> <span class='ocrx_word' id='word_1_207' title='bbox 1862 1102 1972 1133; x_wconf 86' lang='lat' dir='ltr'>codice</span> 
     </span>
     <span class='ocr_line' id='line_1_17' title="bbox 188 1152 1972 1205; baseline 0.002 -13"><span class='ocrx_word' id='word_1_208' title='bbox 188 1172 260 1193; x_wconf 89' lang='lat' dir='ltr'>meo</span> <span class='ocrx_word' id='word_1_209' title='bbox 293 1163 394 1193; x_wconf 77' lang='lat' dir='ltr'>verba</span> <span class='ocrx_word' id='word_1_210' title='bbox 431 1165 538 1193; x_wconf 84' lang='lat' dir='ltr'>statim</span> <span class='ocrx_word' id='word_1_211' title='bbox 574 1168 648 1203; x_wconf 89' lang='lat' dir='ltr'>post</span> <span class='ocrx_word' id='word_1_212' title='bbox 674 1173 786 1194; x_wconf 82' lang='lat' dir='ltr'>vocem</span> <span class='ocrx_word' id='word_1_213' title='bbox 813 1160 940 1199; x_wconf 55' lang='grc' dir='ltr'>ῳέὶ-ῑ-δὶ</span> <span class='ocrx_word' id='word_1_214' title='bbox 969 1164 1091 1201; x_wconf 84' lang='lat' dir='ltr'>scripta</span> <span class='ocrx_word' id='word_1_215' title='bbox 1117 1168 1210 1205; x_wconf 87' lang='lat' dir='ltr'>sunt,</span> <span class='ocrx_word' id='word_1_216' title='bbox 1251 1169 1285 1194; x_wconf 88' lang='lat' dir='ltr'>ut</span> <span class='ocrx_word' id='word_1_217' title='bbox 1319 1174 1403 1195; x_wconf 88' lang='lat' dir='ltr'>nova</span> <span class='ocrx_word' id='word_1_218' title='bbox 1430 1165 1512 1195; x_wconf 81' lang='lat' dir='ltr'>linea</span> <span class='ocrx_word' id='word_1_219' title='bbox 1538 1174 1599 1194; x_wconf 90' lang='lat' dir='ltr'>non</span> <span class='ocrx_word' id='word_1_220' title='bbox 1623 1152 1798 1205; x_wconf 86' lang='lat' dir='ltr'>incipiatur.</span> <span class='ocrx_word' id='word_1_221' title='bbox 1851 1165 1972 1196; x_wconf 85' lang='lat' dir='ltr'>Eadem</span> 
     </span>
    </p>
   </div>
   <div class='ocr_carea' id='block_1_5' title="bbox 188 1227 1644 1268">
    <p class='ocr_par' dir='ltr' id='par_1_5' title="bbox 188 1227 1644 1268">
     <span class='ocr_line' id='line_1_18' title="bbox 188 1227 1644 1268; baseline 0.001 -12"><span class='ocrx_word' id='word_1_222' title='bbox 188 1229 293 1256; x_wconf 75' lang='lat' dir='ltr'>autem</span> <span class='ocrx_word' id='word_1_223' title='bbox 319 1236 414 1257; x_wconf 87' lang='lat' dir='ltr'>mauu</span> <span class='ocrx_word' id='word_1_224' title='bbox 440 1237 533 1268; x_wconf 86' lang='lat' dir='ltr'>quam</span> <span class='ocrx_word' id='word_1_225' title='bbox 561 1228 680 1267; x_wconf 83' lang='lat' dir='ltr'>reliqua</span> <span class='ocrx_word' id='word_1_226' title='bbox 702 1237 777 1267; x_wconf 87' lang='lat' dir='ltr'>pars</span> <span class='ocrx_word' id='word_1_227' title='bbox 803 1236 896 1267; x_wconf 92' lang='lat' dir='ltr'>quum</span> <span class='ocrx_word' id='word_1_228' title='bbox 923 1227 1041 1266; x_wconf 86' lang='lat' dir='ltr'>scripta</span> <span class='ocrx_word' id='word_1_229' title='bbox 1066 1227 1146 1268; x_wconf 82' lang='lat' dir='ltr'>sint,</span> <span class='ocrx_word' id='word_1_230' title='bbox 1173 1237 1192 1257; x_wconf 80' lang='lat' dir='ltr'>a</span> <span class='ocrx_word' id='word_1_231' title='bbox 1221 1227 1327 1258; x_wconf 83' lang='lat' dir='ltr'>scriba</span> <span class='ocrx_word' id='word_1_232' title='bbox 1355 1227 1462 1258; x_wconf 86' lang='lat' dir='ltr'>addita</span> <span class='ocrx_word' id='word_1_233' title='bbox 1485 1228 1644 1258; x_wconf 81' lang='lat' dir='ltr'>videntur.</span> 
     </span>
    </p>
   </div>
   <div class='ocr_carea' id='block_1_6' title="bbox 187 1323 1860 1364">
    <p class='ocr_par' dir='ltr' id='par_1_6' title="bbox 187 1323 1860 1364">
     <span class='ocr_line' id='line_1_19' title="bbox 187 1323 1860 1364; baseline 0 -10"><span class='ocrx_word' id='word_1_234' title='bbox 187 1325 220 1354; x_wconf 77' lang='grc'>4.</span> <span class='ocrx_word' id='word_1_235' title='bbox 242 1323 282 1354; x_wconf 72' lang='grc' dir='ltr'>δι’</span> <span class='ocrx_word' id='word_1_236' title='bbox 300 1327 332 1353; x_wconf 81' lang='lat' dir='ltr'>te</span> <span class='ocrx_word' id='word_1_237' title='bbox 350 1324 505 1356; x_wconf 80' lang='lat' dir='ltr'>occidunt.</span> <span class='ocrx_word' id='word_1_238' title='bbox 531 1335 565 1353; x_wconf 85' lang='lat' dir='ltr'>eo</span> <span class='ocrx_word' id='word_1_239' title='bbox 584 1327 629 1364; x_wconf 80' lang='lat' dir='ltr'>fit,</span> <span class='ocrx_word' id='word_1_240' title='bbox 655 1325 739 1363; x_wconf 82' lang='lat' dir='ltr'>qnod</span> <span class='ocrx_word' id='word_1_241' title='bbox 757 1325 838 1353; x_wconf 76' lang='lat' dir='ltr'>solia</span> <span class='ocrx_word' id='word_1_242' title='bbox 859 1334 965 1353; x_wconf 81' lang='lat' dir='ltr'>eornm</span> <span class='ocrx_word' id='word_1_243' title='bbox 990 1325 1116 1353; x_wconf 74' lang='lat' dir='ltr'>dirm&#39;sti</span> <span class='ocrx_word' id='word_1_244' title='bbox 1137 1325 1229 1353; x_wconf 81' lang='lat' dir='ltr'>caede</span> <span class='ocrx_word' id='word_1_245' title='bbox 1251 1324 1422 1353; x_wconf 69' lang='lat' dir='ltr'>ohtailmlci</span> <span class='ocrx_word' id='word_1_246' title='bbox 1442 1326 1468 1354; x_wconf 81' lang='lat' dir='ltr'>b.</span> <span class='ocrx_word' id='word_1_247' title='bbox 1490 1324 1638 1355; x_wconf 77' lang='lat' dir='ltr'>Allmrits</span> <span class='ocrx_word' id='word_1_248' title='bbox 1658 1326 1684 1355; x_wconf 83' lang='lat' dir='ltr'>b.</span> <span class='ocrx_word' id='word_1_249' title='bbox 1707 1325 1860 1364; x_wconf 76' lang='lat' dir='ltr'>Schilmb,</span> 
     </span>
    </p>
   </div>
   <div class='ocr_carea' id='block_1_7' title="bbox 187 1393 1971 2125">
    <p class='ocr_par' dir='ltr' id='par_1_7' title="bbox 187 1393 1971 2125">
     <span class='ocr_line' id='line_1_20' title="bbox 285 1393 1970 1436; baseline 0.002 -13"><span class='ocrx_word' id='word_1_250' title='bbox 285 1393 330 1423; x_wconf 90' lang='lat' dir='ltr'>Se</span> <span class='ocrx_word' id='word_1_251' title='bbox 358 1393 397 1423; x_wconf 89' lang='lat' dir='ltr'>de</span> <span class='ocrx_word' id='word_1_252' title='bbox 423 1398 521 1424; x_wconf 87' lang='lat' dir='ltr'>morte</span> <span class='ocrx_word' id='word_1_253' title='bbox 546 1393 599 1423; x_wconf 82' lang='lat' dir='ltr'>filii</span> <span class='ocrx_word' id='word_1_254' title='bbox 625 1394 856 1434; x_wconf 86' lang='lat' dir='ltr'>quodammodo</span> <span class='ocrx_word' id='word_1_255' title='bbox 886 1395 1085 1434; x_wconf 85' lang='lat' dir='ltr'>consolatur,</span> <span class='ocrx_word' id='word_1_256' title='bbox 1113 1394 1196 1433; x_wconf 91' lang='lat' dir='ltr'>quod</span> <span class='ocrx_word' id='word_1_257' title='bbox 1228 1393 1333 1423; x_wconf 90' lang='lat' dir='ltr'>occiso</span> <span class='ocrx_word' id='word_1_258' title='bbox 1366 1394 1546 1425; x_wconf 80' lang='lat' dir='ltr'>Ohtaibalio</span> <span class='ocrx_word' id='word_1_259' title='bbox 1582 1400 1646 1425; x_wconf 88' lang='lat' dir='ltr'>tam</span> <span class='ocrx_word' id='word_1_260' title='bbox 1671 1405 1821 1436; x_wconf 82' lang='lat' dir='ltr'>magnum</span> <span class='ocrx_word' id='word_1_261' title='bbox 1857 1396 1970 1426; x_wconf 89' lang='lat' dir='ltr'>malum</span> 
     </span>
     <span class='ocr_line' id='line_1_21' title="bbox 187 1454 1970 1503; baseline 0.003 -19"><span class='ocrx_word' id='word_1_262' title='bbox 187 1455 226 1484; x_wconf 89' lang='lat' dir='ltr'>iis</span> <span class='ocrx_word' id='word_1_263' title='bbox 254 1454 400 1485; x_wconf 90' lang='lat' dir='ltr'>intulerit.</span> <span class='ocrx_word' id='word_1_264' title='bbox 457 1455 492 1484; x_wconf 89' lang='lat' dir='ltr'>In</span> <span class='ocrx_word' id='word_1_265' title='bbox 526 1455 779 1485; x_wconf 84' lang='lat' dir='ltr'>adnotationibus</span> <span class='ocrx_word' id='word_1_266' title='bbox 815 1455 855 1486; x_wconf 85' lang='lat' dir='ltr'>ad</span> <span class='ocrx_word' id='word_1_267' title='bbox 890 1465 1020 1485; x_wconf 80' lang='lat' dir='ltr'>versum</span> <span class='ocrx_word' id='word_1_268' title='bbox 1054 1455 1296 1486; x_wconf 80' lang='lat' dir='ltr'>antecedentem</span> <span class='ocrx_word' id='word_1_269' title='bbox 1331 1456 1486 1499; x_wconf 78' lang='lat' dir='ltr'>diximus,</span> <span class='ocrx_word' id='word_1_270' title='bbox 1526 1458 1626 1488; x_wconf 84' lang='lat' dir='ltr'>verba</span> <span class='ocrx_word' id='word_1_271' title='bbox 1652 1455 1764 1499; x_wconf 54' lang='lat' dir='ltr'>eS-,Q</span> <span class='ocrx_word' id='word_1_272' title='bbox 1790 1457 1829 1503; x_wconf 60' lang='lat' dir='ltr'>c,l</span> <span class='ocrx_word' id='word_1_273' title='bbox 1862 1460 1910 1488; x_wconf 79' lang='lat' dir='ltr'>»si</span> <span class='ocrx_word' id='word_1_274' title='bbox 1938 1464 1970 1489; x_wconf 88' lang='lat' dir='ltr'>te</span> 
     </span>
     <span class='ocr_line' id='line_1_22' title="bbox 188 1515 1971 1562; baseline 0.003 -16"><span class='ocrx_word' id='word_1_275' title='bbox 188 1515 352 1546; x_wconf 89' lang='lat' dir='ltr'>occidunt«</span> <span class='ocrx_word' id='word_1_276' title='bbox 383 1516 422 1546; x_wconf 94' lang='lat' dir='ltr'>de</span> <span class='ocrx_word' id='word_1_277' title='bbox 448 1515 512 1546; x_wconf 83' lang='lat' dir='ltr'>filio</span> <span class='ocrx_word' id='word_1_278' title='bbox 538 1517 600 1547; x_wconf 91' lang='lat' dir='ltr'>iam</span> <span class='ocrx_word' id='word_1_279' title='bbox 626 1518 735 1547; x_wconf 83' lang='lat' dir='ltr'>occiso</span> <span class='ocrx_word' id='word_1_280' title='bbox 766 1518 906 1548; x_wconf 85' lang='lat' dir='ltr'>adhiberi</span> <span class='ocrx_word' id='word_1_281' title='bbox 940 1528 1001 1548; x_wconf 91' lang='lat' dir='ltr'>non</span> <span class='ocrx_word' id='word_1_282' title='bbox 1035 1528 1135 1559; x_wconf 89' lang='lat' dir='ltr'>posse</span> <span class='ocrx_word' id='word_1_283' title='bbox 1161 1519 1246 1557; x_wconf 77' lang='lat' dir='ltr'>(Sed</span> <span class='ocrx_word' id='word_1_284' title='bbox 1273 1519 1419 1550; x_wconf 85' lang='lat' dir='ltr'>conseras</span> <span class='ocrx_word' id='word_1_285' title='bbox 1446 1521 1539 1550; x_wconf 85' lang='lat' dir='ltr'>Ham.</span> <span class='ocrx_word' id='word_1_286' title='bbox 1567 1531 1597 1560; x_wconf 92' lang='lat' dir='ltr'>p.</span> <span class='ocrx_word' id='word_1_287' title='bbox 1627 1522 1678 1551; x_wconf 60' lang='lat' dir='ltr'>t&#39;wl</span> <span class='ocrx_word' id='word_1_288' title='bbox 1705 1531 1737 1551; x_wconf 89' lang='lat' dir='ltr'>v.</span> <span class='ocrx_word' id='word_1_289' title='bbox 1759 1523 1799 1562; x_wconf 89' lang='lat' dir='ltr'>l.,</span> <span class='ocrx_word' id='word_1_290' title='bbox 1829 1522 1882 1552; x_wconf 86' lang='lat' dir='ltr'>ubi</span> <span class='ocrx_word' id='word_1_291' title='bbox 1909 1521 1971 1552; x_wconf 87' lang='lat' dir='ltr'>du·-</span> 
     </span>
     <span class='ocr_line' id='line_1_23' title="bbox 188 1579 1969 1625; baseline 0.004 -17"><span class='ocrx_word' id='word_1_292' title='bbox 188 1579 289 1608; x_wconf 84' lang='lat' dir='ltr'>bitare</span> <span class='ocrx_word' id='word_1_293' title='bbox 314 1579 401 1620; x_wconf 90' lang='lat' dir='ltr'>licet,</span> <span class='ocrx_word' id='word_1_294' title='bbox 428 1589 498 1609; x_wconf 88' lang='lat' dir='ltr'>num</span> <span class='ocrx_word' id='word_1_295' title='bbox 528 1589 580 1609; x_wconf 84' lang='lat' dir='ltr'>res</span> <span class='ocrx_word' id='word_1_296' title='bbox 607 1581 777 1619; x_wconf 89' lang='lat' dir='ltr'>praeterita</span> <span class='ocrx_word' id='word_1_297' title='bbox 802 1580 1031 1621; x_wconf 83' lang='lat' dir='ltr'>designetur.).</span> <span class='ocrx_word' id='word_1_298' title='bbox 1085 1581 1186 1611; x_wconf 84' lang='lat' dir='ltr'>Poeta</span> <span class='ocrx_word' id='word_1_299' title='bbox 1213 1584 1390 1621; x_wconf 88' lang='lat' dir='ltr'>opinionem</span> <span class='ocrx_word' id='word_1_300' title='bbox 1417 1592 1524 1625; x_wconf 85' lang='lat' dir='ltr'>suam,</span> <span class='ocrx_word' id='word_1_301' title='bbox 1563 1583 1635 1614; x_wconf 89' lang='lat' dir='ltr'>dum</span> <span class='ocrx_word' id='word_1_302' title='bbox 1669 1584 1699 1614; x_wconf 93' lang='lat' dir='ltr'>in</span> <span class='ocrx_word' id='word_1_303' title='bbox 1727 1584 1820 1614; x_wconf 88' lang='lat' dir='ltr'>dubio</span> <span class='ocrx_word' id='word_1_304' title='bbox 1848 1585 1969 1615; x_wconf 88' lang='lat' dir='ltr'>animus</span> 
     </span>
     <span class='ocr_line' id='line_1_24' title="bbox 190 1642 1970 1687; baseline 0.003 -15"><span class='ocrx_word' id='word_1_305' title='bbox 190 1646 262 1683; x_wconf 86' lang='lat' dir='ltr'>est,</span> <span class='ocrx_word' id='word_1_306' title='bbox 296 1642 436 1683; x_wconf 79' lang='lat' dir='ltr'>profert,</span> <span class='ocrx_word' id='word_1_307' title='bbox 471 1643 582 1672; x_wconf 82' lang='lat' dir='ltr'>hostes</span> <span class='ocrx_word' id='word_1_308' title='bbox 610 1653 681 1673; x_wconf 89' lang='lat' dir='ltr'>eum</span> <span class='ocrx_word' id='word_1_309' title='bbox 709 1644 876 1674; x_wconf 89' lang='lat' dir='ltr'>occisuros</span> <span class='ocrx_word' id='word_1_310' title='bbox 905 1653 990 1675; x_wconf 87' lang='lat' dir='ltr'>esse.</span> <span class='ocrx_word' id='word_1_311' title='bbox 1043 1646 1231 1675; x_wconf 79' lang='lat' dir='ltr'>Mersukius</span> <span class='ocrx_word' id='word_1_312' title='bbox 1265 1651 1388 1687; x_wconf 87' lang='lat' dir='ltr'>autem,</span> <span class='ocrx_word' id='word_1_313' title='bbox 1423 1655 1516 1686; x_wconf 81' lang='lat' dir='ltr'>quem</span> <span class='ocrx_word' id='word_1_314' title='bbox 1545 1647 1708 1677; x_wconf 84' lang='lat' dir='ltr'>Tebrisius</span> <span class='ocrx_word' id='word_1_315' title='bbox 1742 1652 1876 1678; x_wconf 88' lang='lat' dir='ltr'>secutus</span> <span class='ocrx_word' id='word_1_316' title='bbox 1911 1651 1970 1685; x_wconf 79' lang='lat' dir='ltr'>est,</span> 
     </span>
     <span class='ocr_line' id='line_1_25' title="bbox 189 1703 1971 1755; baseline 0.003 -21"><span class='ocrx_word' id='word_1_317' title='bbox 189 1703 291 1734; x_wconf 87' lang='lat' dir='ltr'>locum</span> <span class='ocrx_word' id='word_1_318' title='bbox 314 1709 425 1734; x_wconf 82' lang='lat' dir='ltr'>contra</span> <span class='ocrx_word' id='word_1_319' title='bbox 451 1706 578 1746; x_wconf 83' lang='lat' dir='ltr'>linguae</span> <span class='ocrx_word' id='word_1_320' title='bbox 602 1715 696 1736; x_wconf 88' lang='lat' dir='ltr'>usum</span> <span class='ocrx_word' id='word_1_321' title='bbox 731 1706 772 1736; x_wconf 83' lang='lat' dir='ltr'>de</span> <span class='ocrx_word' id='word_1_322' title='bbox 805 1708 874 1736; x_wconf 85' lang='lat' dir='ltr'>viro</span> <span class='ocrx_word' id='word_1_323' title='bbox 910 1707 970 1737; x_wconf 91' lang='lat' dir='ltr'>iam</span> <span class='ocrx_word' id='word_1_324' title='bbox 997 1707 1101 1737; x_wconf 86' lang='lat' dir='ltr'>occiso</span> <span class='ocrx_word' id='word_1_325' title='bbox 1127 1707 1353 1747; x_wconf 84' lang='lat' dir='ltr'>interpretatur</span> <span class='ocrx_word' id='word_1_326' title='bbox 1380 1714 1411 1738; x_wconf 90' lang='lat' dir='ltr'>et</span> <span class='ocrx_word' id='word_1_327' title='bbox 1439 1710 1623 1748; x_wconf 84' lang='lat' dir='ltr'>particulam</span> <span class='ocrx_word' id='word_1_328' title='bbox 1650 1707 1689 1755; x_wconf 66' lang='lat' dir='ltr'>Ol</span> <span class='ocrx_word' id='word_1_329' title='bbox 1716 1718 1785 1740; x_wconf 91' lang='lat' dir='ltr'>cum</span> <span class='ocrx_word' id='word_1_330' title='bbox 1811 1715 1971 1750; x_wconf 82' lang='lat' dir='ltr'>sequente</span> 
     </span>
     <span class='ocr_line' id='line_1_26' title="bbox 191 1766 1968 1812; baseline 0.003 -16"><span class='ocrx_word' id='word_1_331' title='bbox 191 1766 295 1797; x_wconf 75' lang='lat' dir='ltr'>futuro</span> <span class='ocrx_word' id='word_1_332' title='bbox 323 1769 413 1806; x_wconf 86' lang='lat' dir='ltr'>quasi</span> <span class='ocrx_word' id='word_1_333' title='bbox 439 1772 653 1798; x_wconf 81' lang='lat' dir='ltr'>excusaturus</span> <span class='ocrx_word' id='word_1_334' title='bbox 681 1777 808 1798; x_wconf 85' lang='lat' dir='ltr'>sensum</span> <span class='ocrx_word' id='word_1_335' title='bbox 832 1768 916 1799; x_wconf 88' lang='lat' dir='ltr'>hunc</span> <span class='ocrx_word' id='word_1_336' title='bbox 943 1769 1081 1808; x_wconf 83' lang='lat' dir='ltr'>profert:</span> <span class='ocrx_word' id='word_1_337' title='bbox 1111 1769 1160 1799; x_wconf 87' lang='lat' dir='ltr'>»si</span> <span class='ocrx_word' id='word_1_338' title='bbox 1195 1770 1233 1800; x_wconf 86' lang='lat' dir='ltr'>de</span> <span class='ocrx_word' id='word_1_339' title='bbox 1269 1771 1368 1800; x_wconf 84' lang='lat' dir='ltr'>caede</span> <span class='ocrx_word' id='word_1_340' title='bbox 1405 1776 1459 1801; x_wconf 89' lang='lat' dir='ltr'>tua</span> <span class='ocrx_word' id='word_1_341' title='bbox 1492 1772 1669 1812; x_wconf 81' lang='lat' dir='ltr'>gloriantur</span> <span class='ocrx_word' id='word_1_342' title='bbox 1705 1778 1738 1802; x_wconf 87' lang='lat' dir='ltr'>et</span> <span class='ocrx_word' id='word_1_343' title='bbox 1771 1772 1968 1811; x_wconf 72' lang='lat' dir='ltr'>laetantur«,</span> 
     </span>
     <span class='ocr_line' id='line_1_27' title="bbox 189 1829 1971 1876; baseline 0.001 -15"><span class='ocrx_word' id='word_1_344' title='bbox 189 1831 247 1861; x_wconf 85' lang='lat' dir='ltr'>sed</span> <span class='ocrx_word' id='word_1_345' title='bbox 272 1830 353 1861; x_wconf 82' lang='lat' dir='ltr'>hauc</span> <span class='ocrx_word' id='word_1_346' title='bbox 378 1830 533 1871; x_wconf 81' lang='lat' dir='ltr'>gloriandi</span> <span class='ocrx_word' id='word_1_347' title='bbox 560 1832 824 1872; x_wconf 82' lang='lat' dir='ltr'>significationem</span> <span class='ocrx_word' id='word_1_348' title='bbox 853 1832 952 1861; x_wconf 82' lang='lat' dir='ltr'>verbo</span> <span class='ocrx_word' id='word_1_349' title='bbox 980 1841 1040 1862; x_wconf 86' lang='lat' dir='ltr'>non</span> <span class='ocrx_word' id='word_1_350' title='bbox 1067 1833 1190 1870; x_wconf 87' lang='lat' dir='ltr'>inesse,</span> <span class='ocrx_word' id='word_1_351' title='bbox 1216 1841 1305 1862; x_wconf 84' lang='lat' dir='ltr'>nemo</span> <span class='ocrx_word' id='word_1_352' title='bbox 1332 1842 1394 1862; x_wconf 89' lang='lat' dir='ltr'>non</span> <span class='ocrx_word' id='word_1_353' title='bbox 1420 1832 1510 1863; x_wconf 80' lang='lat' dir='ltr'>videt</span> <span class='ocrx_word' id='word_1_354' title='bbox 1536 1830 1615 1875; x_wconf 80' lang='lat' dir='ltr'>(vid.</span> <span class='ocrx_word' id='word_1_355' title='bbox 1644 1834 1736 1863; x_wconf 83' lang='lat' dir='ltr'>Ham.</span> <span class='ocrx_word' id='word_1_356' title='bbox 1757 1843 1786 1873; x_wconf 91' lang='lat' dir='ltr'>p.</span> <span class='ocrx_word' id='word_1_357' title='bbox 1802 1829 1971 1876; x_wconf 51' lang='lat' dir='ltr'>infiati-J.</span> 
     </span>
     <span class='ocr_line' id='line_1_28' title="bbox 190 1893 1970 1939; baseline 0.002 -15"><span class='ocrx_word' id='word_1_358' title='bbox 190 1895 240 1924; x_wconf 88' lang='lat' dir='ltr'>De</span> <span class='ocrx_word' id='word_1_359' title='bbox 266 1893 392 1934; x_wconf 73' lang='lat' dir='ltr'>Sacyus</span> <span class='ocrx_word' id='word_1_360' title='bbox 417 1894 542 1933; x_wconf 86' lang='lat' dir='ltr'>putavit</span> <span class='ocrx_word' id='word_1_361' title='bbox 567 1893 705 1924; x_wconf 84' lang='lat' dir='ltr'>futurum</span> <span class='ocrx_word' id='word_1_362' title='bbox 734 1897 806 1933; x_wconf 80' lang='lat' dir='ltr'>post</span> <span class='ocrx_word' id='word_1_363' title='bbox 831 1893 870 1939; x_wconf 62' lang='lat'>0³</span> <span class='ocrx_word' id='word_1_364' title='bbox 898 1905 964 1924; x_wconf 86' lang='lat' dir='ltr'>rem</span> <span class='ocrx_word' id='word_1_365' title='bbox 991 1895 1193 1934; x_wconf 87' lang='lat' dir='ltr'>praeteritam</span> <span class='ocrx_word' id='word_1_366' title='bbox 1219 1894 1418 1935; x_wconf 86' lang='lat' dir='ltr'>significare,</span> <span class='ocrx_word' id='word_1_367' title='bbox 1453 1895 1482 1926; x_wconf 87' lang='lat' dir='ltr'>si</span> <span class='ocrx_word' id='word_1_368' title='bbox 1510 1896 1640 1935; x_wconf 83' lang='lat' dir='ltr'>loquens</span> <span class='ocrx_word' id='word_1_369' title='bbox 1666 1901 1777 1937; x_wconf 83' lang='lat' dir='ltr'>optet,</span> <span class='ocrx_word' id='word_1_370' title='bbox 1811 1900 1844 1927; x_wconf 81' lang='lat' dir='ltr'>ut</span> <span class='ocrx_word' id='word_1_371' title='bbox 1870 1897 1909 1927; x_wconf 91' lang='lat' dir='ltr'>de</span> <span class='ocrx_word' id='word_1_372' title='bbox 1936 1905 1970 1927; x_wconf 89' lang='lat' dir='ltr'>re</span> 
     </span>
     <span class='ocr_line' id='line_1_29' title="bbox 193 1955 1971 1999; baseline 0 -10"><span class='ocrx_word' id='word_1_373' title='bbox 193 1958 245 1988; x_wconf 83' lang='lat' dir='ltr'>illa</span> <span class='ocrx_word' id='word_1_374' title='bbox 271 1958 403 1988; x_wconf 86' lang='lat' dir='ltr'>dubitari</span> <span class='ocrx_word' id='word_1_375' title='bbox 431 1957 555 1997; x_wconf 84' lang='lat' dir='ltr'>possit,</span> <span class='ocrx_word' id='word_1_376' title='bbox 583 1961 722 1986; x_wconf 81' lang='lat' dir='ltr'>attamen</span> <span class='ocrx_word' id='word_1_377' title='bbox 748 1956 787 1986; x_wconf 90' lang='lat' dir='ltr'>de</span> <span class='ocrx_word' id='word_1_378' title='bbox 814 1956 990 1996; x_wconf 77' lang='lat' dir='ltr'>explicandi</span> <span class='ocrx_word' id='word_1_379' title='bbox 1017 1955 1108 1986; x_wconf 89' lang='lat' dir='ltr'>modo</span> <span class='ocrx_word' id='word_1_380' title='bbox 1137 1957 1275 1987; x_wconf 84' lang='lat' dir='ltr'>incertus</span> <span class='ocrx_word' id='word_1_381' title='bbox 1304 1957 1372 1987; x_wconf 83' lang='lat' dir='ltr'>fieri</span> <span class='ocrx_word' id='word_1_382' title='bbox 1408 1966 1506 1997; x_wconf 90' lang='lat' dir='ltr'>posse</span> <span class='ocrx_word' id='word_1_383' title='bbox 1544 1957 1634 1999; x_wconf 88' lang='lat' dir='ltr'>dicit,</span> <span class='ocrx_word' id='word_1_384' title='bbox 1671 1963 1705 1989; x_wconf 92' lang='lat' dir='ltr'>ut</span> <span class='ocrx_word' id='word_1_385' title='bbox 1741 1959 1790 1989; x_wconf 82' lang='lat' dir='ltr'>hic</span> <span class='ocrx_word' id='word_1_386' title='bbox 1823 1959 1971 1998; x_wconf 83' lang='lat' dir='ltr'>loquendi</span> 
     </span>
     <span class='ocr_line' id='line_1_30' title="bbox 191 2017 1970 2068; baseline 0.001 -18"><span class='ocrx_word' id='word_1_387' title='bbox 191 2019 304 2051; x_wconf 87' lang='lat' dir='ltr'>modus</span> <span class='ocrx_word' id='word_1_388' title='bbox 330 2019 464 2050; x_wconf 84' lang='lat' dir='ltr'>dialecto</span> <span class='ocrx_word' id='word_1_389' title='bbox 491 2019 638 2058; x_wconf 88' lang='lat' dir='ltr'>proprius</span> <span class='ocrx_word' id='word_1_390' title='bbox 665 2019 707 2048; x_wconf 88' lang='lat' dir='ltr'>sit.</span> <span class='ocrx_word' id='word_1_391' title='bbox 734 2018 840 2048; x_wconf 86' lang='lat' dir='ltr'>conf.</span> <span class='ocrx_word' id='word_1_392' title='bbox 870 2017 980 2049; x_wconf 82' lang='lat' dir='ltr'>Gram.</span> <span class='ocrx_word' id='word_1_393' title='bbox 1008 2020 1065 2050; x_wconf 83' lang='lat' dir='ltr'>Ar.</span> <span class='ocrx_word' id='word_1_394' title='bbox 1093 2020 1130 2052; x_wconf 82' lang='lat' dir='ltr'>T.</span> <span class='ocrx_word' id='word_1_395' title='bbox 1159 2020 1195 2049; x_wconf 86' lang='lat'>11.</span> <span class='ocrx_word' id='word_1_396' title='bbox 1227 2030 1255 2059; x_wconf 86' lang='lat' dir='ltr'>p.</span> <span class='ocrx_word' id='word_1_397' title='bbox 1285 2020 1331 2051; x_wconf 80' lang='lat'>37</span> <span class='ocrx_word' id='word_1_398' title='bbox 1359 2022 1465 2052; x_wconf 86' lang='lat' dir='ltr'>adnot.</span> <span class='ocrx_word' id='word_1_399' title='bbox 1520 2022 1686 2062; x_wconf 89' lang='lat' dir='ltr'>Loquendi</span> <span class='ocrx_word' id='word_1_400' title='bbox 1705 2022 1816 2052; x_wconf 90' lang='lat' dir='ltr'>modus</span> <span class='ocrx_word' id='word_1_401' title='bbox 1834 2023 1970 2068; x_wconf 44' lang='lat' dir='ltr'>’‘⁴3:¹²ss</span> 
     </span>
     <span class='ocr_line' id='line_1_31' title="bbox 196 2081 1971 2125; baseline 0.002 -13"><span class='ocrx_word' id='word_1_402' title='bbox 196 2082 330 2112; x_wconf 63' lang='lat' dir='ltr'>»solium</span> <span class='ocrx_word' id='word_1_403' title='bbox 357 2082 423 2112; x_wconf 85' lang='lat' dir='ltr'>eius</span> <span class='ocrx_word' id='word_1_404' title='bbox 455 2081 589 2112; x_wconf 87' lang='lat' dir='ltr'>dirutum</span> <span class='ocrx_word' id='word_1_405' title='bbox 629 2086 702 2111; x_wconf 82' lang='lat' dir='ltr'>est«</span> <span class='ocrx_word' id='word_1_406' title='bbox 733 2081 941 2121; x_wconf 82' lang='lat' dir='ltr'>proverbialis</span> <span class='ocrx_word' id='word_1_407' title='bbox 969 2086 1020 2111; x_wconf 86' lang='lat' dir='ltr'>est</span> <span class='ocrx_word' id='word_1_408' title='bbox 1048 2081 1169 2120; x_wconf 81' lang='lat' dir='ltr'>(conf.</span> <span class='ocrx_word' id='word_1_409' title='bbox 1199 2083 1296 2112; x_wconf 85' lang='lat' dir='ltr'>Meid.</span> <span class='ocrx_word' id='word_1_410' title='bbox 1325 2083 1359 2124; x_wconf 74' lang='lat'>4,</span> <span class='ocrx_word' id='word_1_411' title='bbox 1385 2084 1447 2125; x_wconf 77' lang='grc'>8.),</span> <span class='ocrx_word' id='word_1_412' title='bbox 1474 2084 1524 2124; x_wconf 92' lang='lat' dir='ltr'>qui</span> <span class='ocrx_word' id='word_1_413' title='bbox 1554 2089 1674 2114; x_wconf 86' lang='lat' dir='ltr'>statum</span> <span class='ocrx_word' id='word_1_414' title='bbox 1701 2085 1914 2124; x_wconf 86' lang='lat' dir='ltr'>perturbatum</span> <span class='ocrx_word' id='word_1_415' title='bbox 1939 2090 1971 2116; x_wconf 88' lang='lat' dir='ltr'>et</span> 
     </span>
    </p>
   </div>
   <div class='ocr_carea' id='block_1_8' title="bbox 192 2143 1972 2624">
    <p class='ocr_par' dir='ltr' id='par_1_8' title="bbox 192 2143 1972 2624">
     <span class='ocr_line' id='line_1_32' title="bbox 193 2143 1970 2204; baseline 0.002 -17"><span class='ocrx_word' id='word_1_416' title='bbox 193 2157 378 2198; x_wconf 84' lang='lat' dir='ltr'>dignitatem</span> <span class='ocrx_word' id='word_1_417' title='bbox 406 2155 591 2195; x_wconf 85' lang='lat' dir='ltr'>depressam</span> <span class='ocrx_word' id='word_1_418' title='bbox 619 2166 693 2186; x_wconf 84' lang='lat' dir='ltr'>esse</span> <span class='ocrx_word' id='word_1_419' title='bbox 719 2156 891 2197; x_wconf 80' lang='lat' dir='ltr'>significat.</span> <span class='ocrx_word' id='word_1_420' title='bbox 951 2156 1158 2186; x_wconf 70' lang='lat' dir='ltr'>Alazmiiihus</span> <span class='ocrx_word' id='word_1_421' title='bbox 1187 2157 1286 2198; x_wconf 86' lang='lat' dir='ltr'>dixit,</span> <span class='ocrx_word' id='word_1_422' title='bbox 1324 2158 1362 2187; x_wconf 87' lang='lat' dir='ltr'>de</span> <span class='ocrx_word' id='word_1_423' title='bbox 1398 2159 1467 2188; x_wconf 85' lang='lat' dir='ltr'>viro</span> <span class='ocrx_word' id='word_1_424' title='bbox 1503 2159 1608 2189; x_wconf 91' lang='lat' dir='ltr'>occiso</span> <span class='ocrx_word' id='word_1_425' title='bbox 1648 2144 1777 2189; x_wconf 52' lang='lat' dir='ltr'>nonnisi*</span> <span class='ocrx_word' id='word_1_426' title='bbox 1797 2143 1874 2204; x_wconf 41' lang='lat' dir='ltr'>9:23.ss</span> <span class='ocrx_word' id='word_1_427' title='bbox 1899 2169 1970 2190; x_wconf 91' lang='lat' dir='ltr'>cum</span> 
     </span>
     <span class='ocr_line' id='line_1_33' title="bbox 192 2211 1970 2268; baseline 0.001 -19"><span class='ocrx_word' id='word_1_428' title='bbox 192 2219 295 2250; x_wconf 77' lang='lat' dir='ltr'>vocali</span> <span class='ocrx_word' id='word_1_429' title='bbox 309 2218 464 2248; x_wconf 78' lang='lat' dir='ltr'>Dliamma</span> <span class='ocrx_word' id='word_1_430' title='bbox 477 2217 615 2248; x_wconf 84' lang='lat' dir='ltr'>adhiberi</span> <span class='ocrx_word' id='word_1_431' title='bbox 627 2223 659 2248; x_wconf 90' lang='lat' dir='ltr'>et</span> <span class='ocrx_word' id='word_1_432' title='bbox 671 2224 798 2258; x_wconf 88' lang='lat' dir='ltr'>poetam</span> <span class='ocrx_word' id='word_1_433' title='bbox 810 2218 1078 2249; x_wconf 79' lang='lat' dir='ltr'>Dsu-rRommah</span> <span class='ocrx_word' id='word_1_434' title='bbox 1089 2219 1210 2249; x_wconf 81' lang='lat' dir='ltr'>dixisse</span> <span class='ocrx_word' id='word_1_435' title='bbox 1226 2219 1335 2258; x_wconf 87' lang='lat' dir='ltr'>(metr.</span> <span class='ocrx_word' id='word_1_436' title='bbox 1348 2214 1617 2264; x_wconf 51' lang='lat' dir='ltr'>Thaxx⁷i1):).5t5.tt</span> <span class='ocrx_word' id='word_1_437' title='bbox 1631 2211 1732 2268; x_wconf 45' lang='lat' dir='ltr'>puell</span> <span class='ocrx_word' id='word_1_438' title='bbox 1746 2224 1843 2266; x_wconf 48' lang='lat'>›937⁶-</span> <span class='ocrx_word' id='word_1_439' title='bbox 1855 2222 1897 2260; x_wconf 55' lang='grc' dir='ltr'>ῥίς</span> <span class='ocrx_word' id='word_1_440' title='bbox 1908 2222 1970 2260; x_wconf 62' lang='lat'>03,</span> 
     </span>
     <span class='ocr_line' id='line_1_34' title="bbox 193 2280 1971 2329; baseline 0.001 -18"><span class='ocrx_word' id='word_1_441' title='bbox 193 2281 320 2311; x_wconf 83' lang='lat' dir='ltr'>Ensis</span> <span class='ocrx_word' id='word_1_442' title='bbox 348 2284 496 2310; x_wconf 85' lang='lat' dir='ltr'>acutus</span> <span class='ocrx_word' id='word_1_443' title='bbox 526 2280 618 2310; x_wconf 84' lang='lat' dir='ltr'>eius</span> <span class='ocrx_word' id='word_1_444' title='bbox 642 2290 794 2312; x_wconf 83' lang='lat' dir='ltr'>carnes</span> <span class='ocrx_word' id='word_1_445' title='bbox 822 2281 858 2310; x_wconf 92' lang='lat' dir='ltr'>in</span> <span class='ocrx_word' id='word_1_446' title='bbox 885 2280 1024 2310; x_wconf 83' lang='lat' dir='ltr'>latere</span> <span class='ocrx_word' id='word_1_447' title='bbox 1052 2282 1152 2311; x_wconf 86' lang='lat' dir='ltr'>colli</span> <span class='ocrx_word' id='word_1_448' title='bbox 1180 2282 1406 2313; x_wconf 80' lang='lat' dir='ltr'>dissecuit.</span> <span class='ocrx_word' id='word_1_449' title='bbox 1471 2284 1563 2313; x_wconf 90' lang='lat' dir='ltr'>Duali</span> <span class='ocrx_word' id='word_1_450' title='bbox 1589 2282 1696 2329; x_wconf 50' lang='lat' dir='ltr'>oms:</span> <span class='ocrx_word' id='word_1_451' title='bbox 1729 2284 1832 2314; x_wconf 84' lang='lat' dir='ltr'>earnis</span> <span class='ocrx_word' id='word_1_452' title='bbox 1860 2288 1971 2323; x_wconf 84' lang='lat' dir='ltr'>partes</span> 
     </span>
     <span class='ocr_line' id='line_1_35' title="bbox 193 2339 1972 2388; baseline 0 -14"><span class='ocrx_word' id='word_1_453' title='bbox 193 2344 349 2385; x_wconf 86' lang='lat' dir='ltr'>oblongas</span> <span class='ocrx_word' id='word_1_454' title='bbox 376 2343 406 2373; x_wconf 92' lang='lat' dir='ltr'>in</span> <span class='ocrx_word' id='word_1_455' title='bbox 434 2343 532 2372; x_wconf 85' lang='lat' dir='ltr'>latere</span> <span class='ocrx_word' id='word_1_456' title='bbox 569 2342 651 2383; x_wconf 82' lang='lat' dir='ltr'>colli,</span> <span class='ocrx_word' id='word_1_457' title='bbox 675 2343 705 2373; x_wconf 90' lang='lat' dir='ltr'>in</span> <span class='ocrx_word' id='word_1_458' title='bbox 729 2353 791 2384; x_wconf 89' lang='lat' dir='ltr'>qua</span> <span class='ocrx_word' id='word_1_459' title='bbox 814 2353 918 2372; x_wconf 82' lang='lat' dir='ltr'>venae</span> <span class='ocrx_word' id='word_1_460' title='bbox 942 2339 1072 2388; x_wconf 60' lang='grc' dir='ltr'>ψἐιλρῐ</span> <span class='ocrx_word' id='word_1_461' title='bbox 1098 2343 1172 2382; x_wconf 87' lang='lat' dir='ltr'>sint,</span> <span class='ocrx_word' id='word_1_462' title='bbox 1205 2344 1375 2384; x_wconf 85' lang='lat' dir='ltr'>designari.</span> <span class='ocrx_word' id='word_1_463' title='bbox 1428 2344 1494 2374; x_wconf 89' lang='lat' dir='ltr'>Sed</span> <span class='ocrx_word' id='word_1_464' title='bbox 1518 2355 1613 2385; x_wconf 89' lang='lat' dir='ltr'>quum</span> <span class='ocrx_word' id='word_1_465' title='bbox 1639 2345 1770 2374; x_wconf 79' lang='lat' dir='ltr'>verbum</span> <span class='ocrx_word' id='word_1_466' title='bbox 1784 2344 1826 2381; x_wconf 56' lang='grc' dir='ltr'>,μ’</span> <span class='ocrx_word' id='word_1_467' title='bbox 1845 2344 1972 2383; x_wconf 84' lang='lat' dir='ltr'>proprie</span> 
     </span>
     <span class='ocr_line' id='line_1_36' title="bbox 194 2403 1972 2447; baseline 0 -11"><span class='ocrx_word' id='word_1_468' title='bbox 194 2405 232 2436; x_wconf 83' lang='lat' dir='ltr'>de</span> <span class='ocrx_word' id='word_1_469' title='bbox 259 2404 402 2436; x_wconf 85' lang='lat' dir='ltr'>aedificio</span> <span class='ocrx_word' id='word_1_470' title='bbox 429 2408 484 2434; x_wconf 87' lang='lat' dir='ltr'>aut</span> <span class='ocrx_word' id='word_1_471' title='bbox 515 2403 566 2434; x_wconf 86' lang='lat' dir='ltr'>tali</span> <span class='ocrx_word' id='word_1_472' title='bbox 593 2413 626 2440; x_wconf 84' lang='lat' dir='ltr'>re</span> <span class='ocrx_word' id='word_1_473' title='bbox 653 2403 814 2435; x_wconf 87' lang='lat' dir='ltr'>destructa</span> <span class='ocrx_word' id='word_1_474' title='bbox 841 2404 943 2443; x_wconf 82' lang='lat' dir='ltr'>(cons.</span> <span class='ocrx_word' id='word_1_475' title='bbox 972 2404 1106 2445; x_wconf 81' lang='lat' dir='ltr'>Djeuli.)</span> <span class='ocrx_word' id='word_1_476' title='bbox 1134 2405 1164 2434; x_wconf 90' lang='lat' dir='ltr'>in</span> <span class='ocrx_word' id='word_1_477' title='bbox 1191 2415 1250 2437; x_wconf 87' lang='lat' dir='ltr'>usu</span> <span class='ocrx_word' id='word_1_478' title='bbox 1271 2407 1334 2447; x_wconf 90' lang='lat' dir='ltr'>sit,</span> <span class='ocrx_word' id='word_1_479' title='bbox 1370 2411 1465 2446; x_wconf 89' lang='lat' dir='ltr'>poeta</span> <span class='ocrx_word' id='word_1_480' title='bbox 1503 2417 1573 2437; x_wconf 92' lang='lat' dir='ltr'>cum</span> <span class='ocrx_word' id='word_1_481' title='bbox 1609 2416 1702 2436; x_wconf 87' lang='lat' dir='ltr'>carne</span> <span class='ocrx_word' id='word_1_482' title='bbox 1737 2405 1767 2435; x_wconf 89' lang='lat' dir='ltr'>id</span> <span class='ocrx_word' id='word_1_483' title='bbox 1803 2415 1864 2435; x_wconf 89' lang='lat' dir='ltr'>non</span> <span class='ocrx_word' id='word_1_484' title='bbox 1891 2406 1972 2437; x_wconf 88' lang='lat' dir='ltr'>bene</span> 
     </span>
     <span class='ocr_line' id='line_1_37' title="bbox 192 2465 1972 2514; baseline 0 -16"><span class='ocrx_word' id='word_1_485' title='bbox 192 2467 416 2508; x_wconf 79' lang='lat' dir='ltr'>composuisse</span> <span class='ocrx_word' id='word_1_486' title='bbox 443 2465 580 2496; x_wconf 89' lang='lat' dir='ltr'>videtur.</span> <span class='ocrx_word' id='word_1_487' title='bbox 631 2466 741 2507; x_wconf 82' lang='lat' dir='ltr'>Modo,</span> <span class='ocrx_word' id='word_1_488' title='bbox 767 2476 829 2507; x_wconf 93' lang='lat' dir='ltr'>quo</span> <span class='ocrx_word' id='word_1_489' title='bbox 858 2471 979 2507; x_wconf 86' lang='lat' dir='ltr'>noster,</span> <span class='ocrx_word' id='word_1_490' title='bbox 1007 2466 1161 2496; x_wconf 84' lang='lat' dir='ltr'>Sohairus</span> <span class='ocrx_word' id='word_1_491' title='bbox 1187 2476 1312 2508; x_wconf 87' lang='lat' dir='ltr'>quoque</span> <span class='ocrx_word' id='word_1_492' title='bbox 1337 2478 1416 2498; x_wconf 86' lang='lat' dir='ltr'>usus</span> <span class='ocrx_word' id='word_1_493' title='bbox 1444 2473 1495 2497; x_wconf 83' lang='lat' dir='ltr'>est</span> <span class='ocrx_word' id='word_1_494' title='bbox 1522 2469 1627 2506; x_wconf 83' lang='lat' dir='ltr'>(metr.</span> <span class='ocrx_word' id='word_1_495' title='bbox 1644 2467 1805 2506; x_wconf 85' lang='lat' dir='ltr'>&#39;l&#39;hawil):</span> <span class='ocrx_word' id='word_1_496' title='bbox 1840 2465 1972 2514; x_wconf 41' lang='lat' dir='ltr'>taffo-3</span> 
     </span>
     <span class='ocr_line' id='line_1_38' title="bbox 195 2525 1972 2574; baseline 0.002 -16"><span class='ocrx_word' id='word_1_497' title='bbox 195 2528 287 2574; x_wconf 47' lang='lat' dir='ltr'>Lei-32</span> <span class='ocrx_word' id='word_1_498' title='bbox 310 2529 353 2568; x_wconf 63' lang='grc' dir='ltr'>,μ’</span> <span class='ocrx_word' id='word_1_499' title='bbox 376 2531 425 2560; x_wconf 58' lang='grc' dir='ltr'>«Χὲ</span> <span class='ocrx_word' id='word_1_500' title='bbox 449 2525 581 2562; x_wconf 48' lang='lat' dir='ltr'>obst</span> <span class='ocrx_word' id='word_1_501' title='bbox 623 2528 710 2559; x_wconf 75' lang='lat' dir='ltr'>Vos</span> <span class='ocrx_word' id='word_1_502' title='bbox 738 2527 811 2559; x_wconf 90' lang='lat' dir='ltr'>duo</span> <span class='ocrx_word' id='word_1_503' title='bbox 838 2534 988 2570; x_wconf 86' lang='lat' dir='ltr'>gentes</span> <span class='ocrx_word' id='word_1_504' title='bbox 1017 2529 1190 2559; x_wconf 82' lang='lat' dir='ltr'>foedere</span> <span class='ocrx_word' id='word_1_505' title='bbox 1217 2530 1472 2560; x_wconf 87' lang='lat' dir='ltr'>coniunctas</span> <span class='ocrx_word' id='word_1_506' title='bbox 1499 2530 1766 2569; x_wconf 83' lang='lat' dir='ltr'>reparastis,</span> <span class='ocrx_word' id='word_1_507' title='bbox 1795 2540 1972 2570; x_wconf 87' lang='lat' dir='ltr'>quarum</span> 
     </span>
     <span class='ocr_line' id='line_1_39' title="bbox 195 2591 755 2624; baseline 0 -3"><span class='ocrx_word' id='word_1_508' title='bbox 195 2591 342 2622; x_wconf 87' lang='lat' dir='ltr'>solium</span> <span class='ocrx_word' id='word_1_509' title='bbox 369 2591 628 2624; x_wconf 81' lang='lat' dir='ltr'>destructum</span> <span class='ocrx_word' id='word_1_510' title='bbox 653 2596 755 2622; x_wconf 79' lang='lat' dir='ltr'>erat.</span> 
     </span>
    </p>
   </div>
  </div>
 </body>
</html>
