2155 2892
892 129 1164 160 -526-

130 230 161 259 7.
205 227 260 258 Ad
279 227 417 256 radicem
440 233 542 262 opum,
568 225 659 252 cuius
681 223 816 252 camelos
835 227 1005 260 pascentes
1033 227 1096 254 iam
1118 225 1369 262 adflixeramuS,
1396 224 1470 253 dum
1493 224 1593 254 honor
1614 228 1721 255 noster
1744 228 1777 256 in
1798 236 1836 256 ea
1864 237 1924 257 su-

795 281 920 315 perstes
941 280 1011 306 erat
1032 277 1121 306 haud
1141 277 1261 306 laesus.

239 350 371 389 Iudicat,
402 358 437 380 se
463 352 511 379 tot
537 347 662 378 vicibus
691 346 908 377 liberalitatem
941 346 1144 387 exercuisse,
1172 351 1216 385 ut,
1244 355 1336 385 quum
1363 345 1474 375 cameli
1502 349 1672 384 pascentes
1700 355 1762 376 non
1788 347 1924 387 amplius

130 414 218 445 adire
247 417 378 453 posset,
410 411 470 451 ipsi
493 410 533 440 ad
560 410 698 440 radicem
726 417 829 450 opum,
858 408 877 438 i.
904 418 933 438 e.
961 408 1100 438 camelos
1127 408 1276 448 reliquos,
1304 409 1356 446 qui
1382 408 1593 437 conservandi
1621 412 1722 447 eraut,
1746 418 1787 438 ne
1814 418 1923 440 omnes

129 486 208 517 opes
234 477 411 514 interirent,
439 474 687 515 confugiendum
714 479 816 504 esset.
868 472 914 502 Se
950 475 1058 501 autem
1091 479 1218 509 semper
1253 471 1295 500 ita
1323 471 1435 511 egisse
1464 471 1552 510 dicit,
1580 475 1613 502 ut
1639 472 1740 502 honor
1766 481 1829 503 non
1855 473 1925 504 lae-

129 539 268 570 deretur.

129 637 162 666 8.
206 637 390 676 Effecimus,
414 638 450 665 ut
473 635 657 673 vituperatio
679 643 731 662 eos
753 634 909 669 atlinqere
932 640 993 659 non
1013 634 1128 667 posset,
1154 634 1197 665 ul,
1223 641 1318 669 quum
1341 632 1470 661 divitum
1490 642 1564 670 opes
1579 637 1800 671 numeruntur,
1814 634 1928 664 cameli

761 685 833 713 aliis
856 687 889 712 in
911 694 1003 712 usum
1031 684 1098 713 doli
1119 685 1308 713 riderentur.

229 759 271 789 Ut
298 756 523 797 hospitalitatis
552 755 655 785 officia
683 754 817 794 faceret,
845 762 956 782 omnes
986 762 1085 792 paene
1114 754 1254 783 camelos
1286 763 1323 784 se
1350 759 1514 785 mactasse
1543 755 1628 798 dicit,
1655 767 1695 787 ne
1722 758 1760 788 ab
1787 757 1926 797 hospiti-

129 822 185 852 bus
212 823 459 860 vituperaretur.
510 819 588 848 Tam
616 826 735 857 paucos
764 817 894 846 relictos
924 825 1012 856 esse,
1041 819 1085 853 ut,
1116 818 1142 846 si
1169 815 1305 847 divitum
1333 818 1441 847 cameli
1469 823 1722 860 numerarentur,
1741 819 1803 860 sui,
1831 830 1924 859 quum

131 883 283 923 perpauci
310 885 433 922 essent,
460 880 582 909 nonnisi
611 879 701 908 lactis
728 887 827 908 causa
853 877 883 907 in
912 887 1006 908 usum
1033 877 1099 908 dati
1125 878 1321 909 viderentur.
1358 879 1453 909 Multi
1483 881 1565 910 enim
1594 880 1707 910 cameli
1734 881 1772 911 ab
1799 881 1868 911 aliis
1895 881 1926 911 in

130 955 222 975 usum
250 944 315 974 dari
343 953 404 973 non
430 943 546 975 solent.

128 1042 161 1072 9.
205 1042 305 1071 Nobis
327 1041 398 1070 laus
422 1049 528 1069 eorum
543 1042 599 1074 est,
625 1040 681 1077 qui
698 1038 810 1076 plures
830 1039 978 1066 centenos
995 1037 1167 1074 possident,
1193 1038 1267 1066 dum
1291 1038 1334 1066 ad
1353 1038 1477 1067 domum
1497 1041 1638 1068 nostram
1661 1039 1776 1068 cameli
1795 1039 1927 1077 vespert?

905 1091 994 1120 haud
1013 1092 1157 1122 redeunt.

129 1159 190 1200 (p.
220 1156 346 1201 (352.)
416 1163 473 1204 Se,
501 1171 688 1202 quamquam
716 1160 907 1190 liberalitate
932 1160 972 1190 ad
999 1165 1220 1200 paupertatem
1248 1161 1371 1191 redacti
1397 1161 1472 1202 sint,
1501 1166 1535 1192 ut
1562 1172 1697 1204 gregem
1724 1162 1927 1203 camelorum,

127 1227 179 1267 qui
205 1226 345 1266 vespera
373 1225 498 1256 domum
526 1224 775 1264 reducerentur,
814 1231 876 1252 non
902 1222 1127 1264 possiderent,
1163 1232 1224 1252 nou
1260 1223 1380 1254 minore
1418 1223 1539 1254 honore
1565 1228 1695 1255 ornatos
1722 1233 1799 1254 esse
1834 1233 1927 1264 quam

128 1290 298 1330 opulentos
325 1289 410 1319 dicit.

995 1409 1055 1442 ΙΙ.

556 1475 767 1509 Mon-ran
795 1475 834 1508 h.
857 1476 1075 1509 luant-an
1099 1474 1366 1508 Tamimita
1392 1472 1524 1507 «lixit.

128 1547 158 1576 1.
202 1545 229 1576 0
252 1547 376 1574 dominu
397 1543 531 1573 domus!
549 1554 645 1581 surqe
667 1546 740 1573 dum
763 1544 851 1573 haud
872 1545 942 1573 vilis
965 1555 1018 1582 es,·
1041 1543 1138 1572 sellas
1159 1545 1265 1580 yenle's
1286 1543 1457 1581 thecasque
1479 1542 1522 1570 ad
1542 1545 1571 1570 te
1591 1539 1701 1569 sume!

226 1615 381 1644 Hortatur
408 1622 551 1650 uxorem,
580 1617 613 1643 ut
640 1623 747 1644 curam
775 1614 804 1643 in
833 1613 1013 1653 hospitibus
1048 1612 1242 1651 excipiendis
1268 1617 1366 1651 ponat
1383 1615 1414 1642 et
1432 1611 1572 1641 studium
1600 1609 1792 1642 manifestet.
1820 1608 1924 1647 Uxor,

125 1686 208 1717 quae
243 1675 348 1705 officia.
380 1675 410 1703 in
443 1674 587 1713 hospites
615 1674 760 1704 conferre
788 1684 849 1703 non
876 1674 1007 1713 soleret,
1035 1684 1190 1704 summam
1219 1674 1320 1703 mariti
1347 1673 1596 1712 hospitalitatem
1625 1673 1776 1713 ostendit,
1813 1673 1853 1715 si,
1887 1677 1923 1704 ut

125 1739 226 1768 sellae
254 1742 286 1767 et
313 1737 426 1767 thecae
453 1746 550 1766 curae
577 1745 656 1765 suae
684 1736 880 1776 mandentur,
909 1736 1034 1766 obviam
1061 1736 1159 1765 veuit.
1212 1736 1287 1766 Vox
1315 1732 1381 1778 bjiill
1412 1736 1471 1765 hoc
1498 1738 1528 1765 in
1556 1744 1652 1765 versu
1680 1734 1792 1765 thecas
1819 1735 1925 1776 signi-

126 1801 214 1839 ficat,
240 1800 270 1830 in
297 1799 409 1839 quibus
437 1808 489 1828 res
509 1800 671 1837 pretiosae
695 1803 896 1837 reponuntur.
923 1798 1124 1828 Scholiastes
1145 1807 1305 1828 armorum
1329 1798 1439 1829 thecas
1467 1797 1645 1839 significari
1670 1797 1751 1837 vult,
1779 1801 1811 1827 ut
1829 1800 1924 1836 poeta

127 1863 195 1893 illos
229 1861 311 1901 apud
346 1862 448 1899 ipsam
486 1869 620 1889 securos
656 1869 732 1890 esse
767 1859 905 1899 indicet3
949 1860 1007 1890 sed
1044 1860 1177 1889 huiusce
1212 1869 1331 1889 sensus
1366 1869 1494 1890 causam
1532 1862 1703 1899 cogentem
1729 1867 1791 1887 nou
1818 1857 1924 1887 video.

125 1924 323 1954 Scholiastes
340 1922 379 1952 ad
398 1926 581 1961 sequentem
601 1931 732 1950 versum
751 1920 928 1958 adnotavit,
948 1921 1028 1950 duos
1051 1922 1257 1960 imperativos
1278 1923 1365 1967 6⁸53
1385 1926 1417 1951 et
1437 1929 1533 1967 &⁰²²⁷
1560 1929 1747 1959 quamquam
1777 1919 1925 1958 copulam

127 1985 228 2015 omitti
256 1985 369 2014 licitum
395 1984 447 2023 sit,
476 1989 582 2014 tamen
609 1983 724 2022 copula
751 1983 898 2023 coniungi
923 1983 1026 2024 magis
1055 1983 1228 2013 convenire
1257 1988 1289 2012 et
1315 1985 1361 2012 rei
1387 1981 1569 2022 probandae
1597 1990 1697 2011 causa
1724 1980 1826 2011 locum
1855 1980 1922 2011 Co-

126 2047 193 2077 rani
219 2047 293 2077 Sur.
322 2047 367 2076 74
395 2056 427 2076 v.
460 2046 488 2076 1.
544 2046 671 2086 »Surge
698 2050 731 2075 et
759 2043 888 2075 vove!t‹
919 2044 1095 2075 adnotavit.
1156 2045 1247 2083 Quae
1275 2050 1380 2075 autem
1407 2044 1506 2074 verba
1533 2041 1640 2083 &5559
1669 2042 1747 2088 ΟΜ,
1775 2047 1924 2082 tanquam

127 2118 196 2140 cum
222 2111 362 2148 proxime
390 2108 654 2147 praecedentibus
682 2108 850 2138 coniuncta
877 2106 1006 2149 addidit,
1021 2118 1059 2138 ea
1075 2118 1092 2138 e
1108 2109 1234 2139 Corano
1254 2108 1400 2138 desumta
1417 2117 1478 2136 non
1496 2112 1582 2137 sunt.
1611 2106 1730 2137 Verbis
1749 2103 1842 2149 iifl-m
1856 2106 1920 2148 54³7

126 2181 206 2212 quae
232 2174 331 2202 statui
358 2172 564 2202 describendo
590 2174 782 2212 inserviunt,
810 2181 909 2201 causa
936 2180 992 2201 cur
1018 2175 1144 2212 surgat,
1172 2171 1362 2203 continetur,

127 2272 160 2300 2.
203 2271 306 2300 IVocle
327 2271 446 2298 mensis
468 2270 654 2306 Djumudue,
679 2269 815 2304 madida,
838 2277 899 2306 qua
922 2269 1011 2296 canis
1033 2268 1068 2296 ob
1090 2267 1235 2296 tenebras
1253 2268 1352 2305 funes
1374 2274 1437 2294 non
1458 2267 1568 2294 cernit.

226 2339 380 2378 Tempus,
402 2348 462 2378 quo
490 2338 650 2377 hospitem
678 2336 808 2375 excipit,
836 2336 1015 2366 accuratius
1041 2335 1202 2365 describit.
1231 2335 1353 2365 Hiemis
1372 2338 1405 2364 et
1420 2334 1524 2364 noctis
1542 2333 1708 2373 pluviosae
1729 2330 1920 2361 mentionem

125 2402 211 2439 fecit,
242 2400 324 2440 quod
351 2401 413 2430 isto
444 2405 586 2439 tempore
621 2399 824 2438 hospitalitas
862 2397 964 2438 magis
991 2398 1177 2426 necessaria
1203 2401 1265 2426 est.
1318 2397 1401 2426 Ante
1428 2405 1544 2425 vocem
1571 2392 1696 2435 ὀλοῷ
1722 2391 1918 2422 antecedens

131 2459 198 2498 μή]
226 2461 377 2502 (noctes)
415 2461 568 2490 omissum
596 2465 658 2491 est.
722 2459 846 2489 Mensis
877 2457 1034 2498 Djumada
1070 2467 1088 2487 a
1114 2457 1232 2499 frigore
1260 2457 1438 2496 appellatus
1466 2456 1579 2486 hiemis
1617 2460 1742 2492 tempus
1769 2452 1921 2493 designat

129 2523 233 2553 conf.
261 2522 371 2552 Lebid.
401 2522 509 2552 Moall.
538 2532 569 2551 v.
599 2522 655 2551 28.
721 2522 791 2551 Duo
827 2526 901 2551 sunt
928 2529 1074 2559 menseS‚
1103 2529 1182 2550 unus
1206 2522 1335 2559 quintus
1363 2519 1443 2548 alter
1469 2522 1595 2556 sextus,
1622 2515 1682 2544 hoc
1708 2516 1833 2544 nomine
1860 2524 1921 2553 ap-

128 2584 247 2623 pellati,
274 2585 336 2623 qui,
363 2592 455 2622 quum
483 2588 634 2623 tempore,
663 2592 725 2623 quo
755 2585 882 2613 nomina
909 2583 1138 2622 invenirentur,
1156 2582 1184 2612 in
1213 2581 1341 2622 frigoris
1369 2585 1495 2619 ternpus
1523 2577 1710 2618 inciderent,
1727 2576 1787 2606 hoc
1803 2585 1916 2606 nomen
