2155 2892
893 126 1160 158 —378-

144 230 286 265 tempore
310 225 341 255 in
367 224 464 266 valle,
490 224 581 256 cuius
608 225 703 265 paulo
732 228 805 257 ante
824 226 1015 257 mentionem
1043 226 1190 266 fecimus,
1215 226 1334 269 degere
1361 232 1392 259 et
1418 227 1459 257 ibi
1484 228 1579 259 vitam
1606 230 1800 261 commodam
1826 239 1924 272 agere

142 288 228 321 dicit.

140 385 172 413 3.
215 385 330 413 Nonne
351 393 466 421 parum
488 387 546 421 est,
570 386 600 414 si
621 394 683 415 uno
705 388 826 415 tantam
850 387 965 416 intuitu
988 389 1016 415 te
1039 386 1199 423 adspicio5
1224 387 1282 415 sed
1301 388 1448 418 minime!
1474 390 1520 418 lui
1539 398 1653 426 parum
1674 397 1738 417 non
1759 393 1815 419 est.

236 453 398 485 Feminam
427 454 528 483 semel
554 454 686 495 intueri,
722 456 828 497 magni
854 455 1029 486 faciendum
1057 465 1118 485 non
1146 465 1222 486 esse
1250 456 1347 496 dicit3
1376 461 1439 488 tum
1466 468 1503 488 se
1530 461 1694 500 corrigens
1721 458 1750 488 in
1777 458 1840 489 ista
1873 458 1922 488 se-

138 516 222 545 mina
247 516 377 547 multum
403 517 465 547 hoc
491 526 566 547 esse
593 517 768 548 confitetur.
793 519 872 549 Tam
902 519 1037 549 feminae
1064 518 1254 559 castitatem,
1282 528 1361 559 quae
1388 520 1456 549 viro
1484 521 1629 551 intuitum
1663 530 1724 551 non
1758 521 1922 561 permittit,

138 585 228 615 quam
255 577 526 618 pulchritudinem,
544 581 636 611 cuius
664 592 746 612 unus
774 587 895 613 tantum
923 583 1096 622 adspectus
1124 592 1270 623 magnam
1296 582 1492 621 voluptatem
1515 587 1616 621 paret,
1630 582 1759 612 laudare
1784 582 1920 612 videtur.

138 640 353 681 Interrogandi
368 642 567 683 particulam,
586 652 664 682 quae
679 643 816 684 negandi
833 645 1005 684 particulae
1025 645 1136 674 similis
1153 645 1206 683 sit,
1222 653 1291 673 cum
1308 643 1444 684 negandi
1464 644 1615 683 particula
1630 645 1824 675 coniunctam
1839 643 1922 674 haud

137 712 267 744 negare,
295 704 408 743 quippe
435 704 515 735 duae
541 707 731 746 negationes
759 706 956 746 confirment,
983 706 1177 736 scholiastes
1205 706 1340 736 illustrat
1365 711 1397 735 et
1413 706 1528 736 Corani
1550 708 1658 736 verbis
1675 707 1814 749 (Sur.’7,
1831 708 1920 747 1⁹71)

136 767 256 806 probat.
308 767 449 797 Similem
475 772 578 798 autem
613 769 803 798 sententiam
832 773 927 807 poeta
954 769 1160 807 sequentibus
1187 768 1294 797 verbis
1323 769 1452 807 protulit
1491 769 1600 807 (metr.
1629 771 1777 812 ChafifJ:
1808 773 1918 802 Num

136 834 174 860 te
200 831 328 862 semel
356 831 551 861 intuendi
578 831 701 870 copia
728 836 813 872 est,
832 837 877 862 ut
904 832 1004 862 sitis
1036 834 1357 872 restinguatur
1384 836 1427 860 et
1456 831 1581 861 ardor
1608 835 1709 865 sitis
1736 839 1918 866 sanetur.

136 895 213 925 Res
241 894 347 934 apud
375 898 415 924 te
441 902 592 934 parva,
620 894 722 933 apud
749 904 810 925 me
836 905 980 937 magna
1006 901 1072 926 est
1097 902 1138 927 et
1165 905 1337 936 paucum
1367 896 1538 926 multum
1565 901 1631 926 est
1657 898 1704 926 ab
1724 907 1781 936 eo,
1802 907 1916 938 quem

134 964 255 986 amas.
285 953 395 987 bons.
425 955 517 984 llam.
547 964 576 994 p.
605 954 656 984 οῖ’*ν
682 955 702 986 l.
731 956 763 985 5.

132 1048 164 1076 4.
209 1047 236 1077 O
258 1050 382 1077 animae
403 1049 528 1078 amica!
542 1053 668 1087 praeter
690 1060 783 1088 quam
805 1060 848 1079 ex
870 1052 980 1079 amicis
999 1053 1134 1079 sinceris
1156 1053 1244 1080 nobis
1266 1054 1367 1081 amica
1389 1062 1451 1081 non
1473 1056 1522 1081 est

131 1101 162 1130 5.
206 1102 252 1131 Et
273 1111 290 1130 ο
313 1105 357 1138 tu,
381 1105 473 1132 cuius
494 1114 629 1133 amorem
651 1106 886 1141 occultavimus,
911 1110 947 1135 ut
967 1108 1091 1135 inimico
1113 1108 1146 1135 in
1170 1115 1204 1135 eo
1225 1107 1404 1145 obsequium
1428 1108 1516 1136 haud
1534 1110 1762 1145 praestaretur,
1780 1115 1839 1144 quo
1859 1107 1917 1143 fa-

787 1159 904 1188 miliari
923 1163 1034 1198 confisi
1060 1170 1123 1189 non
1147 1170 1258 1189 snmus

242 1228 374 1258 Unicam
408 1228 467 1258 sibi
493 1228 624 1259 amicam
652 1237 740 1269 esse,
777 1231 867 1259 cuins
895 1238 1031 1260 amorem
1059 1239 1160 1269 neque
1187 1230 1309 1259 inimico
1335 1240 1439 1270 neque
1467 1232 1567 1260 amico
1593 1229 1790 1269 patefecerit.
1842 1227 1916 1259 Vox

130 1286 196 1317 sis>
212 1293 276 1320 tam
292 1290 425 1320 amicum
440 1301 530 1331 quam
551 1293 697 1331 amicam,
717 1298 779 1322 tam
801 1302 892 1322 unam
913 1301 1078 1331 personam
1105 1302 1197 1332 quam
1225 1292 1333 1331 plures
1361 1293 1520 1333 designat.
1545 1292 1744 1332 Quamquam
1771 1291 1916 1321 feminam

130 1352 306 1392 alloquitur,
349 1357 383 1382 ut
409 1363 449 1383 ex
477 1354 567 1384 tertio
593 1363 693 1384 versu
720 1354 870 1395 cognosci
898 1354 984 1391 licet,
1011 1354 1040 1383 in
1068 1355 1174 1393 quinto
1202 1364 1301 1384 versu
1325 1354 1478 1385 suffixum
1508 1355 1713 1385 masculinum
1737 1354 1774 1384 ob
1800 1362 1914 1383 vocem

130 1414 303 1453 &posuit
332 1414 533 1445 Scholiastes
562 1416 738 1456 adnotavit,
765 1416 828 1457 legi
856 1426 982 1456 quoque
1011 1413 1090 1455 δᾲς
1117 1426 1146 1454 a?
1169 1413 1233 1463 [³³²³
1261 1414 1292 1461 ρ]
1321 1422 1353 1446 et
1379 1411 1471 1456 *ild-Q:
1497 1427 1525 1454 a?
1555 1413 1618 1463 Chi
1646 1413 1767 1462 ?S;sed
1782 1417 1915 1454 passiva

130 1477 220 1507 verbi
246 1477 345 1508 forma
371 1487 441 1508 curn
468 1483 622 1518 sequente
645 1488 728 1509 voce
747 1491 821 1519 2794,
837 1479 940 1520 magis
965 1488 1106 1520 congrua
1123 1484 1155 1509 et
1170 1489 1235 1508 vox
1248 1484 1321 1518 9.)oe-
1347 1482 1420 1510 voci
1437 1481 1537 1517 &2:30
1558 1479 1668 1509 melius
1684 1478 1832 1517 opposita
1848 1483 1908 1508 est.

130 1573 162 1602 6.
205 1574 319 1603 Nonne
341 1575 430 1604 locus
452 1579 509 1610 est,
525 1579 557 1605 ιἰι
570 1586 629 1614 qao
653 1577 695 1605 ad
714 1579 744 1605 te
755 1582 944 1613 perveniam,
961 1576 1013 1604 ubi
1032 1577 1069 1605 de
1092 1577 1242 1604 dislanlia
1263 1587 1410 1606 secessas
1425 1579 1455 1604 et
1472 1578 1668 1605 inimicorum
1685 1578 1767 1604 meta
1780 1574 1913 1613 querar?

227 1642 348 1684 Rogat,
376 1649 410 1674 ut
435 1645 496 1675 sibi
523 1646 562 1675 ad
590 1647 689 1686 ipsam
718 1644 865 1676 veniendi
892 1645 985 1684 copia
1011 1645 1112 1676 detur.
1176 1646 1301 1675 Versus
1328 1650 1434 1675 autem
1462 1655 1531 1676 eum
1559 1654 1656 1675 versu
1683 1649 1794 1684 quarto
1822 1645 1912 1683 quin-

129 1710 226 1745 toque
252 1716 352 1736 sensu
381 1708 543 1738 cohaeret.

128 1803 158 1833 7.
208 1803 247 1832 Te
268 1803 420 1832 liberem!
450 1805 576 1833 Immici
596 1807 656 1833 mei
675 1806 766 1834 mulli
788 1809 872 1839 sunt,
897 1806 1047 1835 distantia
1068 1811 1116 1836 est
1145 1807 1238 1846 longa
1259 1810 1289 1836 e!
1310 1807 1471 1843 adjutores
1493 1807 1553 1834 mei
1572 1805 1658 1842 apud
1677 1807 1706 1833 te
1725 1805 1830 1841 pauci.

229 1872 386 1910 Quen-elas
425 1873 531 1910 ipsas,
569 1883 699 1912 quarum
739 1875 768 1904 in
806 1878 910 1914 priore
949 1886 1047 1906 versu
1077 1878 1266 1907 mentionem
1296 1877 1417 1906 fecerat
1445 1875 1484 1905 de
1511 1874 1642 1904 inimicis
1668 1873 1785 1913 multis,
1814 1871 1911 1913 longa

129 1935 275 1964 distantia
306 1939 336 1965 et
361 1935 556 1965 adiutoribus
585 1939 694 1975 paucis
723 1937 854 1976 profert.
918 1939 1118 1969 Scholiastes
1146 1950 1247 1970 voces
1281 1944 1362 1975 ..λέξις
1390 1938 1518 1967 formam
1547 1936 1706 1966 masculini
1736 1937 1912 1966 obtinuisse

130 1996 214 2031 dicit,
242 1997 323 2035 quod
351 1997 447 2027 forma
474 1998 551 2035 ὸῳιὲ
579 2001 702 2037 utrique
730 2002 838 2040 generi
867 2000 1032 2038 inserviat,
1062 2006 1095 2031 nt
1122 2007 1176 2031 ant
1204 2001 1326 2031 modum
1347 1999 1498 2039 adjectivi
1523 1999 1646 2029 relativi
1667 2000 1703 2037 (i.
1721 2009 1747 2028 e.
1770 2008 1826 2038 pro
1845 1998 1910 2027 ψῑό

128 2061 192 2095 osa?
217 2059 260 2087 sit
285 2060 366 2092 conf,
395 2070 423 2098 p.
451 2062 495 2088 0⁴13·
521 2070 551 2088 v.
582 2061 601 2090 4
632 2061 752 2100 schol.)
780 2068 834 2092 ant
860 2063 980 2093 formae
1007 2061 1078 2104 ‘33²⁵
1106 2069 1260 2102 sequatur
1297 2062 1405 2093 conf.
1435 2060 1544 2093 Gram.
1581 2063 1636 2092 Ar.
1662 2063 1698 2090 T.
1728 2062 1753 2090 ΙΙ
1781 2072 1810 2100 p.
1839 2061 1908 2091 274

129 2130 175 2159 sq.
227 2122 268 2150 Hi
294 2127 468 2159 sequentes
502 2132 618 2152 versus
656 2130 793 2163 excepto
831 2126 954 2156 decimo
986 2127 1015 2155 in
1044 2126 1329 2156 Ebu-Challikani
1365 2135 1461 2164 opere
1488 2126 1566 2154 Nro.
1594 2125 1664 2155 832
1697 2125 1906 2154 inveniuntur.

127 2218 159 2246 8.
206 2217 459 2256 Quoliescunque
482 2220 647 2251 veniebam.
673 2231 802 2250 causam
825 2224 945 2261 munli,-
970 2233 1086 2252 causas
1109 2226 1211 2251 autem
1236 2225 1414 2259 consponsa]
1436 2223 1583 2260 quomodo
1605 2224 1701 2259 ι’ῃίίιιι·
1722 2220 1845 2249 dicam?

228 2290 332 2317 Antea
350 2297 387 2317 se
401 2289 652 2326 excusationem,
674 2299 728 2319 cnr
757 2291 889 2328 venerit,
906 2295 1046 2329 paratam
1065 2291 1229 2331 habuisse,
1246 2299 1337 2327 nunc,
1355 2299 1448 2328 quum
1477 2291 1607 2329 saepius
1634 2289 1767 2319 veniens
1789 2287 1905 2317 multas

128 2351 354 2380 excusationes
381 2350 540 2387 adtulerit,
567 2360 604 2380 se
633 2351 746 2381 nullam
783 2354 1021 2381 excusationem
1048 2353 1190 2382 invenire
1216 2352 1409 2382 scholiastes
1438 2352 1527 2392 (lixit,
1555 2356 1608 2382 aut
1633 2351 1788 2381 obiectum
1819 2350 1906 2379 verbi

127 2408 190 2451 „5355
216 2415 369 2442 omissum
398 2423 473 2442 esse
498 2419 552 2442 aut
579 2414 650 2442 voci
678 2413 823 2452 loquendi
850 2413 1113 2454 significationem
1134 2414 1330 2444 tribuendam
1358 2424 1442 2452 esse,
1473 2420 1506 2444 ut
1534 2414 1656 2443 obiecto
1683 2411 1766 2440 haud
1796 2415 1906 2451 egeat.

127 2473 196 2502 Hoc
221 2474 251 2502 in
278 2483 376 2503 versu
404 2480 561 2514 sequente
588 2476 721 2505 inveniri
747 2473 852 2518 (metr.
880 2474 1036 2519 'l'hawil):
1075 2477 1114 2506 ln
1158 2486 1380 2515 responso
1419 2486 1497 2507 suo
1538 2485 1613 2505 non
1649 2473 1694 2503 de
1732 2473 1906 2514 negotio

128 2538 287 2566 animae
327 2537 468 2568 locuta
504 2543 590 2578 est,
633 2543 673 2568 ut
713 2539 1032 2569 exeusationem
1074 2539 1270 2569 adferret
1310 2547 1349 2570 et
1388 2548 1528 2570 sermo
1567 2537 1906 2567 excusationem

127 2595 271 2627 adfert.
666 2588 671 2594 ¹
