2155 2892
937 171 1204 202 -623—

179 282 209 310 3.
256 281 298 310 Et
325 283 410 318 apen!
438 292 538 320 aquae
561 281 792 319 receptaculum
822 289 927 308 eornm
955 282 1024 309 silis
1048 280 1287 317 iutellt'yenliarn
1312 285 1451 311 'rosh-am
1475 283 1602 312 stultam
1631 293 1701 312 esse
1724 293 1786 313 nan
1809 286 1960 324 declat-al,

727 334 799 362 dum
823 336 1007 370 conwaloris
1027 337 1121 370 pravi
1141 336 1190 362 ira
1219 338 1403 364 conrilalur.

278 404 310 432 ln
339 404 441 443 priore
467 412 565 433 versu
592 411 684 442 quum
709 402 877 432 sitientium
904 403 1097 432 camelorum
1126 403 1313 434 mentionem
1343 405 1497 447 fecisset,
1534 407 1592 436 hoc
1619 408 1647 436 in
1675 418 1771 438 versu
1802 410 1960 440 lenitatem

176 471 205 495 et
235 466 450 496 liberalitatem
478 475 557 507 erga
586 475 643 495 eos
671 465 845 506 describit,
879 466 928 506 qui
959 466 1052 496 simul
1081 474 1151 496 cum
1181 466 1249 504 ipso
1279 466 1456 496 sitibundos
1484 470 1622 498 ‹·ainelos
1649 469 1687 499 ad
1715 481 1815 510 aquae
1846 482 1960 512 recep-

176 529 311 558 tueulum
339 534 449 570 agunt.
502 528 548 558 Se
576 529 645 558 aliis
675 530 806 568 primum
835 528 934 559 locum
965 529 1166 569 concedere,
1205 528 1278 558 dum
1311 530 1401 567 pravi
1435 530 1514 559 alios
1544 531 1615 561 inde
1643 542 1710 562 cum
1740 534 1770 562 vi
1800 534 1960 573 repellunt.

176 593 276 622 Suum
305 592 419 634 agendi
448 591 570 622 modum
599 592 796 634 punientem,
825 591 956 622 aliorum
984 591 1112 623 stultum
1141 590 1324 631 adpellavit.

965 722 1160 756 xcvn.

174 801 318 834 ausit!
344 802 388 835 Ιι.
405 801 642 842 ,flajanum
655 801 868 836 llilassta
891 801 1029 843 «lixit,
1050 802 1165 835 ιΙιιιιι
1189 801 1276 834 ulii
1302 811 1471 836 versus
1486 803 1732 837 nomam«,
1751 805 1966 841 b.'1¹saun·

953 856 1184 889 tribuunt.

179 953 204 980 1.
250 951 352 986 Onam
377 955 475 980 mater
499 951 731 980 Mohammedis
759 953 922 980 arariliam
947 951 1026 980 milti
1050 951 1318 987 commendasset,
1341 950 1371 978 ei
1391 951 1475 980 disi:
1520 951 1574 980 Aa
1604 954 1768 981 arat-iliam
1796 952 1967 982 Almmlem

1011 1006 1108 1033 incila
1124 1004 1138 1032 ,Ι

279 1074 402 1115 Monet,
431 1083 470 1104 ne
497 1074 609 1104 mulier
635 1074 695 1114 ipsi
722 1074 888 1104 avaritiam
912 1073 1129 1112 commendet;
1157 1073 1215 1103 sed
1246 1073 1285 1104 ad
1313 1074 1403 1104 alium
1431 1073 1538 1112 potius
1564 1083 1602 1103 se
1630 1078 1807 1104 convertat.
1845 1074 1968 1105 Vocem

179 1136 283 1167 los->l
319 1137 513 1177 interpretes
546 1138 635 1171 vario
670 1137 762 1167 modo
797 1137 969 1176 explicant.
1023 1137 1089 1166 Aut
1125 1145 1239 1165 vocem
1277 1136 1426 1166 adiectivi
1454 1135 1582 1166 sormam
1611 1137 1858 1175 comparativam
1889 1145 1967 1166 esse

183 1200 202 1229 i.
229 1209 256 1229 e.
286 1199 387 1229 virum
417 1200 535 1229 maiore
562 1199 655 1229 laude
683 1199 809 1240 dignum
837 1209 928 1239 quam
957 1208 1039 1240 ego,
1075 1198 1157 1237 quod
1191 1198 1313 1227 monitis
1348 1198 1409 1228 tuis
1437 1198 1621 1236 obsequium
1648 1204 1793 1237 praestat
1819 1204 1873 1228 aut
1903 1198 1970 1229 fieri

179 1270 288 1300 posse,
315 1265 348 1290 ut
377 1270 490 1291 nomen
519 1263 677 1301 proprium
705 1264 757 1302 sit,
785 1271 845 1301 quo
873 1261 956 1291 filius
985 1261 1126 1291 mulieris
1155 1265 1205 1291 aut
1222 1260 1418 1299 propinquus
1441 1260 1640 1302 designetur.
1669 1260 1802 1301 Legitur
1830 1270 1968 1299 quoque:

179 1321 284 1354 loto!
312 1312 391 1364 0333
418 1324 470 1363 „kt
501 1325 594 1369 25²>-
658 1324 729 1354 »Ad
766 1324 986 1354 liberalitatem
1022 1323 1158 1364 instiga,
1200 1332 1269 1352 nam
1307 1323 1424 1353 maiore
1458 1323 1552 1353 laude
1586 1323 1711 1363 dignum
1739 1321 1832 1353 esth(
1898 1324 1970 1353 Hoc

182 1385 323 1416 admisso
353 1387 559 1416 accusativus
592 1388 685 1417 vocis
721 1386 826 1418 lcx4>i
864 1397 882 1417 e
909 1387 1008 1416 verbo
1036 1388 1153 1416 omisso
1182 1385 1308 1425 pendet.
1363 1385 1548 1415 Mersukius
1575 1394 1689 1415 vocem
1731 1384 1782 1414 <dt
1820 1385 1969 1417 adfer!

1716 1409 1739 1427 k«

181 1448 388 1488 supplendam
417 1453 529 1490 putat3
557 1449 615 1479 sed
636 1459 699 1480 vox
714 1470 743 1495 U
758 1447 808 1484 ᾧ
835 1449 975 1490 suppleri
1002 1453 1121 1489 potest,
1150 1452 1184 1478 ut
1204 1448 1233 1477 in
1260 1447 1389 1477 verbis:
1420 1448 1526 1478 »Pone
1542 1452 1573 1478 te
1602 1448 1638 1486 (i.
1653 1458 1682 1478 e.
1698 1448 1815 1479 recede
1831 1459 1848 1479 a
1865 1444 1969 1487 melfi

746 1481 766 1491 a
795 1481 800 1486 .

181 1512 235 1541 tibi
262 1512 362 1542 tutius
391 1512 469 1542 erit«
503 1516 533 1542 et
560 1512 589 1541 in
618 1511 734 1542 Corani
763 1512 830 1541 loco
858 1512 932 1541 Sur.
962 1512 993 1550 4,
1024 1511 1101 1542 169.
1145 1505 1355 1540 »Abstinetel
1384 1510 1491 1541 melius
1518 1511 1611 1540 vobis
1640 1511 1768 1550 (erit),u

181 1609 213 1636 2.
262 1608 319 1636 Vir
341 1618 398 1645 eqo
425 1618 505 1642 sum,
531 1609 587 1646 qui
608 1609 745 1636 animam
768 1617 859 1636 suam
882 1608 925 1636 ad
944 1607 1061 1644 ayendi
1079 1607 1202 1635 modum
1232 1608 1407 1645 adsuefecit
1413 1617 1427 1645 ,·
1458 1611 1488 1637 et
1518 1609 1619 1637 omnis
1642 1610 1688 1637 vir
1716 1609 1972 1638 consuetudinem

938 1669 1028 1688 suam
1057 1662 1209 1698 sequitur.

281 1732 314 1760 ln
339 1730 398 1760 boc
425 1739 523 1760 versu
552 1729 723 1759 verborum
754 1728 845 1768 primi
873 1738 991 1759 versus
1018 1738 1149 1759 causam
1175 1730 1313 1768 exponit.
1367 1730 1489 1762 Manita
1516 1731 1564 1761 illa
1592 1730 1715 1761 inutilia
1742 1739 1826 1761 esse.

182 1828 213 1856 3.
259 1827 354 1862 Num,
381 1826 506 1864 quando
528 1828 633 1855 crines
656 1826 720 1854 albi
741 1827 774 1854 in
797 1828 898 1863 capite
919 1835 983 1854 meo
1005 1826 1160 1863 adparent
1182 1829 1213 1854 et
1233 1827 1275 1855 ad
1293 1836 1341 1855 me
1360 1836 1440 1863 qens
1456 1826 1695 1858 Banu-Ailtlan
1718 1828 1783 1856 bini
1803 1830 1834 1856 el
1853 1828 1975 1864 sinyali

976 1880 1173 1914 consentiunt,

186 1934 216 1961 4.
262 1931 318 1960 Me
344 1931 508 1968 lapsurum
534 1933 565 1959 et
593 1932 828 1967 aeqrolalurum
855 1939 926 1959 esse
954 1935 985 1959 et
1010 1935 1151 1960 retusum
1169 1933 1315 1969 [edurum
1338 1934 1532 1970 speravisti?
1560 1933 1623 1962 Abi
1650 1945 1668 1962 a
1695 1945 1742 1963 me
1769 1936 1897 1973 repudio
1924 1936 1974 1964 di-

827 1986 925 2012 missa
946 1988 977 2012 et
997 1994 1088 2012 mane
1106 1986 1333 2022 proficiscere!

286 2053 352 2094 Se,
387 2054 438 2093 qui
468 2063 524 2093 per
559 2053 685 2094 longum
720 2053 807 2082 vitae
833 2053 970 2092 spatium
997 2053 1177 2084 liberalitati
1206 2054 1412 2085 adsuefactus
1439 2056 1498 2096 sit,
1538 2056 1627 2086 aliter
1660 2065 1758 2098 agere
1786 2066 1847 2086 non
1876 2066 1973 2097 posse

187 2121 219 2145 et
247 2124 337 2153 spem
365 2115 505 2144 mulieris
533 2124 647 2145 vanam
675 2125 775 2155 esse,
813 2116 902 2156 sore,
943 2120 977 2145 ut
1010 2124 1112 2153 paene
1146 2124 1247 2145 senex
1281 2116 1382 2146 factus
1411 2117 1501 2146 uxori
1529 2116 1667 2147 obediat.
1721 2118 1817 2148 Istam
1854 2123 1973 2151 autem.

187 2188 279 2219 quam
308 2177 509 2208 commendat
535 2178 663 2215 mulier,
697 2178 813 2219 agendi
841 2178 1013 2217 rationem,
1041 2187 1109 2208 cum
1137 2178 1250 2219 lapsu,
1278 2179 1383 2208 morbo
1419 2184 1451 2208 et
1479 2179 1711 2220 imbecillitate,
1749 2180 1822 2210 dum
1850 2183 1973 2209 animus

188 2240 294 2281 gladio
321 2240 436 2269 obtuso
457 2239 566 2269 similis
585 2239 632 2280 fit,
660 2242 869 2279 comparavit.
899 2240 952 2270 Ne
968 2245 1072 2270 antem
1095 2241 1230 2280 amplius
1250 2241 1358 2270 mulier
1376 2243 1423 2271 sic
1443 2246 1532 2282 agat,
1560 2241 1724 2280 repudium
1754 2245 1814 2285 (p,
1839 2244 1973 2286 751.)

189 2303 324 2332 minatur
352 2306 406 2331 aut
435 2301 480 2330 ira
508 2310 667 2331 accensus
695 2311 763 2332 eam
800 2301 930 2340 repudio
967 2302 1104 2332 dimittit.
1157 2302 1255 2333 Genti
1283 2303 1520 2334 Banu-Aihlau
1547 2307 1651 2333 autem
1679 2304 1822 2342 repetitis
1851 2303 1974 2333 vicibus

190 2362 413 2402 benefecerat‚
441 2367 475 2392 ut.
503 2361 532 2390 in
560 2362 598 2391 iis
627 2362 730 2392 moniti
757 2371 856 2392 causa
883 2364 1063 2402 quaerenda
1088 2366 1141 2394 sit.
1194 2365 1335 2395 Similem
1362 2375 1493 2395 sensum
1520 2366 1549 2395 in
1576 2375 1674 2395 versu
1702 2371 1855 2404 sequente
1884 2367 1976 2395 inve-

191 2426 292 2454 nimus
321 2426 430 2462 (metr.
459 2423 589 2464 RanilJ:
629 2424 866 2462 »Quomodo
894 2427 1055 2465 lapsum
1082 2436 1208 2458 meum
1237 2433 1434 2467 sperant,
1462 2432 1692 2467 postquam
1713 2431 1909 2458 canities
1937 2434 1975 2458 et

192 2486 403 2516 calvities
429 2491 555 2526 caput
582 2496 708 2518 meum
736 2487 876 2518 texit.«
927 2489 962 2519 In
990 2489 1102 2519 scholii
1130 2489 1211 2520 linea
1231 2493 1340 2528 quarta
1371 2498 1439 2519 cum
1457 2489 1625 2519 Mersukio
1644 2487 1732 2527 &933
1752 2489 1778 2528 3
1807 2489 1977 2531 legendum

192 2551 277 2586 puto.
310 2549 432 2578 Vocem
460 2546 551 2594 ῥεῖ),
579 2549 724 2587 primitus
755 2550 822 2579 loco
852 2550 1030 2580 definiendo
1061 2552 1288 2582 inservientem
1314 2547 1426 2594 (5555)
1456 2549 1514 2580 hoc
1540 2550 1569 2579 in
1598 2560 1694 2580 versu
1722 2550 1824 2579 locum
1845 2550 1977 2580 nominis

196 2610 284 2639 verbi
312 2616 422 2641 tenere
450 2611 468 2640 i.
485 2621 512 2641 e.
540 2611 628 2640 verbi
655 2612 726 2642 loco
755 2612 890 2651 positam
918 2621 992 2643 esse
1019 2613 1121 2643 conf.
1152 2613 1251 2644 Grani
1284 2613 1339 2642 Ar.
1359 2612 1394 2641 Τ.
1410 2612 1432 2640 1.
1457 2621 1486 2651 p.
1504 2612 1586 2650 545,
1613 2617 1645 2642 et
1675 2612 1754 2642 hanc
1782 2612 1820 2641 ab
1846 2620 1978 2642 causam

1570 2673 1615 2703 79
