<?xml version="1.0" encoding="UTF-8"?>
<!DOCTYPE html PUBLIC "-//W3C//DTD XHTML 1.0 Transitional//EN"
    "http://www.w3.org/TR/xhtml1/DTD/xhtml1-transitional.dtd">
<html xmlns="http://www.w3.org/1999/xhtml" xml:lang="en" lang="en">
 <head>
  <title>
</title>
<meta http-equiv="Content-Type" content="text/html;charset=utf-8" />
  <meta name='ocr-system' content='tesseract 3.04.00' />
  <meta name='ocr-capabilities' content='ocr_page ocr_carea ocr_par ocr_line ocrx_word'/>
</head>
<body>
  <div class='ocr_page' id='page_1' title='image "./p2hamassaecarmin02abbiuoft_0254.png"; bbox 0 0 2155 2892; ppageno 0'>
   <div class='ocr_carea' id='block_1_1' title="bbox 904 134 1170 164">
    <p class='ocr_par' dir='ltr' id='par_1_1' title="bbox 904 134 1170 164">
     <span class='ocr_line' id='line_1_1' title="bbox 904 134 1170 164; baseline -0.008 1"><span class='ocrx_word' id='word_1_1' title='bbox 904 134 1170 164; x_wconf 78' lang='lat'>-244—</span> 
     </span>
    </p>
   </div>
   <div class='ocr_carea' id='block_1_2' title="bbox 148 228 1943 1917">
    <p class='ocr_par' dir='ltr' id='par_1_2' title="bbox 148 228 1943 1917">
     <span class='ocr_line' id='line_1_2' title="bbox 150 228 1930 275; baseline -0.009 -2"><span class='ocrx_word' id='word_1_2' title='bbox 150 243 272 274; x_wconf 85' lang='lat' dir='ltr'>dicitur.</span> <span class='ocrx_word' id='word_1_3' title='bbox 323 241 498 271; x_wconf 87' lang='lat' dir='ltr'>Discrimen</span> <span class='ocrx_word' id='word_1_4' title='bbox 533 238 596 268; x_wconf 87' lang='lat' dir='ltr'>tale</span> <span class='ocrx_word' id='word_1_5' title='bbox 626 246 702 267; x_wconf 89' lang='lat' dir='ltr'>esse</span> <span class='ocrx_word' id='word_1_6' title='bbox 728 236 860 273; x_wconf 88' lang='lat' dir='ltr'>volunt,</span> <span class='ocrx_word' id='word_1_7' title='bbox 897 234 979 275; x_wconf 90' lang='lat' dir='ltr'>quod</span> <span class='ocrx_word' id='word_1_8' title='bbox 1013 233 1074 264; x_wconf 89' lang='lat' dir='ltr'>hoc</span> <span class='ocrx_word' id='word_1_9' title='bbox 1100 232 1222 262; x_wconf 85' lang='lat' dir='ltr'>duabus</span> <span class='ocrx_word' id='word_1_10' title='bbox 1251 231 1392 271; x_wconf 85' lang='lat' dir='ltr'>partibus</span> <span class='ocrx_word' id='word_1_11' title='bbox 1419 233 1583 259; x_wconf 83' lang='lat' dir='ltr'>consutum</span> <span class='ocrx_word' id='word_1_12' title='bbox 1611 238 1687 259; x_wconf 85' lang='lat' dir='ltr'>esse</span> <span class='ocrx_word' id='word_1_13' title='bbox 1714 228 1828 267; x_wconf 70' lang='lat' dir='ltr'>dicunt,</span> <span class='ocrx_word' id='word_1_14' title='bbox 1855 229 1930 259; x_wconf 85' lang='lat' dir='ltr'>illud</span> 
     </span>
     <span class='ocr_line' id='line_1_3' title="bbox 150 291 1927 343; baseline -0.008 -9"><span class='ocrx_word' id='word_1_15' title='bbox 150 315 210 336; x_wconf 87' lang='lat' dir='ltr'>una</span> <span class='ocrx_word' id='word_1_16' title='bbox 244 307 332 343; x_wconf 84' lang='lat' dir='ltr'>parte</span> <span class='ocrx_word' id='word_1_17' title='bbox 359 306 516 331; x_wconf 85' lang='lat' dir='ltr'>constare.</span> <span class='ocrx_word' id='word_1_18' title='bbox 569 299 802 330; x_wconf 84' lang='lat' dir='ltr'>Vestimentum</span> <span class='ocrx_word' id='word_1_19' title='bbox 830 307 928 336; x_wconf 90' lang='lat' dir='ltr'>super</span> <span class='ocrx_word' id='word_1_20' title='bbox 941 296 1002 327; x_wconf 85' lang='lat' dir='ltr'>alia</span> <span class='ocrx_word' id='word_1_21' title='bbox 1025 295 1173 335; x_wconf 84' lang='lat' dir='ltr'>indutum,</span> <span class='ocrx_word' id='word_1_22' title='bbox 1200 297 1300 324; x_wconf 91' lang='lat' dir='ltr'>totum</span> <span class='ocrx_word' id='word_1_23' title='bbox 1327 302 1444 332; x_wconf 87' lang='lat' dir='ltr'>corpus</span> <span class='ocrx_word' id='word_1_24' title='bbox 1475 296 1590 332; x_wconf 83' lang='lat' dir='ltr'>tegens</span> <span class='ocrx_word' id='word_1_25' title='bbox 1619 300 1694 320; x_wconf 90' lang='lat' dir='ltr'>esse</span> <span class='ocrx_word' id='word_1_26' title='bbox 1725 300 1787 321; x_wconf 90' lang='lat' dir='ltr'>non</span> <span class='ocrx_word' id='word_1_27' title='bbox 1813 291 1927 321; x_wconf 86' lang='lat' dir='ltr'>dubito.</span> 
     </span>
     <span class='ocr_line' id='line_1_4' title="bbox 149 352 1928 402; baseline -0.009 -7"><span class='ocrx_word' id='word_1_28' title='bbox 149 366 297 396; x_wconf 84' lang='lat' dir='ltr'>Feminas</span> <span class='ocrx_word' id='word_1_29' title='bbox 324 365 387 393; x_wconf 90' lang='lat' dir='ltr'>isto</span> <span class='ocrx_word' id='word_1_30' title='bbox 416 371 540 402; x_wconf 89' lang='lat' dir='ltr'>quoque</span> <span class='ocrx_word' id='word_1_31' title='bbox 566 361 757 390; x_wconf 80' lang='lat' dir='ltr'>vestimento</span> <span class='ocrx_word' id='word_1_32' title='bbox 784 359 839 400; x_wconf 85' lang='lat' dir='ltr'>uti,</span> <span class='ocrx_word' id='word_1_33' title='bbox 856 368 897 388; x_wconf 83' lang='lat' dir='ltr'>ex</span> <span class='ocrx_word' id='word_1_34' title='bbox 927 359 996 388; x_wconf 90' lang='lat' dir='ltr'>loeo</span> <span class='ocrx_word' id='word_1_35' title='bbox 1024 357 1188 387; x_wconf 74' lang='lat' dir='ltr'>Hamasae</span> <span class='ocrx_word' id='word_1_36' title='bbox 1214 365 1243 395; x_wconf 87' lang='lat' dir='ltr'>p.</span> <span class='ocrx_word' id='word_1_37' title='bbox 1270 356 1310 384; x_wconf 54' lang='lat'>031</span> <span class='ocrx_word' id='word_1_38' title='bbox 1338 363 1369 384; x_wconf 90' lang='lat' dir='ltr'>v.</span> <span class='ocrx_word' id='word_1_39' title='bbox 1398 355 1430 383; x_wconf 89' lang='lat'>5.</span> <span class='ocrx_word' id='word_1_40' title='bbox 1454 353 1675 394; x_wconf 80' lang='lat' dir='ltr'><strong>cognoscimus</strong></span> <span class='ocrx_word' id='word_1_41' title='bbox 1708 352 1790 384; x_wconf 81' lang='lat' dir='ltr'>conf.</span> <span class='ocrx_word' id='word_1_42' title='bbox 1823 352 1928 392; x_wconf 83' lang='lat' dir='ltr'>Dozyi</span> 
     </span>
     <span class='ocr_line' id='line_1_5' title="bbox 150 415 1929 471; baseline -0.01 -10"><span class='ocrx_word' id='word_1_43' title='bbox 150 440 230 471; x_wconf 91' lang='lat' dir='ltr'>opus</span> <span class='ocrx_word' id='word_1_44' title='bbox 257 428 494 460; x_wconf 86' lang='lat' dir='ltr'>doctissimum:</span> <span class='ocrx_word' id='word_1_45' title='bbox 519 425 736 456; x_wconf 83' lang='lat' dir='ltr'>Dictionnaire</span> <span class='ocrx_word' id='word_1_46' title='bbox 763 422 887 453; x_wconf 77' lang='lat' dir='ltr'>detaille</span> <span class='ocrx_word' id='word_1_47' title='bbox 915 421 972 452; x_wconf 90' lang='lat' dir='ltr'>des</span> <span class='ocrx_word' id='word_1_48' title='bbox 999 429 1090 449; x_wconf 87' lang='lat' dir='ltr'>noms</span> <span class='ocrx_word' id='word_1_49' title='bbox 1117 419 1173 448; x_wconf 89' lang='lat' dir='ltr'>des</span> <span class='ocrx_word' id='word_1_50' title='bbox 1199 421 1382 447; x_wconf 82' lang='lat' dir='ltr'>vetemeuts</span> <span class='ocrx_word' id='word_1_51' title='bbox 1412 416 1485 447; x_wconf 81' lang='lat' dir='ltr'>clies</span> <span class='ocrx_word' id='word_1_52' title='bbox 1513 417 1559 446; x_wconf 92' lang='lat' dir='ltr'>les</span> <span class='ocrx_word' id='word_1_53' title='bbox 1590 416 1714 445; x_wconf 81' lang='lat' dir='ltr'>Arabes</span> <span class='ocrx_word' id='word_1_54' title='bbox 1743 425 1773 455; x_wconf 90' lang='lat' dir='ltr'>p.</span> <span class='ocrx_word' id='word_1_55' title='bbox 1798 415 1859 445; x_wconf 83' lang='lat'>191</span> <span class='ocrx_word' id='word_1_56' title='bbox 1883 424 1929 454; x_wconf 87' lang='lat' dir='ltr'>sq.</span> 
     </span>
     <span class='ocr_line' id='line_1_6' title="bbox 148 474 1931 536; baseline -0.01 -13"><span class='ocrx_word' id='word_1_57' title='bbox 148 494 273 524; x_wconf 81' lang='lat' dir='ltr'><strong>Vocem</strong></span> <span class='ocrx_word' id='word_1_58' title='bbox 299 490 369 536; x_wconf 58' lang='lat' dir='ltr'>*bs</span> <span class='ocrx_word' id='word_1_59' title='bbox 393 488 610 531; x_wconf 81' lang='lat' dir='ltr'><strong>lexicographi</strong></span> <span class='ocrx_word' id='word_1_60' title='bbox 636 486 718 517; x_wconf 88' lang='lat' dir='ltr'>haud</span> <span class='ocrx_word' id='word_1_61' title='bbox 745 490 894 515; x_wconf 89' lang='lat' dir='ltr'>accurate</span> <span class='ocrx_word' id='word_1_62' title='bbox 908 483 1112 523; x_wconf 83' lang='lat' dir='ltr'>explicarunt.</span> <span class='ocrx_word' id='word_1_63' title='bbox 1140 481 1332 521; x_wconf 88' lang='lat' dir='ltr'>Djeuharius</span> <span class='ocrx_word' id='word_1_64' title='bbox 1362 479 1456 510; x_wconf 86' lang='lat' dir='ltr'>dicit:</span> <span class='ocrx_word' id='word_1_65' title='bbox 1483 477 1594 526; x_wconf 55' lang='lat' dir='ltr'>,1234ss</span> <span class='ocrx_word' id='word_1_66' title='bbox 1617 478 1708 518; x_wconf 55' lang='lat' dir='ltr'>Q&gt;59</span> <span class='ocrx_word' id='word_1_67' title='bbox 1720 474 1823 523; x_wconf 58' lang='lat' dir='ltr'>5*wa</span> <span class='ocrx_word' id='word_1_68' title='bbox 1841 476 1931 522; x_wconf 59' lang='grc' dir='ltr'>.Ιοῖῴῖ</span> 
     </span>
     <span class='ocr_line' id='line_1_7' title="bbox 260 551 273 562; baseline 0 0"><span class='ocrx_word' id='word_1_69' title='bbox 260 551 273 562; x_wconf 64' lang='lat'>2</span> 
     </span>
     <span class='ocr_line' id='line_1_8' title="bbox 151 555 1931 615; baseline -0.008 -18"><span class='ocrx_word' id='word_1_70' title='bbox 151 567 193 608; x_wconf 52' lang='grc' dir='ltr'>ῳ</span> <span class='ocrx_word' id='word_1_71' title='bbox 210 570 294 615; x_wconf 52' lang='lat' dir='ltr'>„ib-³</span> <span class='ocrx_word' id='word_1_72' title='bbox 309 564 374 611; x_wconf 57' lang='grc' dir='ltr'>ΘΚ</span> <span class='ocrx_word' id='word_1_73' title='bbox 385 565 440 613; x_wconf 57' lang='lat'>2³⁵</span> <span class='ocrx_word' id='word_1_74' title='bbox 462 564 492 603; x_wconf 60' lang='grc' dir='ltr'>,ἲ</span> <span class='ocrx_word' id='word_1_75' title='bbox 519 565 605 604; x_wconf 44' lang='lat' dir='ltr'>dyo</span> <span class='ocrx_word' id='word_1_76' title='bbox 632 573 680 607; x_wconf 64' lang='lat'>0⁸</span> <span class='ocrx_word' id='word_1_77' title='bbox 706 559 807 597; x_wconf 45' lang='lat' dir='ltr'>&#39;iffa-„55</span> <span class='ocrx_word' id='word_1_78' title='bbox 834 562 917 605; x_wconf 55' lang='lat'>693.</span> <span class='ocrx_word' id='word_1_79' title='bbox 947 558 1043 587; x_wconf 71' lang='lat' dir='ltr'>»Vox</span> <span class='ocrx_word' id='word_1_80' title='bbox 1059 556 1184 586; x_wconf 82' lang='lat' dir='ltr'>Mirth</span> <span class='ocrx_word' id='word_1_81' title='bbox 1211 561 1262 586; x_wconf 92' lang='lat' dir='ltr'>est</span> <span class='ocrx_word' id='word_1_82' title='bbox 1288 555 1459 595; x_wconf 84' lang='lat' dir='ltr'>singularis</span> <span class='ocrx_word' id='word_1_83' title='bbox 1484 556 1573 585; x_wconf 90' lang='lat' dir='ltr'>vocis</span> <span class='ocrx_word' id='word_1_84' title='bbox 1588 555 1729 594; x_wconf 79' lang='lat' dir='ltr'>Moruth,</span> <span class='ocrx_word' id='word_1_85' title='bbox 1748 564 1809 595; x_wconf 90' lang='lat' dir='ltr'>qua</span> <span class='ocrx_word' id='word_1_86' title='bbox 1826 556 1931 584; x_wconf 86' lang='lat' dir='ltr'>vesti-</span> 
     </span>
     <span class='ocr_line' id='line_1_9' title="bbox 149 616 1932 660; baseline -0.01 1"><span class='ocrx_word' id='word_1_87' title='bbox 149 634 257 660; x_wconf 90' lang='lat' dir='ltr'>menta</span> <span class='ocrx_word' id='word_1_88' title='bbox 283 639 301 659; x_wconf 88' lang='lat' dir='ltr'>e</span> <span class='ocrx_word' id='word_1_89' title='bbox 325 629 396 659; x_wconf 88' lang='lat' dir='ltr'>lana</span> <span class='ocrx_word' id='word_1_90' title='bbox 423 631 478 657; x_wconf 91' lang='lat' dir='ltr'>aut</span> <span class='ocrx_word' id='word_1_91' title='bbox 504 626 608 656; x_wconf 89' lang='lat' dir='ltr'>serico</span> <span class='ocrx_word' id='word_1_92' title='bbox 636 623 782 654; x_wconf 87' lang='lat' dir='ltr'>confecta</span> <span class='ocrx_word' id='word_1_93' title='bbox 809 621 1026 660; x_wconf 78' lang='lat' dir='ltr'>designantur,</span> <span class='ocrx_word' id='word_1_94' title='bbox 1054 619 1167 658; x_wconf 90' lang='lat' dir='ltr'>quibus</span> <span class='ocrx_word' id='word_1_95' title='bbox 1195 627 1250 657; x_wconf 92' lang='lat' dir='ltr'>pro</span> <span class='ocrx_word' id='word_1_96' title='bbox 1278 617 1380 656; x_wconf 85' lang='lat' dir='ltr'>palliis</span> <span class='ocrx_word' id='word_1_97' title='bbox 1408 617 1619 656; x_wconf 85' lang='lat' dir='ltr'>utebantur«;</span> <span class='ocrx_word' id='word_1_98' title='bbox 1646 616 1702 647; x_wconf 90' lang='lat' dir='ltr'>sed</span> <span class='ocrx_word' id='word_1_99' title='bbox 1731 617 1760 646; x_wconf 92' lang='lat' dir='ltr'>in</span> <span class='ocrx_word' id='word_1_100' title='bbox 1775 616 1932 646; x_wconf 83' lang='lat' dir='ltr'>Mersukii</span> 
     </span>
     <span class='ocr_line' id='line_1_10' title="bbox 149 678 1935 733; baseline -0.009 -10"><span class='ocrx_word' id='word_1_101' title='bbox 149 692 271 723; x_wconf 90' lang='lat' dir='ltr'>scholio</span> <span class='ocrx_word' id='word_1_102' title='bbox 298 691 451 733; x_wconf 83' lang='lat' dir='ltr'>legimus:</span> <span class='ocrx_word' id='word_1_103' title='bbox 475 686 583 724; x_wconf 43' lang='grc' dir='ltr'>»Συ-λυ</span> <span class='ocrx_word' id='word_1_104' title='bbox 608 682 680 727; x_wconf 52' lang='grc' dir='ltr'>υκρ</span> <span class='ocrx_word' id='word_1_105' title='bbox 707 678 807 725; x_wconf 53' lang='lat' dir='ltr'>&amp;ddi</span> <span class='ocrx_word' id='word_1_106' title='bbox 827 679 901 731; x_wconf 49' lang='lat' dir='ltr'>jjss</span> <span class='ocrx_word' id='word_1_107' title='bbox 917 685 965 723; x_wconf 46' lang='grc' dir='ltr'>,Φ</span> <span class='ocrx_word' id='word_1_108' title='bbox 994 686 1068 711; x_wconf 69' lang='lat' dir='ltr'>&lt;test</span> <span class='ocrx_word' id='word_1_109' title='bbox 1082 680 1212 709; x_wconf 90' lang='lat' dir='ltr'>interius</span> <span class='ocrx_word' id='word_1_110' title='bbox 1240 679 1380 717; x_wconf 87' lang='lat' dir='ltr'>corporis</span> <span class='ocrx_word' id='word_1_111' title='bbox 1399 678 1555 708; x_wconf 83' lang='lat' dir='ltr'>inferioris</span> <span class='ocrx_word' id='word_1_112' title='bbox 1571 680 1795 709; x_wconf 83' lang='lat' dir='ltr'>vestimentum</span> <span class='ocrx_word' id='word_1_113' title='bbox 1814 678 1935 708; x_wconf 87' lang='lat' dir='ltr'>duabus</span> 
     </span>
     <span class='ocr_line' id='line_1_11' title="bbox 151 741 1932 795; baseline -0.01 -10"><span class='ocrx_word' id='word_1_114' title='bbox 151 754 292 795; x_wconf 88' lang='lat' dir='ltr'>partibus</span> <span class='ocrx_word' id='word_1_115' title='bbox 319 762 381 782; x_wconf 90' lang='lat' dir='ltr'>non</span> <span class='ocrx_word' id='word_1_116' title='bbox 408 751 651 790; x_wconf 84' lang='lat' dir='ltr'>compositum«.</span> <span class='ocrx_word' id='word_1_117' title='bbox 681 747 818 777; x_wconf 72' lang='lat' dir='ltr'>Videtur</span> <span class='ocrx_word' id='word_1_118' title='bbox 844 745 941 786; x_wconf 86' lang='lat' dir='ltr'>igitur</span> <span class='ocrx_word' id='word_1_119' title='bbox 968 753 1043 773; x_wconf 89' lang='lat' dir='ltr'>esse</span> <span class='ocrx_word' id='word_1_120' title='bbox 1071 743 1297 771; x_wconf 85' lang='lat' dir='ltr'>vestimentum</span> <span class='ocrx_word' id='word_1_121' title='bbox 1324 741 1462 781; x_wconf 83' lang='lat' dir='ltr'>longum.</span> <span class='ocrx_word' id='word_1_122' title='bbox 1491 741 1636 781; x_wconf 86' lang='lat' dir='ltr'>Longum</span> <span class='ocrx_word' id='word_1_123' title='bbox 1656 750 1732 770; x_wconf 92' lang='lat' dir='ltr'>esse</span> <span class='ocrx_word' id='word_1_124' title='bbox 1759 751 1800 770; x_wconf 91' lang='lat' dir='ltr'>ex</span> <span class='ocrx_word' id='word_1_125' title='bbox 1822 744 1932 769; x_wconf 90' lang='lat' dir='ltr'>nostro</span> 
     </span>
     <span class='ocr_line' id='line_1_12' title="bbox 150 801 1936 854; baseline -0.009 -8"><span class='ocrx_word' id='word_1_126' title='bbox 150 816 220 847; x_wconf 87' lang='lat' dir='ltr'>loco</span> <span class='ocrx_word' id='word_1_127' title='bbox 258 815 400 854; x_wconf 85' lang='lat' dir='ltr'>coniicio,</span> <span class='ocrx_word' id='word_1_128' title='bbox 437 814 555 852; x_wconf 90' lang='lat' dir='ltr'>quippe</span> <span class='ocrx_word' id='word_1_129' title='bbox 589 810 722 839; x_wconf 82' lang='lat' dir='ltr'>verbum</span> <span class='ocrx_word' id='word_1_130' title='bbox 758 812 867 844; x_wconf 42' lang='lat' dir='ltr'>„fs-§xm</span> <span class='ocrx_word' id='word_1_131' title='bbox 900 804 939 834; x_wconf 85' lang='lat' dir='ltr'>ad</span> <span class='ocrx_word' id='word_1_132' title='bbox 974 804 1056 834; x_wconf 86' lang='lat' dir='ltr'>hanc</span> <span class='ocrx_word' id='word_1_133' title='bbox 1083 813 1206 843; x_wconf 86' lang='lat' dir='ltr'>quoque</span> <span class='ocrx_word' id='word_1_134' title='bbox 1232 813 1342 833; x_wconf 90' lang='lat' dir='ltr'>vocem</span> <span class='ocrx_word' id='word_1_135' title='bbox 1372 803 1547 843; x_wconf 76' lang='lat' dir='ltr'>pertineat,</span> <span class='ocrx_word' id='word_1_136' title='bbox 1572 811 1757 841; x_wconf 90' lang='lat' dir='ltr'>quamquam</span> <span class='ocrx_word' id='word_1_137' title='bbox 1779 801 1936 833; x_wconf 50' lang='lat' dir='ltr'>lVankuli</span> 
     </span>
     <span class='ocr_line' id='line_1_13' title="bbox 152 863 1935 921; baseline -0.009 -13"><span class='ocrx_word' id='word_1_138' title='bbox 152 875 250 921; x_wconf 90' lang='lat' dir='ltr'>(apud</span> <span class='ocrx_word' id='word_1_139' title='bbox 275 874 508 912; x_wconf 85' lang='lat' dir='ltr'>Meninskium)</span> <span class='ocrx_word' id='word_1_140' title='bbox 536 880 640 912; x_wconf 81' lang='lat' dir='ltr'>genus</span> <span class='ocrx_word' id='word_1_141' title='bbox 669 868 825 899; x_wconf 85' lang='lat' dir='ltr'>brevioris</span> <span class='ocrx_word' id='word_1_142' title='bbox 853 867 1026 896; x_wconf 81' lang='lat' dir='ltr'>indumenti</span> <span class='ocrx_word' id='word_1_143' title='bbox 1053 864 1173 905; x_wconf 88' lang='lat' dir='ltr'>(pallae</span> <span class='ocrx_word' id='word_1_144' title='bbox 1201 869 1255 894; x_wconf 86' lang='lat' dir='ltr'>aut</span> <span class='ocrx_word' id='word_1_145' title='bbox 1282 864 1493 903; x_wconf 84' lang='lat' dir='ltr'>femoralium)</span> <span class='ocrx_word' id='word_1_146' title='bbox 1521 873 1598 893; x_wconf 88' lang='lat' dir='ltr'>esse</span> <span class='ocrx_word' id='word_1_147' title='bbox 1624 863 1746 893; x_wconf 80' lang='lat' dir='ltr'>dixerit.</span> <span class='ocrx_word' id='word_1_148' title='bbox 1804 864 1839 893; x_wconf 90' lang='lat' dir='ltr'>In</span> <span class='ocrx_word' id='word_1_149' title='bbox 1866 872 1935 892; x_wconf 91' lang='lat' dir='ltr'>meo</span> 
     </span>
     <span class='ocr_line' id='line_1_14' title="bbox 150 926 1933 971; baseline -0.007 -3"><span class='ocrx_word' id='word_1_150' title='bbox 150 939 254 971; x_wconf 75' lang='lat' dir='ltr'>lexico</span> <span class='ocrx_word' id='word_1_151' title='bbox 282 943 388 968; x_wconf 89' lang='lat' dir='ltr'>curtas</span> <span class='ocrx_word' id='word_1_152' title='bbox 416 936 553 966; x_wconf 90' lang='lat' dir='ltr'>manicas</span> <span class='ocrx_word' id='word_1_153' title='bbox 580 933 609 963; x_wconf 92' lang='lat' dir='ltr'>ei</span> <span class='ocrx_word' id='word_1_154' title='bbox 636 931 805 968; x_wconf 84' lang='lat' dir='ltr'>adduntur,</span> <span class='ocrx_word' id='word_1_155' title='bbox 836 928 920 970; x_wconf 87' lang='lat' dir='ltr'>quod</span> <span class='ocrx_word' id='word_1_156' title='bbox 948 928 1030 958; x_wconf 90' lang='lat' dir='ltr'>unde</span> <span class='ocrx_word' id='word_1_157' title='bbox 1058 928 1282 968; x_wconf 89' lang='lat' dir='ltr'>desumserim,</span> <span class='ocrx_word' id='word_1_158' title='bbox 1311 928 1371 957; x_wconf 86' lang='lat' dir='ltr'>iam</span> <span class='ocrx_word' id='word_1_159' title='bbox 1399 937 1460 957; x_wconf 90' lang='lat' dir='ltr'>non</span> <span class='ocrx_word' id='word_1_160' title='bbox 1488 929 1623 958; x_wconf 89' lang='lat' dir='ltr'>memini.</span> <span class='ocrx_word' id='word_1_161' title='bbox 1675 928 1761 957; x_wconf 86' lang='lat' dir='ltr'>Loco</span> <span class='ocrx_word' id='word_1_162' title='bbox 1789 926 1933 956; x_wconf 86' lang='lat' dir='ltr'>carminis</span> 
     </span>
     <span class='ocr_line' id='line_1_15' title="bbox 151 990 1936 1033; baseline -0.007 0"><span class='ocrx_word' id='word_1_163' title='bbox 151 1002 251 1033; x_wconf 83' lang='lat' dir='ltr'>nostri</span> <span class='ocrx_word' id='word_1_164' title='bbox 276 1010 346 1031; x_wconf 91' lang='lat' dir='ltr'>cum</span> <span class='ocrx_word' id='word_1_165' title='bbox 372 1000 439 1029; x_wconf 92' lang='lat' dir='ltr'>loco</span> <span class='ocrx_word' id='word_1_166' title='bbox 466 999 556 1027; x_wconf 86' lang='lat' dir='ltr'>Ham.</span> <span class='ocrx_word' id='word_1_167' title='bbox 591 997 635 1025; x_wconf 82' lang='lat' dir='ltr'>ov‘l</span> <span class='ocrx_word' id='word_1_168' title='bbox 665 1005 697 1025; x_wconf 83' lang='lat' dir='ltr'>v.</span> <span class='ocrx_word' id='word_1_169' title='bbox 726 995 746 1024; x_wconf 77' lang='lat'>*2</span> <span class='ocrx_word' id='word_1_170' title='bbox 774 994 911 1030; x_wconf 79' lang='lat' dir='ltr'>collato,</span> <span class='ocrx_word' id='word_1_171' title='bbox 938 991 1001 1021; x_wconf 89' lang='lat' dir='ltr'>isto</span> <span class='ocrx_word' id='word_1_172' title='bbox 1028 991 1220 1020; x_wconf 86' lang='lat' dir='ltr'>vestimento</span> <span class='ocrx_word' id='word_1_173' title='bbox 1255 995 1320 1020; x_wconf 88' lang='lat' dir='ltr'>tam</span> <span class='ocrx_word' id='word_1_174' title='bbox 1347 991 1497 1020; x_wconf 89' lang='lat' dir='ltr'>mulieres</span> <span class='ocrx_word' id='word_1_175' title='bbox 1524 999 1614 1029; x_wconf 89' lang='lat' dir='ltr'>quam</span> <span class='ocrx_word' id='word_1_176' title='bbox 1641 990 1729 1020; x_wconf 89' lang='lat' dir='ltr'>viros</span> <span class='ocrx_word' id='word_1_177' title='bbox 1758 999 1834 1020; x_wconf 93' lang='lat' dir='ltr'>usos</span> <span class='ocrx_word' id='word_1_178' title='bbox 1860 1000 1936 1021; x_wconf 89' lang='lat' dir='ltr'>esse</span> 
     </span>
     <span class='ocr_line' id='line_1_16' title="bbox 151 1051 1937 1105; baseline -0.007 -9"><span class='ocrx_word' id='word_1_179' title='bbox 151 1067 304 1105; x_wconf 85' lang='lat' dir='ltr'>sequitur.</span> <span class='ocrx_word' id='word_1_180' title='bbox 357 1063 391 1092; x_wconf 91' lang='lat' dir='ltr'>Iu</span> <span class='ocrx_word' id='word_1_181' title='bbox 417 1061 468 1091; x_wconf 91' lang='lat' dir='ltr'>illo</span> <span class='ocrx_word' id='word_1_182' title='bbox 495 1061 563 1090; x_wconf 93' lang='lat' dir='ltr'>loco</span> <span class='ocrx_word' id='word_1_183' title='bbox 590 1057 750 1089; x_wconf 83' lang='lat' dir='ltr'>femoralia</span> <span class='ocrx_word' id='word_1_184' title='bbox 777 1054 1008 1096; x_wconf 87' lang='lat' dir='ltr'>significantur.</span> <span class='ocrx_word' id='word_1_185' title='bbox 1044 1054 1078 1083; x_wconf 93' lang='lat' dir='ltr'>In</span> <span class='ocrx_word' id='word_1_186' title='bbox 1104 1053 1262 1082; x_wconf 78' lang='lat' dir='ltr'>Mersukii</span> <span class='ocrx_word' id='word_1_187' title='bbox 1289 1053 1398 1083; x_wconf 88' lang='lat' dir='ltr'>codice</span> <span class='ocrx_word' id='word_1_188' title='bbox 1423 1062 1490 1083; x_wconf 78' lang='lat' dir='ltr'>vox</span> <span class='ocrx_word' id='word_1_189' title='bbox 1516 1052 1585 1095; x_wconf 34' lang='grc' dir='ltr'>,ξολ-Α</span> <span class='ocrx_word' id='word_1_190' title='bbox 1608 1062 1692 1082; x_wconf 80' lang='lat' dir='ltr'>voce</span> <span class='ocrx_word' id='word_1_191' title='bbox 1718 1051 1827 1081; x_wconf 60' lang='lat' dir='ltr'>aia-&lt;xla</span> <span class='ocrx_word' id='word_1_192' title='bbox 1855 1062 1937 1083; x_wconf 79' lang='lat' dir='ltr'>nex-</span> 
     </span>
     <span class='ocr_line' id='line_1_17' title="bbox 151 1115 1939 1165; baseline -0.008 -7"><span class='ocrx_word' id='word_1_193' title='bbox 151 1129 260 1159; x_wconf 86' lang='lat' dir='ltr'>timum</span> <span class='ocrx_word' id='word_1_194' title='bbox 275 1125 418 1165; x_wconf 85' lang='lat' dir='ltr'>corporis</span> <span class='ocrx_word' id='word_1_195' title='bbox 436 1123 658 1153; x_wconf 88' lang='lat' dir='ltr'>vestimentum</span> <span class='ocrx_word' id='word_1_196' title='bbox 677 1118 861 1159; x_wconf 73' lang='lat' dir='ltr'>(pallium)(‹</span> <span class='ocrx_word' id='word_1_197' title='bbox 880 1116 1065 1155; x_wconf 83' lang='lat' dir='ltr'>explicatur.</span> <span class='ocrx_word' id='word_1_198' title='bbox 1081 1116 1181 1145; x_wconf 91' lang='lat' dir='ltr'>Poeta</span> <span class='ocrx_word' id='word_1_199' title='bbox 1195 1116 1286 1155; x_wconf 89' lang='lat' dir='ltr'>plura</span> <span class='ocrx_word' id='word_1_200' title='bbox 1302 1116 1508 1156; x_wconf 86' lang='lat' dir='ltr'>vestimenta,</span> <span class='ocrx_word' id='word_1_201' title='bbox 1528 1116 1641 1155; x_wconf 90' lang='lat' dir='ltr'>quibus</span> <span class='ocrx_word' id='word_1_202' title='bbox 1662 1120 1815 1155; x_wconf 89' lang='lat' dir='ltr'>uteretur,</span> <span class='ocrx_word' id='word_1_203' title='bbox 1835 1115 1939 1156; x_wconf 85' lang='lat' dir='ltr'>signi-</span> 
     </span>
     <span class='ocr_line' id='line_1_18' title="bbox 152 1176 1938 1222; baseline -0.008 0"><span class='ocrx_word' id='word_1_204' title='bbox 152 1190 266 1222; x_wconf 86' lang='lat' dir='ltr'>ficasse</span> <span class='ocrx_word' id='word_1_205' title='bbox 302 1187 439 1218; x_wconf 85' lang='lat' dir='ltr'>videtur.</span> <span class='ocrx_word' id='word_1_206' title='bbox 492 1184 661 1221; x_wconf 89' lang='lat' dir='ltr'>Pluralem,</span> <span class='ocrx_word' id='word_1_207' title='bbox 693 1186 729 1211; x_wconf 91' lang='lat' dir='ltr'>ut</span> <span class='ocrx_word' id='word_1_208' title='bbox 755 1179 899 1219; x_wconf 83' lang='lat' dir='ltr'>equidem</span> <span class='ocrx_word' id='word_1_209' title='bbox 927 1178 1117 1217; x_wconf 83' lang='lat' dir='ltr'>putaverim,</span> <span class='ocrx_word' id='word_1_210' title='bbox 1145 1176 1282 1208; x_wconf 86' lang='lat' dir='ltr'>adhibuit</span> <span class='ocrx_word' id='word_1_211' title='bbox 1310 1178 1560 1218; x_wconf 85' lang='lat' dir='ltr'>significaturuS,</span> <span class='ocrx_word' id='word_1_212' title='bbox 1587 1187 1623 1208; x_wconf 91' lang='lat' dir='ltr'>se</span> <span class='ocrx_word' id='word_1_213' title='bbox 1648 1178 1747 1208; x_wconf 85' lang='lat' dir='ltr'>variis</span> <span class='ocrx_word' id='word_1_214' title='bbox 1774 1177 1938 1217; x_wconf 87' lang='lat' dir='ltr'>palliorum</span> 
     </span>
     <span class='ocr_line' id='line_1_19' title="bbox 151 1239 1936 1293; baseline -0.009 -9"><span class='ocrx_word' id='word_1_215' title='bbox 151 1252 322 1293; x_wconf 86' lang='lat' dir='ltr'>speciebus</span> <span class='ocrx_word' id='word_1_216' title='bbox 350 1250 442 1281; x_wconf 91' lang='lat' dir='ltr'>modo</span> <span class='ocrx_word' id='word_1_217' title='bbox 472 1249 521 1279; x_wconf 90' lang='lat' dir='ltr'>his</span> <span class='ocrx_word' id='word_1_218' title='bbox 549 1247 640 1277; x_wconf 92' lang='lat' dir='ltr'>modo</span> <span class='ocrx_word' id='word_1_219' title='bbox 666 1245 726 1275; x_wconf 89' lang='lat' dir='ltr'>illis</span> <span class='ocrx_word' id='word_1_220' title='bbox 763 1249 856 1274; x_wconf 90' lang='lat' dir='ltr'>utens</span> <span class='ocrx_word' id='word_1_221' title='bbox 883 1241 923 1271; x_wconf 91' lang='lat' dir='ltr'>ad</span> <span class='ocrx_word' id='word_1_222' title='bbox 949 1239 1101 1279; x_wconf 86' lang='lat' dir='ltr'>cauponis</span> <span class='ocrx_word' id='word_1_223' title='bbox 1129 1241 1298 1270; x_wconf 90' lang='lat' dir='ltr'>tentorium</span> <span class='ocrx_word' id='word_1_224' title='bbox 1325 1240 1436 1270; x_wconf 85' lang='lat' dir='ltr'>ivisse.</span> <span class='ocrx_word' id='word_1_225' title='bbox 1495 1239 1540 1269; x_wconf 91' lang='lat' dir='ltr'>Se</span> <span class='ocrx_word' id='word_1_226' title='bbox 1573 1250 1629 1279; x_wconf 89' lang='lat' dir='ltr'>per</span> <span class='ocrx_word' id='word_1_227' title='bbox 1655 1240 1783 1270; x_wconf 87' lang='lat' dir='ltr'>humum</span> <span class='ocrx_word' id='word_1_228' title='bbox 1810 1240 1936 1280; x_wconf 88' lang='lat' dir='ltr'>pallium</span> 
     </span>
     <span class='ocr_line' id='line_1_20' title="bbox 152 1301 1943 1351; baseline -0.009 -5"><span class='ocrx_word' id='word_1_229' title='bbox 152 1316 291 1346; x_wconf 85' lang='lat' dir='ltr'>traxisse</span> <span class='ocrx_word' id='word_1_230' title='bbox 330 1314 438 1344; x_wconf 84' lang='lat' dir='ltr'>dicens</span> <span class='ocrx_word' id='word_1_231' title='bbox 472 1311 674 1351; x_wconf 78' lang='lat' dir='ltr'>superbiam,</span> <span class='ocrx_word' id='word_1_232' title='bbox 710 1317 790 1348; x_wconf 89' lang='lat' dir='ltr'>quae</span> <span class='ocrx_word' id='word_1_233' title='bbox 823 1306 981 1336; x_wconf 84' lang='lat' dir='ltr'>iuventuti</span> <span class='ocrx_word' id='word_1_234' title='bbox 1016 1303 1143 1343; x_wconf 92' lang='lat' dir='ltr'>propria</span> <span class='ocrx_word' id='word_1_235' title='bbox 1169 1308 1237 1344; x_wconf 88' lang='lat' dir='ltr'>est,</span> <span class='ocrx_word' id='word_1_236' title='bbox 1273 1303 1460 1342; x_wconf 86' lang='lat' dir='ltr'>respexisse</span> <span class='ocrx_word' id='word_1_237' title='bbox 1486 1301 1621 1332; x_wconf 84' lang='lat' dir='ltr'>videtur.</span> <span class='ocrx_word' id='word_1_238' title='bbox 1676 1302 1725 1332; x_wconf 88' lang='lat' dir='ltr'>De</span> <span class='ocrx_word' id='word_1_239' title='bbox 1751 1310 1834 1332; x_wconf 84' lang='lat' dir='ltr'>voce</span> <span class='ocrx_word' id='word_1_240' title='bbox 1867 1302 1943 1346; x_wconf 60' lang='lat' dir='ltr'>„bfo</span> 
     </span>
     <span class='ocr_line' id='line_1_21' title="bbox 153 1365 1940 1417; baseline -0.01 -8"><span class='ocrx_word' id='word_1_241' title='bbox 153 1378 234 1408; x_wconf 87' lang='lat' dir='ltr'>conf.</span> <span class='ocrx_word' id='word_1_242' title='bbox 262 1377 367 1417; x_wconf 82' lang='lat' dir='ltr'>Dozyi</span> <span class='ocrx_word' id='word_1_243' title='bbox 394 1385 473 1415; x_wconf 92' lang='lat' dir='ltr'>opus</span> <span class='ocrx_word' id='word_1_244' title='bbox 501 1372 717 1404; x_wconf 89' lang='lat' dir='ltr'>doctissimum</span> <span class='ocrx_word' id='word_1_245' title='bbox 744 1369 837 1400; x_wconf 89' lang='lat' dir='ltr'>modo</span> <span class='ocrx_word' id='word_1_246' title='bbox 865 1368 995 1398; x_wconf 87' lang='lat' dir='ltr'>citatum</span> <span class='ocrx_word' id='word_1_247' title='bbox 1024 1376 1053 1405; x_wconf 90' lang='lat' dir='ltr'>p.</span> <span class='ocrx_word' id='word_1_248' title='bbox 1082 1365 1163 1395; x_wconf 79' lang='lat'>404.</span> <span class='ocrx_word' id='word_1_249' title='bbox 1192 1365 1493 1405; x_wconf 90' lang='lat' dir='ltr'>Propinquissimum</span> <span class='ocrx_word' id='word_1_250' title='bbox 1520 1368 1747 1402; x_wconf 82' lang='lat' dir='ltr'>mercatorem,</span> <span class='ocrx_word' id='word_1_251' title='bbox 1775 1372 1836 1403; x_wconf 91' lang='lat' dir='ltr'>quo</span> <span class='ocrx_word' id='word_1_252' title='bbox 1861 1371 1940 1392; x_wconf 89' lang='lat' dir='ltr'>cau-</span> 
     </span>
     <span class='ocr_line' id='line_1_22' title="bbox 152 1423 1939 1481; baseline -0.011 -9"><span class='ocrx_word' id='word_1_253' title='bbox 152 1450 266 1481; x_wconf 87' lang='lat' dir='ltr'>ponem</span> <span class='ocrx_word' id='word_1_254' title='bbox 291 1439 446 1470; x_wconf 81' lang='lat' dir='ltr'>vinarium</span> <span class='ocrx_word' id='word_1_255' title='bbox 476 1437 636 1477; x_wconf 83' lang='lat' dir='ltr'>designat,</span> <span class='ocrx_word' id='word_1_256' title='bbox 665 1434 755 1471; x_wconf 84' lang='lat' dir='ltr'>dixit,</span> <span class='ocrx_word' id='word_1_257' title='bbox 768 1443 805 1462; x_wconf 92' lang='lat' dir='ltr'>se</span> <span class='ocrx_word' id='word_1_258' title='bbox 832 1432 871 1462; x_wconf 87' lang='lat' dir='ltr'>ad</span> <span class='ocrx_word' id='word_1_259' title='bbox 900 1431 1085 1468; x_wconf 83' lang='lat' dir='ltr'>voluptates</span> <span class='ocrx_word' id='word_1_260' title='bbox 1112 1427 1276 1467; x_wconf 81' lang='lat' dir='ltr'>festinare,</span> <span class='ocrx_word' id='word_1_261' title='bbox 1293 1436 1408 1465; x_wconf 89' lang='lat' dir='ltr'>neque,</span> <span class='ocrx_word' id='word_1_262' title='bbox 1425 1430 1458 1455; x_wconf 86' lang='lat' dir='ltr'>ut</span> <span class='ocrx_word' id='word_1_263' title='bbox 1484 1425 1597 1465; x_wconf 91' lang='lat' dir='ltr'>opibus</span> <span class='ocrx_word' id='word_1_264' title='bbox 1627 1429 1769 1465; x_wconf 79' lang='lat' dir='ltr'>paroeat,</span> <span class='ocrx_word' id='word_1_265' title='bbox 1787 1423 1939 1453; x_wconf 89' lang='lat' dir='ltr'>remotio-</span> 
     </span>
     <span class='ocr_line' id='line_1_23' title="bbox 154 1486 1940 1541; baseline -0.011 -8"><span class='ocrx_word' id='word_1_266' title='bbox 154 1512 207 1532; x_wconf 89' lang='lat' dir='ltr'>res</span> <span class='ocrx_word' id='word_1_267' title='bbox 234 1501 319 1532; x_wconf 90' lang='lat' dir='ltr'>adire</span> <span class='ocrx_word' id='word_1_268' title='bbox 346 1499 594 1541; x_wconf 85' lang='lat' dir='ltr'>significaturus.</span> <span class='ocrx_word' id='word_1_269' title='bbox 647 1496 762 1526; x_wconf 78' lang='lat' dir='ltr'>Vinum</span> <span class='ocrx_word' id='word_1_270' title='bbox 798 1494 880 1533; x_wconf 87' lang='lat' dir='ltr'>apud</span> <span class='ocrx_word' id='word_1_271' title='bbox 908 1498 1114 1522; x_wconf 85' lang='lat' dir='ltr'>mercatorem</span> <span class='ocrx_word' id='word_1_272' title='bbox 1140 1491 1247 1519; x_wconf 85' lang='lat' dir='ltr'>bibere</span> <span class='ocrx_word' id='word_1_273' title='bbox 1272 1499 1333 1518; x_wconf 89' lang='lat' dir='ltr'>non</span> <span class='ocrx_word' id='word_1_274' title='bbox 1359 1489 1530 1527; x_wconf 85' lang='lat' dir='ltr'>solebant;</span> <span class='ocrx_word' id='word_1_275' title='bbox 1575 1486 1633 1517; x_wconf 91' lang='lat' dir='ltr'>sed</span> <span class='ocrx_word' id='word_1_276' title='bbox 1659 1486 1699 1516; x_wconf 90' lang='lat' dir='ltr'>ad</span> <span class='ocrx_word' id='word_1_277' title='bbox 1727 1495 1805 1516; x_wconf 89' lang='lat' dir='ltr'>suos</span> <span class='ocrx_word' id='word_1_278' title='bbox 1834 1487 1940 1515; x_wconf 91' lang='lat' dir='ltr'>vinum</span> 
     </span>
     <span class='ocr_line' id='line_1_24' title="bbox 155 1548 1941 1603; baseline -0.011 -8"><span class='ocrx_word' id='word_1_279' title='bbox 155 1570 271 1596; x_wconf 89' lang='lat' dir='ltr'>emtum</span> <span class='ocrx_word' id='word_1_280' title='bbox 298 1564 473 1603; x_wconf 87' lang='lat' dir='ltr'>portabant,</span> <span class='ocrx_word' id='word_1_281' title='bbox 500 1566 534 1591; x_wconf 91' lang='lat' dir='ltr'>ut</span> <span class='ocrx_word' id='word_1_282' title='bbox 561 1561 642 1590; x_wconf 91' lang='lat' dir='ltr'>socii</span> <span class='ocrx_word' id='word_1_283' title='bbox 669 1560 738 1589; x_wconf 87' lang='lat' dir='ltr'>eius</span> <span class='ocrx_word' id='word_1_284' title='bbox 765 1557 934 1598; x_wconf 82' lang='lat' dir='ltr'>participes</span> <span class='ocrx_word' id='word_1_285' title='bbox 964 1555 1084 1585; x_wconf 85' lang='lat' dir='ltr'>fierent.</span> <span class='ocrx_word' id='word_1_286' title='bbox 1124 1554 1326 1583; x_wconf 80' lang='lat' dir='ltr'>Mercatores</span> <span class='ocrx_word' id='word_1_287' title='bbox 1354 1552 1434 1581; x_wconf 89' lang='lat' dir='ltr'>inter</span> <span class='ocrx_word' id='word_1_288' title='bbox 1461 1550 1587 1580; x_wconf 83' lang='lat' dir='ltr'>Arabes</span> <span class='ocrx_word' id='word_1_289' title='bbox 1609 1553 1809 1588; x_wconf 86' lang='lat' dir='ltr'>campestres</span> <span class='ocrx_word' id='word_1_290' title='bbox 1836 1548 1941 1577; x_wconf 87' lang='lat' dir='ltr'>vinum</span> 
     </span>
     <span class='ocr_line' id='line_1_25' title="bbox 157 1610 1939 1664; baseline -0.011 -5"><span class='ocrx_word' id='word_1_291' title='bbox 157 1628 387 1659; x_wconf 86' lang='lat' dir='ltr'>circumtulisse</span> <span class='ocrx_word' id='word_1_292' title='bbox 421 1625 590 1664; x_wconf 89' lang='lat' dir='ltr'>videntur,</span> <span class='ocrx_word' id='word_1_293' title='bbox 629 1623 699 1653; x_wconf 89' lang='lat' dir='ltr'>dum</span> <span class='ocrx_word' id='word_1_294' title='bbox 729 1624 829 1652; x_wconf 88' lang='lat' dir='ltr'>locum</span> <span class='ocrx_word' id='word_1_295' title='bbox 865 1630 956 1650; x_wconf 87' lang='lat' dir='ltr'>suum</span> <span class='ocrx_word' id='word_1_296' title='bbox 992 1617 1122 1649; x_wconf 89' lang='lat' dir='ltr'>emturis</span> <span class='ocrx_word' id='word_1_297' title='bbox 1157 1616 1250 1655; x_wconf 84' lang='lat' dir='ltr'>siguo</span> <span class='ocrx_word' id='word_1_298' title='bbox 1287 1614 1420 1654; x_wconf 85' lang='lat' dir='ltr'>quodam</span> <span class='ocrx_word' id='word_1_299' title='bbox 1456 1612 1636 1641; x_wconf 84' lang='lat' dir='ltr'>indicabant</span> <span class='ocrx_word' id='word_1_300' title='bbox 1679 1610 1784 1643; x_wconf 88' lang='lat' dir='ltr'>conf.</span> <span class='ocrx_word' id='word_1_301' title='bbox 1828 1610 1939 1640; x_wconf 85' lang='lat' dir='ltr'>Lebid.</span> 
     </span>
     <span class='ocr_line' id='line_1_26' title="bbox 154 1673 1940 1726; baseline -0.011 -5"><span class='ocrx_word' id='word_1_302' title='bbox 154 1690 262 1721; x_wconf 87' lang='lat' dir='ltr'>Moall.</span> <span class='ocrx_word' id='word_1_303' title='bbox 288 1700 320 1719; x_wconf 95' lang='lat' dir='ltr'>v.</span> <span class='ocrx_word' id='word_1_304' title='bbox 349 1689 405 1719; x_wconf 76' lang='lat'>58.</span> <span class='ocrx_word' id='word_1_305' title='bbox 433 1688 489 1718; x_wconf 85' lang='lat' dir='ltr'>Sic</span> <span class='ocrx_word' id='word_1_306' title='bbox 516 1694 612 1726; x_wconf 89' lang='lat' dir='ltr'>pocta</span> <span class='ocrx_word' id='word_1_307' title='bbox 639 1686 667 1715; x_wconf 90' lang='lat' dir='ltr'>in</span> <span class='ocrx_word' id='word_1_308' title='bbox 694 1694 793 1714; x_wconf 81' lang='lat' dir='ltr'>versu</span> <span class='ocrx_word' id='word_1_309' title='bbox 814 1673 974 1722; x_wconf 28' lang='lat' dir='ltr'>*sequente</span> <span class='ocrx_word' id='word_1_310' title='bbox 1002 1681 1096 1711; x_wconf 83' lang='lat' dir='ltr'>dixit:</span> <span class='ocrx_word' id='word_1_311' title='bbox 1121 1680 1227 1718; x_wconf 87' lang='lat' dir='ltr'>(metr.</span> <span class='ocrx_word' id='word_1_312' title='bbox 1245 1676 1374 1715; x_wconf 82' lang='lat' dir='ltr'>Camel)</span> <span class='ocrx_word' id='word_1_313' title='bbox 1403 1675 1587 1713; x_wconf 84' lang='lat' dir='ltr'>Quoties</span> <span class='ocrx_word' id='word_1_314' title='bbox 1618 1675 1819 1704; x_wconf 85' lang='lat' dir='ltr'>matutino</span> <span class='ocrx_word' id='word_1_315' title='bbox 1847 1678 1940 1702; x_wconf 92' lang='lat' dir='ltr'>tem-</span> 
     </span>
     <span class='ocr_line' id='line_1_27' title="bbox 155 1735 1940 1795; baseline -0.012 -11"><span class='ocrx_word' id='word_1_316' title='bbox 155 1764 251 1795; x_wconf 92' lang='lat' dir='ltr'>pore</span> <span class='ocrx_word' id='word_1_317' title='bbox 278 1762 368 1783; x_wconf 91' lang='lat' dir='ltr'>cum</span> <span class='ocrx_word' id='word_1_318' title='bbox 395 1752 487 1781; x_wconf 82' lang='lat' dir='ltr'>vino</span> <span class='ocrx_word' id='word_1_319' title='bbox 515 1760 532 1780; x_wconf 89' lang='lat' dir='ltr'>a</span> <span class='ocrx_word' id='word_1_320' title='bbox 560 1752 790 1779; x_wconf 87' lang='lat' dir='ltr'>mercatore</span> <span class='ocrx_word' id='word_1_321' title='bbox 818 1750 927 1776; x_wconf 87' lang='lat' dir='ltr'>emto</span> <span class='ocrx_word' id='word_1_322' title='bbox 955 1743 1001 1774; x_wconf 90' lang='lat' dir='ltr'>ad</span> <span class='ocrx_word' id='word_1_323' title='bbox 1029 1750 1177 1783; x_wconf 84' lang='lat' dir='ltr'>agmen</span> <span class='ocrx_word' id='word_1_324' title='bbox 1205 1738 1394 1775; x_wconf 75' lang='lat' dir='ltr'>accessi,</span> <span class='ocrx_word' id='word_1_325' title='bbox 1414 1737 1530 1776; x_wconf 85' lang='lat' dir='ltr'>quod.</span> <span class='ocrx_word' id='word_1_326' title='bbox 1559 1746 1674 1775; x_wconf 87' lang='lat' dir='ltr'>quum</span> <span class='ocrx_word' id='word_1_327' title='bbox 1703 1735 1810 1765; x_wconf 82' lang='lat' dir='ltr'>ebrii</span> <span class='ocrx_word' id='word_1_328' title='bbox 1835 1740 1940 1774; x_wconf 86' lang='lat' dir='ltr'>sunt,</span> 
     </span>
     <span class='ocr_line' id='line_1_28' title="bbox 155 1798 1940 1847; baseline -0.011 0"><span class='ocrx_word' id='word_1_329' title='bbox 155 1817 202 1847; x_wconf 89' lang='lat' dir='ltr'>de</span> <span class='ocrx_word' id='word_1_330' title='bbox 238 1815 340 1846; x_wconf 86' lang='lat' dir='ltr'>fatis</span> <span class='ocrx_word' id='word_1_331' title='bbox 373 1813 562 1844; x_wconf 87' lang='lat' dir='ltr'>decretis</span> <span class='ocrx_word' id='word_1_332' title='bbox 590 1820 662 1841; x_wconf 90' lang='lat' dir='ltr'>non</span> <span class='ocrx_word' id='word_1_333' title='bbox 697 1811 946 1847; x_wconf 84' lang='lat' dir='ltr'>interrogat.</span> <span class='ocrx_word' id='word_1_334' title='bbox 1006 1806 1050 1834; x_wconf 85' lang='lat' dir='ltr'>Se</span> <span class='ocrx_word' id='word_1_335' title='bbox 1079 1805 1183 1833; x_wconf 87' lang='lat' dir='ltr'>crines</span> <span class='ocrx_word' id='word_1_336' title='bbox 1209 1811 1287 1832; x_wconf 86' lang='lat' dir='ltr'>suos</span> <span class='ocrx_word' id='word_1_337' title='bbox 1315 1806 1411 1840; x_wconf 86' lang='lat' dir='ltr'>caput</span> <span class='ocrx_word' id='word_1_338' title='bbox 1439 1801 1669 1831; x_wconf 87' lang='lat' dir='ltr'>concutientem</span> <span class='ocrx_word' id='word_1_339' title='bbox 1685 1799 1836 1838; x_wconf 80' lang='lat' dir='ltr'>movisse,</span> <span class='ocrx_word' id='word_1_340' title='bbox 1851 1798 1940 1837; x_wconf 84' lang='lat' dir='ltr'>(lixit,</span> 
     </span>
     <span class='ocr_line' id='line_1_29' title="bbox 156 1858 1942 1917; baseline -0.012 -9"><span class='ocrx_word' id='word_1_341' title='bbox 156 1884 191 1908; x_wconf 92' lang='lat' dir='ltr'>ut</span> <span class='ocrx_word' id='word_1_342' title='bbox 217 1877 395 1917; x_wconf 90' lang='lat' dir='ltr'>superbiam</span> <span class='ocrx_word' id='word_1_343' title='bbox 430 1884 517 1904; x_wconf 90' lang='lat' dir='ltr'>suam</span> <span class='ocrx_word' id='word_1_344' title='bbox 545 1878 577 1903; x_wconf 89' lang='lat' dir='ltr'>et</span> <span class='ocrx_word' id='word_1_345' title='bbox 614 1872 782 1902; x_wconf 84' lang='lat' dir='ltr'>iuvenilem</span> <span class='ocrx_word' id='word_1_346' title='bbox 816 1870 1012 1900; x_wconf 86' lang='lat' dir='ltr'>alacritatem</span> <span class='ocrx_word' id='word_1_347' title='bbox 1053 1867 1083 1896; x_wconf 87' lang='lat' dir='ltr'>in</span> <span class='ocrx_word' id='word_1_348' title='bbox 1114 1867 1244 1895; x_wconf 84' lang='lat' dir='ltr'>incessu</span> <span class='ocrx_word' id='word_1_349' title='bbox 1279 1863 1508 1893; x_wconf 72' lang='lat' dir='ltr'>manifestatam</span> <span class='ocrx_word' id='word_1_350' title='bbox 1535 1860 1727 1890; x_wconf 83' lang='lat' dir='ltr'>ostenderet.</span> <span class='ocrx_word' id='word_1_351' title='bbox 1788 1858 1942 1887; x_wconf 86' lang='lat' dir='ltr'>Pluralem</span> 
     </span>
    </p>
   </div>
   <div class='ocr_carea' id='block_1_3' title="bbox 157 1920 1945 1979">
    <p class='ocr_par' dir='ltr' id='par_1_3' title="bbox 157 1920 1945 1979">
     <span class='ocr_line' id='line_1_30' title="bbox 157 1920 1945 1979; baseline -0.012 -9"><span class='ocrx_word' id='word_1_352' title='bbox 157 1938 230 1977; x_wconf 52' lang='lat' dir='ltr'>Lod,</span> <span class='ocrx_word' id='word_1_353' title='bbox 256 1944 321 1979; x_wconf 89' lang='lat' dir='ltr'>aut,</span> <span class='ocrx_word' id='word_1_354' title='bbox 348 1944 383 1968; x_wconf 89' lang='lat' dir='ltr'>ut</span> <span class='ocrx_word' id='word_1_355' title='bbox 409 1936 655 1967; x_wconf 89' lang='lat' dir='ltr'>homoioteleuto</span> <span class='ocrx_word' id='word_1_356' title='bbox 681 1933 896 1970; x_wconf 83' lang='lat' dir='ltr'>satisfaceret,</span> <span class='ocrx_word' id='word_1_357' title='bbox 924 1936 989 1968; x_wconf 87' lang='lat' dir='ltr'>aut,</span> <span class='ocrx_word' id='word_1_358' title='bbox 1017 1934 1049 1961; x_wconf 94' lang='lat' dir='ltr'>ut</span> <span class='ocrx_word' id='word_1_359' title='bbox 1074 1938 1191 1960; x_wconf 89' lang='lat' dir='ltr'>comam</span> <span class='ocrx_word' id='word_1_360' title='bbox 1218 1928 1380 1966; x_wconf 85' lang='lat' dir='ltr'>copiosam</span> <span class='ocrx_word' id='word_1_361' title='bbox 1414 1924 1514 1955; x_wconf 83' lang='lat' dir='ltr'>fuisse</span> <span class='ocrx_word' id='word_1_362' title='bbox 1540 1921 1735 1961; x_wconf 84' lang='lat' dir='ltr'>ostenderet,</span> <span class='ocrx_word' id='word_1_363' title='bbox 1763 1920 1945 1950; x_wconf 86' lang='lat' dir='ltr'>adhibuisse</span> 
     </span>
    </p>
   </div>
   <div class='ocr_carea' id='block_1_4' title="bbox 154 2002 292 2032">
    <p class='ocr_par' dir='ltr' id='par_1_4' title="bbox 154 2002 292 2032">
     <span class='ocr_line' id='line_1_31' title="bbox 154 2002 292 2032; baseline -0.007 -1"><span class='ocrx_word' id='word_1_364' title='bbox 154 2002 292 2032; x_wconf 90' lang='lat' dir='ltr'>videtur.</span> 
     </span>
    </p>
   </div>
   <div class='ocr_carea' id='block_1_5' title="bbox 158 2078 1741 2132">
    <p class='ocr_par' dir='ltr' id='par_1_5' title="bbox 158 2078 1741 2132">
     <span class='ocr_line' id='line_1_32' title="bbox 158 2078 1741 2132; baseline -0.012 -6"><span class='ocrx_word' id='word_1_365' title='bbox 158 2098 191 2127; x_wconf 87' lang='lat'>3.</span> <span class='ocrx_word' id='word_1_366' title='bbox 234 2097 284 2126; x_wconf 82' lang='lat' dir='ltr'>Ne</span> <span class='ocrx_word' id='word_1_367' title='bbox 308 2098 372 2125; x_wconf 79' lang='lat' dir='ltr'>viro</span> <span class='ocrx_word' id='word_1_368' title='bbox 394 2095 549 2132; x_wconf 73' lang='lat' dir='ltr'>itu-ideas,</span> <span class='ocrx_word' id='word_1_369' title='bbox 572 2094 655 2132; x_wconf 81' lang='lat' dir='ltr'>quml</span> <span class='ocrx_word' id='word_1_370' title='bbox 674 2094 809 2122; x_wconf 63' lang='lat' dir='ltr'>diadar:</span> <span class='ocrx_word' id='word_1_371' title='bbox 832 2091 966 2128; x_wconf 78' lang='lat' dir='ltr'>Quidam</span> <span class='ocrx_word' id='word_1_372' title='bbox 989 2091 1023 2119; x_wconf 84' lang='lat' dir='ltr'>ob</span> <span class='ocrx_word' id='word_1_373' title='bbox 1046 2090 1160 2118; x_wconf 80' lang='lat' dir='ltr'>mullos</span> <span class='ocrx_word' id='word_1_374' title='bbox 1182 2097 1258 2116; x_wconf 79' lang='lat' dir='ltr'>suos</span> <span class='ocrx_word' id='word_1_375' title='bbox 1281 2094 1381 2114; x_wconf 81' lang='lat' dir='ltr'>annos</span> <span class='ocrx_word' id='word_1_376' title='bbox 1406 2084 1521 2113; x_wconf 78' lang='lat' dir='ltr'>arbiter</span> <span class='ocrx_word' id='word_1_377' title='bbox 1539 2083 1650 2121; x_wconf 79' lang='lat' dir='ltr'>fuctus</span> <span class='ocrx_word' id='word_1_378' title='bbox 1672 2078 1741 2109; x_wconf 79' lang='lat' dir='ltr'>est!</span> 
     </span>
    </p>
   </div>
   <div class='ocr_carea' id='block_1_6' title="bbox 158 2145 1942 2264">
    <p class='ocr_par' dir='ltr' id='par_1_6' title="bbox 158 2145 1942 2264">
     <span class='ocr_line' id='line_1_33' title="bbox 257 2145 1940 2199; baseline -0.012 -4"><span class='ocrx_word' id='word_1_379' title='bbox 257 2166 290 2194; x_wconf 89' lang='lat' dir='ltr'>In</span> <span class='ocrx_word' id='word_1_380' title='bbox 317 2169 485 2194; x_wconf 87' lang='lat' dir='ltr'>senectute</span> <span class='ocrx_word' id='word_1_381' title='bbox 511 2168 599 2193; x_wconf 86' lang='lat' dir='ltr'>tanta</span> <span class='ocrx_word' id='word_1_382' title='bbox 627 2163 709 2192; x_wconf 87' lang='lat' dir='ltr'>mala</span> <span class='ocrx_word' id='word_1_383' title='bbox 735 2171 822 2199; x_wconf 76' lang='lat' dir='ltr'>esse,</span> <span class='ocrx_word' id='word_1_384' title='bbox 851 2165 885 2190; x_wconf 92' lang='lat' dir='ltr'>ut</span> <span class='ocrx_word' id='word_1_385' title='bbox 912 2160 978 2190; x_wconf 90' lang='lat' dir='ltr'>seui</span> <span class='ocrx_word' id='word_1_386' title='bbox 1014 2157 1215 2188; x_wconf 87' lang='lat' dir='ltr'>invidendum</span> <span class='ocrx_word' id='word_1_387' title='bbox 1245 2164 1304 2184; x_wconf 90' lang='lat' dir='ltr'>non</span> <span class='ocrx_word' id='word_1_388' title='bbox 1331 2154 1384 2194; x_wconf 84' lang='lat' dir='ltr'>sit,</span> <span class='ocrx_word' id='word_1_389' title='bbox 1412 2153 1463 2193; x_wconf 90' lang='lat' dir='ltr'>qui</span> <span class='ocrx_word' id='word_1_390' title='bbox 1488 2151 1594 2192; x_wconf 88' lang='lat' dir='ltr'>gentis</span> <span class='ocrx_word' id='word_1_391' title='bbox 1620 2149 1736 2180; x_wconf 87' lang='lat' dir='ltr'>arbiter</span> <span class='ocrx_word' id='word_1_392' title='bbox 1763 2147 1862 2177; x_wconf 79' lang='lat' dir='ltr'>factus</span> <span class='ocrx_word' id='word_1_393' title='bbox 1888 2145 1940 2174; x_wconf 91' lang='lat' dir='ltr'>sit.</span> 
     </span>
     <span class='ocr_line' id='line_1_34' title="bbox 158 2207 1942 2264; baseline -0.012 -7"><span class='ocrx_word' id='word_1_394' title='bbox 158 2226 302 2257; x_wconf 87' lang='lat' dir='ltr'>Eundem</span> <span class='ocrx_word' id='word_1_395' title='bbox 325 2234 454 2256; x_wconf 89' lang='lat' dir='ltr'>sensum</span> <span class='ocrx_word' id='word_1_396' title='bbox 482 2230 578 2264; x_wconf 88' lang='lat' dir='ltr'>poeta</span> <span class='ocrx_word' id='word_1_397' title='bbox 605 2219 854 2254; x_wconf 83' lang='lat' dir='ltr'>Almorakkisch</span> <span class='ocrx_word' id='word_1_398' title='bbox 884 2221 1046 2260; x_wconf 89' lang='lat' dir='ltr'>expressit</span> <span class='ocrx_word' id='word_1_399' title='bbox 1072 2219 1195 2249; x_wconf 90' lang='lat' dir='ltr'>dicens:</span> <span class='ocrx_word' id='word_1_400' title='bbox 1226 2218 1334 2256; x_wconf 88' lang='lat' dir='ltr'>(metr.</span> <span class='ocrx_word' id='word_1_401' title='bbox 1361 2215 1473 2254; x_wconf 81' lang='lat' dir='ltr'>Sarili)</span> <span class='ocrx_word' id='word_1_402' title='bbox 1507 2215 1705 2243; x_wconf 87' lang='lat' dir='ltr'>Iuventus</span> <span class='ocrx_word' id='word_1_403' title='bbox 1733 2209 1779 2240; x_wconf 88' lang='lat' dir='ltr'>ad</span> <span class='ocrx_word' id='word_1_404' title='bbox 1806 2207 1942 2238; x_wconf 82' lang='lat' dir='ltr'>infor-</span> 
     </span>
    </p>
   </div>
   <div class='ocr_carea' id='block_1_7' title="bbox 159 2269 1942 2328">
    <p class='ocr_par' dir='ltr' id='par_1_7' title="bbox 159 2269 1942 2328">
     <span class='ocr_line' id='line_1_35' title="bbox 159 2269 1942 2328; baseline -0.011 -9"><span class='ocrx_word' id='word_1_405' title='bbox 159 2290 279 2320; x_wconf 89' lang='lat' dir='ltr'>tunia</span> <span class='ocrx_word' id='word_1_406' title='bbox 311 2290 449 2328; x_wconf 85' lang='lat' dir='ltr'>venit,</span> <span class='ocrx_word' id='word_1_407' title='bbox 478 2297 527 2317; x_wconf 90' lang='lat' dir='ltr'>ne</span> <span class='ocrx_word' id='word_1_408' title='bbox 555 2286 692 2327; x_wconf 85' lang='lat' dir='ltr'>igitur</span> <span class='ocrx_word' id='word_1_409' title='bbox 730 2284 847 2315; x_wconf 86' lang='lat' dir='ltr'>fratri</span> <span class='ocrx_word' id='word_1_410' title='bbox 874 2289 946 2314; x_wconf 90' lang='lat' dir='ltr'>tuo</span> <span class='ocrx_word' id='word_1_411' title='bbox 981 2281 1204 2321; x_wconf 85' lang='lat' dir='ltr'>invideas,</span> <span class='ocrx_word' id='word_1_412' title='bbox 1232 2276 1340 2319; x_wconf 88' lang='lat' dir='ltr'>quod</span> <span class='ocrx_word' id='word_1_413' title='bbox 1368 2276 1554 2309; x_wconf 76' lang='lat' dir='ltr'>dicitur:</span> <span class='ocrx_word' id='word_1_414' title='bbox 1582 2274 1751 2305; x_wconf 85' lang='lat' dir='ltr'>arbiter.</span> <span class='ocrx_word' id='word_1_415' title='bbox 1803 2271 1876 2301; x_wconf 78' lang='lat' dir='ltr'>Vox</span> <span class='ocrx_word' id='word_1_416' title='bbox 1903 2269 1942 2313; x_wconf 62' lang='grc' dir='ltr'>υἱ</span> 
     </span>
    </p>
   </div>
   <div class='ocr_carea' id='block_1_8' title="bbox 160 2347 382 2396">
    <p class='ocr_par' dir='ltr' id='par_1_8' title="bbox 160 2347 382 2396">
     <span class='ocr_line' id='line_1_36' title="bbox 160 2347 382 2396; baseline -0.009 -15"><span class='ocrx_word' id='word_1_417' title='bbox 160 2361 215 2392; x_wconf 92' lang='lat' dir='ltr'>pro</span> <span class='ocrx_word' id='word_1_418' title='bbox 243 2347 291 2396; x_wconf 56' lang='grc' dir='ltr'>Οἵ</span> <span class='ocrx_word' id='word_1_419' title='bbox 321 2357 382 2381; x_wconf 86' lang='lat' dir='ltr'>est.</span> 
     </span>
    </p>
   </div>
   <div class='ocr_carea' id='block_1_9' title="bbox 164 2454 1944 2556">
    <p class='ocr_par' dir='ltr' id='par_1_9' title="bbox 164 2454 1944 2556">
     <span class='ocr_line' id='line_1_37' title="bbox 164 2454 1944 2507; baseline -0.012 -5"><span class='ocrx_word' id='word_1_420' title='bbox 164 2474 194 2501; x_wconf 78' lang='lat'>4.</span> <span class='ocrx_word' id='word_1_421' title='bbox 239 2471 276 2501; x_wconf 76' lang='lat' dir='ltr'>Si</span> <span class='ocrx_word' id='word_1_422' title='bbox 297 2473 359 2500; x_wconf 77' lang='lat' dir='ltr'>rita</span> <span class='ocrx_word' id='word_1_423' title='bbox 383 2471 479 2507; x_wconf 74' lang='lat' dir='ltr'>lonqa</span> <span class='ocrx_word' id='word_1_424' title='bbox 500 2480 568 2499; x_wconf 78' lang='lat' dir='ltr'>eum</span> <span class='ocrx_word' id='word_1_425' title='bbox 593 2469 738 2503; x_wconf 73' lang='lat' dir='ltr'>delectat,</span> <span class='ocrx_word' id='word_1_426' title='bbox 760 2468 901 2505; x_wconf 76' lang='lat' dir='ltr'>profecto</span> <span class='ocrx_word' id='word_1_427' title='bbox 914 2465 927 2494; x_wconf 75' lang='lat'>‚¹</span> <span class='ocrx_word' id='word_1_428' title='bbox 955 2469 987 2493; x_wconf 72' lang='lat' dir='ltr'>in.</span> <span class='ocrx_word' id='word_1_429' title='bbox 1009 2468 1076 2493; x_wconf 74' lang='lat' dir='ltr'>ems</span> <span class='ocrx_word' id='word_1_430' title='bbox 1095 2465 1177 2502; x_wconf 79' lang='lat' dir='ltr'>facie</span> <span class='ocrx_word' id='word_1_431' title='bbox 1200 2463 1288 2499; x_wconf 75' lang='lat' dir='ltr'>Ionqi</span> <span class='ocrx_word' id='word_1_432' title='bbox 1310 2463 1465 2498; x_wconf 76' lang='lat' dir='ltr'>lenzporis,</span> <span class='ocrx_word' id='word_1_433' title='bbox 1481 2469 1541 2498; x_wconf 82' lang='lat' dir='ltr'>quo</span> <span class='ocrx_word' id='word_1_434' title='bbox 1561 2456 1724 2487; x_wconf 73' lang='lat' dir='ltr'>incolumis</span> <span class='ocrx_word' id='word_1_435' title='bbox 1745 2457 1825 2492; x_wconf 81' lang='lat' dir='ltr'>erat,</span> <span class='ocrx_word' id='word_1_436' title='bbox 1846 2454 1944 2482; x_wconf 79' lang='lat' dir='ltr'>vesti-</span> 
     </span>
     <span class='ocr_line' id='line_1_38' title="bbox 921 2521 1183 2556; baseline -0.011 -9"><span class='ocrx_word' id='word_1_437' title='bbox 921 2521 974 2556; x_wconf 70' lang='grc' dir='ltr'>9ιά</span> <span class='ocrx_word' id='word_1_438' title='bbox 998 2527 1183 2555; x_wconf 76' lang='lat' dir='ltr'>apparuere.</span> 
     </span>
    </p>
   </div>
   <div class='ocr_carea' id='block_1_10' title="bbox 263 2584 1940 2640">
    <p class='ocr_par' dir='ltr' id='par_1_10' title="bbox 263 2584 1940 2640">
     <span class='ocr_line' id='line_1_39' title="bbox 263 2584 1940 2640; baseline -0.012 -9"><span class='ocrx_word' id='word_1_439' title='bbox 263 2600 456 2640; x_wconf 85' lang='lat' dir='ltr'>Quamquam</span> <span class='ocrx_word' id='word_1_440' title='bbox 483 2600 536 2630; x_wconf 90' lang='lat' dir='ltr'>diu</span> <span class='ocrx_word' id='word_1_441' title='bbox 562 2601 631 2640; x_wconf 90' lang='lat' dir='ltr'>quis</span> <span class='ocrx_word' id='word_1_442' title='bbox 650 2599 812 2630; x_wconf 86' lang='lat' dir='ltr'>incolumis</span> <span class='ocrx_word' id='word_1_443' title='bbox 843 2598 970 2637; x_wconf 89' lang='lat' dir='ltr'>vixerit,</span> <span class='ocrx_word' id='word_1_444' title='bbox 996 2601 1099 2626; x_wconf 89' lang='lat' dir='ltr'>tamen</span> <span class='ocrx_word' id='word_1_445' title='bbox 1124 2595 1154 2624; x_wconf 88' lang='lat' dir='ltr'>in</span> <span class='ocrx_word' id='word_1_446' title='bbox 1180 2596 1251 2634; x_wconf 85' lang='lat' dir='ltr'>ipsa</span> <span class='ocrx_word' id='word_1_447' title='bbox 1277 2597 1444 2623; x_wconf 88' lang='lat' dir='ltr'>senectute</span> <span class='ocrx_word' id='word_1_448' title='bbox 1472 2590 1581 2620; x_wconf 91' lang='lat' dir='ltr'>malum</span> <span class='ocrx_word' id='word_1_449' title='bbox 1609 2596 1685 2617; x_wconf 88' lang='lat' dir='ltr'>esse</span> <span class='ocrx_word' id='word_1_450' title='bbox 1701 2607 1711 2626; x_wconf 85' lang='lat'>,</span> <span class='ocrx_word' id='word_1_451' title='bbox 1737 2584 1854 2625; x_wconf 87' lang='lat' dir='ltr'>quippe</span> <span class='ocrx_word' id='word_1_452' title='bbox 1881 2592 1940 2612; x_wconf 92' lang='lat' dir='ltr'>an-</span> 
     </span>
    </p>
   </div>
   <div class='ocr_carea' id='block_1_11' title="bbox 166 2646 1943 2703">
    <p class='ocr_par' dir='ltr' id='par_1_11' title="bbox 166 2646 1943 2703">
     <span class='ocr_line' id='line_1_40' title="bbox 166 2646 1943 2703; baseline -0.01 -12"><span class='ocrx_word' id='word_1_453' title='bbox 166 2670 276 2691; x_wconf 90' lang='lat' dir='ltr'>norum</span> <span class='ocrx_word' id='word_1_454' title='bbox 301 2663 542 2701; x_wconf 83' lang='lat' dir='ltr'>praeteritorum</span> <span class='ocrx_word' id='word_1_455' title='bbox 582 2663 722 2703; x_wconf 85' lang='lat' dir='ltr'>vestigia</span> <span class='ocrx_word' id='word_1_456' title='bbox 758 2662 787 2691; x_wconf 86' lang='lat' dir='ltr'>&#39;m</span> <span class='ocrx_word' id='word_1_457' title='bbox 814 2661 895 2691; x_wconf 79' lang='lat' dir='ltr'>facie</span> <span class='ocrx_word' id='word_1_458' title='bbox 928 2662 1111 2699; x_wconf 85' lang='lat' dir='ltr'>appareant.</span> <span class='ocrx_word' id='word_1_459' title='bbox 1176 2656 1317 2686; x_wconf 83' lang='lat' dir='ltr'>Similem</span> <span class='ocrx_word' id='word_1_460' title='bbox 1346 2662 1476 2684; x_wconf 86' lang='lat' dir='ltr'>sensum</span> <span class='ocrx_word' id='word_1_461' title='bbox 1503 2650 1618 2682; x_wconf 86' lang='lat' dir='ltr'>clarius</span> <span class='ocrx_word' id='word_1_462' title='bbox 1645 2648 1801 2689; x_wconf 86' lang='lat' dir='ltr'>prolatum</span> <span class='ocrx_word' id='word_1_463' title='bbox 1827 2646 1857 2676; x_wconf 90' lang='lat' dir='ltr'>in</span> <span class='ocrx_word' id='word_1_464' title='bbox 1885 2654 1943 2675; x_wconf 86' lang='lat' dir='ltr'>se·-</span> 
     </span>
    </p>
   </div>
  </div>
 </body>
</html>
