2155 2892
919 117 1188 147 -128—

971 212 1148 246 LXIX·

534 265 674 301 Dixit
694 266 954 300 nasaman
978 266 1018 300 b.
1041 266 1306 300 Rawahah
1331 264 1580 300 Siulnisim.

263 344 389 373 Nomen
416 340 495 370 Kas
507 338 627 369 amah
654 338 919 378 pulchritudinem
948 343 981 368 et
1006 338 1162 379 homines,
1185 348 1252 369 rem
1276 338 1368 368 talem
1406 348 1481 368 esse
1516 342 1570 367 aut
1599 345 1660 366 non
1688 345 1776 378 6556,
1811 337 1952 367 iurantes

165 405 359 447 significare,
387 401 584 432 scholiastes
611 401 702 432 dixit.
754 401 881 430 Nomen
908 400 1076 431 Rawahah
1104 406 1211 432 autem
1238 412 1299 432 non
1326 403 1504 433 derivatum
1532 406 1604 440 est,
1639 400 1792 440 siquidem
1820 401 1951 430 verbum

191 468 198 497 i
238 465 362 497 nonnisi
390 475 501 495 nomen
529 464 663 495 actionis
691 462 755 509 „5”
784 463 863 502 (non
889 461 1001 507 bix)
1028 462 1154 493 habeat.

164 490 212 521 C)
692 494 715 516 ο

163 542 191 570 1.
215 540 242 571 0
263 549 356 578 quam
377 548 478 577 prava
498 547 570 566 sors
588 538 693 574 yemis
715 546 733 564 a
755 536 874 564 duobus
893 535 1050 573 fratribus
1073 535 1183 564 relicta
1205 538 1267 569 est,
1302 544 1418 573 parvos
1443 534 1578 562 camelos
1597 533 1773 571 propellere
1795 536 1825 562 e!
1847 542 1954 561 came-

624 591 671 620 los
695 601 795 628 aquae
818 591 1013 619 hauriendae
1035 590 1208 618 destinatos
1227 591 1314 627 furto
1336 588 1486 627 auferre!

262 664 335 694 Hoc
362 662 391 691 in
417 670 516 691 versu
544 665 640 700 poeta
666 665 796 701 gentem
824 661 994 699 vituperat,
1023 669 1103 698 quae
1131 658 1258 689 caedem
1278 658 1409 689 duorum
1425 658 1582 687 sociorum
1601 657 1698 687 caede
1714 667 1776 687 non
1795 657 1954 687 ulciscens

164 725 303 756 camelos
329 723 468 753 hostium
495 723 629 762 diripere
657 723 737 752 satis
765 722 899 760 habeat3
925 721 983 751 sed
1014 724 1108 760 poeta
1136 720 1286 758 implicite
1313 724 1346 749 et
1372 720 1542 759 improprie
1570 720 1718 759 loquitur,
1745 720 1817 750 dum
1846 721 1953 761 gentis

164 791 284 817 sortem
313 785 463 824 queritur,
491 793 571 823 quae
599 784 783 823 diripiendis
811 784 942 813 camelis
958 786 1111 820 occupata
1130 781 1183 821 sit,
1213 785 1247 811 ut
1262 781 1390 811 caedem
1411 781 1539 811 (luorum
1557 782 1717 811 sociorum
1737 781 1953 812 ulciscendam

163 860 225 881 non
239 853 338 880 curet.
366 849 467 877 Poeta
487 847 520 876 fr
533 851 573 876 at
587 855 655 875 res
682 845 865 885 appellavit,
882 848 914 874 ut
931 846 1041 874 socios
1056 844 1240 885 designaret
1261 844 1364 884 modO,
1381 853 1441 883 quo
1458 844 1582 874 Arabes
1609 844 1713 874 fratr
1726 854 1782 874 em
1810 854 1832 885 g
1845 845 1953 875 entis

165 915 191 945 B
204 923 269 943 ecr
302 911 459 942 Becritam
498 909 707 950 significaturi
744 909 861 939 dicunt.
922 908 1124 939 Camelorum
1161 913 1265 937 autem
1306 917 1477 946 parvorum
1508 907 1682 947 viliumque
1721 912 1753 937 et
1786 917 1896 946 aquam
1937 918 1954 937 e

165 979 260 1015 puteo
287 972 534 1009 extralientium‚
562 971 679 1011 quippe
707 971 755 1001 cui
777 971 862 1010 operi
879 970 959 1000 viles
976 970 1194 1010 adliibeaiitur7
1223 970 1414 999 mentionem
1432 969 1519 1008 fecit,
1547 974 1592 1009 ut,
1609 978 1672 999 rem
1691 969 1753 1008 ipsi
1769 968 1954 1009 despectam

165 1048 253 1079 6556,
285 1036 493 1077 significaret.
553 1033 654 1063 Simili
687 1032 780 1062 modo
809 1032 991 1071 Cabscliah,
1020 1041 1112 1061 soror
1145 1033 1290 1073 Ahmrui,
1327 1032 1430 1062 locuta
1457 1037 1507 1063 est
1534 1034 1592 1062 Ha
1605 1042 1698 1062 mas.
1734 1042 1763 1072 p.
1791 1036 1826 1061 l·v
1862 1043 1892 1062 v.
1925 1033 1953 1062 1.

163 1100 365 1132 scholiastes
393 1098 571 1136 adnotavit,
599 1096 719 1126 camelo
748 1105 862 1136 aquam
889 1105 907 1124 e
934 1100 1031 1134 puteo
1060 1095 1196 1125 trahenti
1222 1104 1302 1134 opus
1330 1094 1453 1135 rigandi
1491 1095 1637 1125 tributum
1665 1104 1760 1135 esse,
1799 1093 1955 1134 quomodo

164 1164 303 1204 agricola
334 1158 442 1213 Cladi
472 1160 613 1201 rigans
643 1159 824 1198 appellatus
852 1159 904 1187 sit.
956 1158 1202 1198 Significationis
1226 1158 1406 1196 probandae
1431 1167 1529 1187 causa
1555 1167 1684 1187 versum
1710 1156 1957 1187 Abu-Dsoaibi

164 1230 352 1265 sequentem
381 1223 547 1253 adnotavit
575 1226 683 1261 (metr.
698 1221 848 1259 Rasum:
875 1221 917 1250 ln
936 1231 957 1250 v
968 1222 1021 1251 all
1035 1231 1052 1251 e
1072 1221 1101 1250 R
1115 1221 1162 1250 oh
1173 1221 1242 1251 ath
1255 1222 1280 1259 ι)
1304 1221 1361 1259 (fe
1375 1221 1486 1250 mina
1497 1221 1532 1259 e)
1557 1220 1575 1250 d
1589 1230 1606 1250 e
1618 1229 1661 1250 sc
1672 1230 1689 1250 e
1700 1230 1718 1249 n
1732 1220 1749 1250 d
1762 1230 1778 1250 e
1791 1226 1887 1249 runt
1916 1229 1934 1249 e
1945 1224 1958 1249 t

166 1290 296 1326 caput
320 1288 432 1315 vitta
451 1284 832 1323 circumligarunt‚
854 1283 1188 1321 quemadmodum
1207 1284 1401 1324 agricola
1422 1285 1540 1312 inter
1561 1281 1701 1311 domos
1724 1282 1957 1321 palmarum

166 1352 338 1378 truncos
366 1346 534 1386 irrigat.
573 1345 662 1375 Vitta
683 1348 779 1383 caput
801 1343 1001 1374 circumdans
1025 1354 1094 1375 cum
1116 1355 1194 1384 aqua
1218 1346 1352 1384 palmam
1373 1344 1588 1375 circumdante
1613 1348 1795 1383 comparata
1818 1344 1955 1385 videtur.

166 1445 197 1473 2.
222 1443 406 1473 Occz'sorum
429 1443 534 1479 flentis
556 1442 673 1470 Rz'salti
691 1444 723 1470 1'n
746 1441 812 1469 loco
833 1441 948 1479 Ahlidj
969 1443 1104 1478 sanquis
1126 1445 1189 1470 lam
1213 1451 1324 1471 recens
1348 1451 1440 1480 quum
1463 1443 1570 1470 siccus
1595 1451 1664 1469 esse
1685 1450 1747 1469 non
1772 1443 1915 1470 cessavit.

263 1512 375 1542 Plures
404 1511 484 1541 enim
511 1512 634 1541 occisos
662 1515 728 1540 tum
755 1515 851 1540 antea
878 1515 943 1540 tum
974 1510 1035 1541 hoc
1062 1515 1205 1550 tempore
1233 1513 1263 1540 in
1291 1511 1359 1541 loco
1388 1511 1494 1551 Ahlidj
1533 1520 1608 1541 esse
1651 1510 1737 1543 dicit.
1798 1510 1958 1540 Familiam

166 1575 268 1606 Risah
297 1575 337 1605 ad
364 1578 491 1615 gentem
519 1574 597 1603 Thai
623 1573 778 1612 pertinere
806 1581 866 1601 non
894 1572 1012 1603 dubito.
1066 1573 1125 1602 Ubi
1159 1576 1249 1604 locus
1278 1573 1383 1613 Ahlidj
1419 1574 1499 1603 situs
1532 1575 1597 1614 sit,
1637 1576 1744 1603 nescio
1771 1573 1800 1602 in
1826 1573 1958 1603 Kamusi

165 1646 262 1676 opere
292 1637 333 1665 nil
361 1635 422 1665 nisi
449 1645 521 1664 eum
548 1644 718 1665 arenosum
745 1643 822 1664 esse
848 1634 971 1674 legens.
999 1634 1040 1664 Ut
1066 1639 1194 1675 gentem
1211 1644 1299 1664 suam
1320 1635 1357 1664 ad
1376 1635 1524 1665 ultionem
1543 1635 1688 1676 instiget7
1708 1634 1874 1675 sanguinis
1896 1638 1959 1664 tam

162 1702 298 1730 recentis
325 1708 418 1737 quam
445 1697 583 1736 veteris3
624 1696 683 1726 sed
721 1706 782 1726 non
810 1697 970 1727 obliterati
999 1698 1192 1727 mentionem
1232 1692 1315 1728 fec'it.
1368 1698 1487 1728 Locum
1522 1697 1631 1727 caedis
1668 1702 1786 1726 testem
1822 1705 1896 1726 esse
1929 1700 1960 1726 et

163 1762 352 1802 sanguinem
380 1765 453 1790 ante
480 1760 640 1789 hominnm
668 1759 788 1788 oculos,
839 1759 982 1800 Sanguis
1010 1765 1115 1790 autem
1142 1761 1316 1791 occisorum
1345 1760 1468 1790 nonnisi
1506 1760 1664 1801 sanguine
1700 1759 1837 1789 hostium
1873 1761 1959 1788 occi-

164 1833 273 1854 sorum
301 1823 399 1853 deleri
426 1826 543 1862 potest.

164 1897 196 1925 3.
222 1896 315 1931 Are-³,
342 1899 377 1924 ul
399 1905 415 1923 e
438 1895 504 1923 loco
526 1894 703 1931 Dlmrijjalc
726 1894 919 1930 advenirent,
944 1897 1078 1932 sanquis
1099 1905 1216 1924 vocans
1239 1897 1410 1932 advocat-il,
1435 1897 1490 1934 qui
1509 1897 1628 1933 effusus
1650 1902 1713 1922 non
1736 1896 1848 1922 cessat.

263 1965 373 1994 Verba
398 1973 515 1993 versus
543 1963 676 1993 secundi
704 1964 808 2003 magis
838 1968 984 1996 exornat.
1035 1964 1230 2005 Sanguinem
1258 1966 1288 1994 in
1316 1966 1367 1995 illo
1402 1965 1471 1994 loco
1509 1963 1646 1993 effusum
1684 1973 1701 1992 e
1735 1963 1802 1992 loco
1838 1968 1958 1991 remoto

164 2037 244 2058 aves
271 2036 404 2065 rapaces
430 2027 603 2067 advocare,
633 2031 667 2056 ut
689 2026 900 2056 cadaveribus
921 2026 1113 2067 occisorum,
1142 2027 1191 2066 qui
1209 2027 1356 2057 inhumati
1373 2029 1506 2066 iaceant,
1536 2030 1719 2055 vescantur.
1747 2025 1838 2054 Haec
1853 2030 1958 2054 autem

162 2099 228 2129 res,
256 2093 288 2118 ut
315 2088 443 2118 caedem
473 2088 677 2128 ulciscantur,
704 2094 836 2128 gentem
864 2088 1072 2118 vehementer
1091 2089 1246 2129 instigare
1265 2089 1368 2118 debet.
1396 2089 1552 2128 Sanguini
1581 2088 1688 2127 plures
1713 2096 1813 2116 voces
1841 2086 1957 2123 tribuit,

164 2155 197 2180 ut
224 2150 346 2180 iteratis
375 2149 497 2178 vicibus
525 2159 594 2178 eum
622 2159 739 2179 vocare
766 2148 937 2190 significet.
990 2150 1083 2179 Hunc
1112 2159 1243 2179 sensum
1279 2151 1308 2180 in
1344 2151 1478 2180 vocibus
1508 2158 1561 2183 sot>
1589 2149 1676 2190 &33¹³
1711 2151 1848 2188 invenio,
1876 2160 1958 2190 quae

163 2222 217 2252 pro
244 2210 333 2249 '³242le
357 2210 419 2238 sla>
450 2211 587 2240 »inultus
615 2214 746 2251 sanguis
773 2221 916 2242 vocans«
948 2216 1033 2241 sunt.
1088 2211 1287 2241 Scholiastes
1315 2221 1426 2241 vocem
1454 2216 1531 2256 2:225oe
1559 2222 1669 2242 nomen
1700 2212 1765 2242 vici
1800 2212 1870 2250 (aut
1899 2221 1958 2250 op-

164 2274 245 2313 pidi)
273 2283 349 2303 esse
377 2273 416 2303 ad
445 2274 530 2302 viam
559 2273 663 2302 Bazra
692 2274 839 2304 Meccam
867 2274 1035 2304 ducentem
1064 2283 1141 2302 esse
1168 2274 1257 2303 dixit.
1291 2274 1325 2302 ln
1352 2274 1509 2303 Mersukii
1536 2273 1647 2303 codice
1672 2273 1816 2314 legimus,
1846 2283 1959 2304 nomen

163 2341 331 2365 montanae
359 2335 501 2376 regionis
527 2344 603 2364 esse
631 2335 758 2373 [conf.
788 2335 885 2365 Meid.
905 2336 942 2367 C.
970 2337 1002 2373 4,
1028 2332 1113 2377 28),
1141 2335 1171 2364 id
1198 2335 1282 2375 quod
1312 2345 1430 2365 versus
1457 2336 1565 2365 sensui
1590 2335 1689 2376 magis
1708 2340 1958 2365 consentaneum

164 2405 223 2429 est.
283 2399 358 2429 Vox
383 2396 481 2443 &ld-e*
507 2403 563 2428 aut
598 2399 788 2439 sanguinem
821 2398 958 2428 effusum
995 2403 1068 2428 aut
1105 2398 1228 2435 locum,
1266 2398 1316 2427 ubi
1355 2398 1488 2438 sanguis
1528 2397 1650 2427 effusus
1684 2401 1756 2436 est,
1797 2397 1957 2438 designat.

167 2461 351 2491 Mei-sulzius
378 2461 589 2500 posteriorem
616 2460 884 2501 significationem
911 2460 1061 2499 praefert,
1091 2465 1125 2490 ut
1152 2462 1233 2490 inter
1261 2461 1339 2490 haec
1367 2461 1465 2491 verba
1491 2467 1524 2491 et
1550 2460 1649 2490 verba
1661 2458 1767 2495 dul?
1781 2459 1806 2498 ,ἵ
1824 2459 1890 2507 Cili
1907 2466 1958 2491 Α)

163 2532 282 2553 versus
311 2524 425 2561 prioris
454 2522 621 2552 discrimen
648 2522 702 2552 sit.

183 2609 209 2636 1)
230 2608 257 2631 In
279 2608 388 2631 Kamusi
408 2614 486 2637 opere
506 2608 629 2638 legimus,
650 2607 754 2631 Rohath
773 2606 863 2631 locum
881 2613 939 2631 esse
949 2607 1035 2637 spatio
1047 2607 1126 2631 trium
1138 2608 1253 2632 noctium
1265 2609 1297 2632 ab
1318 2610 1380 2633 urbe
1392 2610 1483 2632 Mecca
1495 2607 1634 2631 distantem
1647 2606 1751 2629 ditionis
1762 2606 1848 2637 gentis
1859 2606 1959 2633 'rsakifi

1973 488 1986 498 κ
