2155 2892
919 148 1189 179 -517—

151 248 185 278 3.
217 248 281 277 Vos
303 250 432 277 nmuu'si
452 258 520 283 eos,
555 251 609 287 qui
631 258 684 277 vos
703 252 964 285 praecesseraut,
1000 249 1167 276 audivistis
1188 250 1218 275 et
1239 256 1292 275 ros
1316 247 1445 274 nonnisi
1471 245 1590 280 Iocum,
1625 246 1680 283 qui
1707 245 1836 280 ananus
1865 255 1943 274 con-

867 304 1022 336 caelentur,
1048 303 1209 338 11111'1191'11‘8.

222 372 256 402 Si
272 372 319 402 hic
336 381 452 402 versus
471 381 570 402 sensu
589 381 661 402 cnm
679 371 784 410 priore
803 371 964 408 cohaeret,
982 372 1062 401 alios
1083 376 1114 400 et
1131 375 1275 409 tempore
1294 374 1325 399 ct
1344 369 1464 399 meritis
1482 370 1714 410 praecessisse,
1730 372 1942 415 (¹‚‚1;7”,)

153 435 244 474 ipsos
273 435 530 471 retromunsisse,
558 433 665 463 dicere
694 434 770 466 vult,
822 434 863 464 Ut
890 439 994 464 autem
1022 432 1164 472 indicet,
1204 434 1291 470 ipsos
1323 432 1423 460 omnis
1449 431 1568 472 glor-inc
1596 439 1746 471 expertes
1777 435 1943 471 mansisse,

151 507 208 527 eos
239 497 466 537 praecedentes
494 496 617 525 nonnisi
645 496 822 535 audivisse,
851 506 890 525 ne
917 496 1040 525 vidisse
1067 494 1189 534 quidem
1217 494 1302 534 (lic-it,
1331 505 1413 535 nam,
1429 495 1477 534 qui
1506 496 1751 534 praecedentem
1779 506 1847 526 cum
1867 502 1942 527 stu-

149 560 200 590 dio
227 560 382 600 sequitur,
417 560 479 587 etsi
506 568 578 587 enm
607 568 667 587 non
693 559 842 600 attingat,
880 564 985 588 tumen
1014 567 1083 587 eum
1115 556 1224 586 videre
1253 562 1380 596 potest3
1410 563 1444 587 nt
1470 563 1586 597 autem,
1626 568 1682 587 eos
1712 560 1807 587 multo
1838 563 1943 589 retro-

151 622 306 652 mansisse
333 620 505 660 ostendat,
546 630 603 649 cos
631 621 671 649 nil
699 621 757 650 nisi
785 621 912 660 locum,
950 621 1000 660 qui
1027 620 1152 661 ungulis
1180 620 1384 650 conculcatur
1411 620 1428 649 i.
1457 630 1484 649 e.
1514 620 1654 659 vestigia
1683 621 1941 658 praecedentium

147 684 177 712 in
206 688 290 713 terra
317 682 468 723 attigisse
497 682 577 713 dicit.
646 683 724 713 Cum
764 683 894 712 vocibus
926 671 1017 726 JiL-ll
1045 687 1134 722 &Aa
1173 685 1268 712 etium
1306 691 1425 711 seusus
1453 682 1603 723 coniungi
1632 688 1763 722 potest,
1795 692 1850 712 eos
1877 690 1940 714 tam

148 746 229 775 viles
257 749 290 774 et
318 745 461 775 abiectos
489 754 577 786 esse)
606 750 639 775 ut
666 745 793 786 ungulis
822 745 1062 775 conculcentur.

943 878 1130 912 Lxxln.
1538 905 1547 917 x

575 944 769 977 Alnnru
794 944 839 977 Ι».
863 944 1123 978 Alnmlsait
1147 943 1366 978 Alituum
1389 944 1525 979 «lixit.

249 1014 531 1056 Abu-Rijaschus,
552 1024 669 1045 versus
699 1024 717 1044 a
745 1015 813 1044 viro
841 1026 859 1046 e
886 1021 984 1057 gente
1011 1017 1090 1056 lhdjl
1119 1017 1311 1056 compositos
1339 1025 1426 1056 esse,
1455 1016 1543 1046 dixit.

148 1100 176 1130 1.
199 1100 249 1129 Ne
271 1100 358 1136 apud
376 1102 500 1136 portam
523 1098 777 1128 Ebu-Mismalu·
796 1100 908 1129 bonum
930 1111 1051 1138 speres,
1073 1110 1167 1139 quum
1190 1110 1206 1129 e
1226 1100 1373 1136 qente'bus
1397 1100 1541 1137 Iltmifalz
1566 1104 1622 1129 au!
1645 1101 1733 1137 Ilidjl
1753 1100 1810 1130 es!

246 1182 409 1212 Versuum
446 1184 579 1211 metrum
615 1183 715 1221 prima
749 1182 877 1221 species
913 1185 1006 1223 eius,
1046 1182 1130 1223 quod
1164 1183 1290 1213 Thawil
1327 1182 1524 1222 appellatur,
1563 1186 1624 1215 est.
1677 1183 1737 1212 nic
1764 1192 1882 1212 versus
1910 1183 1939 1212 in

145 1246 302 1276 Mersukii
330 1245 440 1275 codice
468 1254 528 1274 non
558 1244 685 1284 legitur.
738 1245 886 1275 Malicum
917 1246 946 1275 b.
974 1245 1124 1283 Mismah‚
1155 1245 1207 1285 qui
1235 1244 1348 1275 diebus
1376 1244 1601 1284 Alahzabijjah
1626 1244 1796 1284 appellatis
1831 1244 1940 1285 lugam

149 1308 282 1346 ceperit,
311 1306 483 1347 significari
510 1306 704 1336 scholiastes
732 1305 820 1336 dixit.
849 1307 927 1336 Dies
955 1307 1126 1337 factionum
1154 1312 1240 1348 sunt,
1269 1307 1381 1347 quibus
1403 1307 1558 1337 Rciskius
1578 1306 1617 1337 ad
1637 1306 1824 1337 Abulsedam
1843 1307 1879 1336 Τ.
1899 1307 1939 1346 11,

147 1370 218 1400 206
245 1379 338 1399 omne
365 1373 491 1408 tempus
520 1369 680 1399 turbarum
709 1369 789 1398 inter
816 1369 943 1399 Ahlium
973 1374 1006 1399 et.
1032 1369 1296 1410 Moahwijahum,
1322 1369 1503 1411 Mochtari,
1530 1369 1717 1399 Sobairidae
1744 1373 1805 1399 etc.
1835 1368 1940 1409 signi-

148 1431 236 1461 ficari
264 1435 364 1470 putat.
418 1432 477 1461 llic
503 1431 585 1461 enim
613 1432 662 1460 vir
689 1431 718 1460 in
747 1432 854 1461 turbas
883 1441 917 1462 se
944 1441 1005 1461 non
1035 1432 1235 1473 immiscenS,
1271 1432 1310 1462 ad
1346 1432 1448 1462 locum
1483 1442 1521 1462 se
1549 1436 1730 1471 receperat,
1771 1431 1821 1460 ubi
1850 1435 1939 1460 tran-

145 1494 258 1532 quillus
295 1494 433 1522 viveret.
499 1492 603 1531 Quum
633 1494 730 1533 igitur
757 1494 905 1534 gentibus
933 1494 1071 1524 Ilanisah
1110 1499 1140 1524 et
1177 1494 1254 1534 lhdjl
1290 1496 1442 1525 auxilium
1481 1504 1542 1524 non
1576 1494 1692 1534 ferret,
1731 1497 1827 1532 poeta
1865 1501 1938 1522 eum

145 1555 342 1596 perstrinxit.
395 1555 473 1594 lhdjt
502 1555 585 1584 [ilius
613 1555 756 1594 laodjaim
784 1561 816 1585 et
843 1556 981 1586 Iiaiiisah
1009 1566 1186 1597 cognomen
1218 1557 1320 1587 Otsali
1349 1558 1377 1586 b.
1404 1556 1550 1596 Lodjaim
1579 1560 1640 1585 est.
1707 1555 1849 1594 Lodjaim
1877 1564 1938 1584 au-

147 1623 210 1648 tem
238 1627 257 1647 a
285 1619 385 1647 Becro
415 1618 568 1658 originem
597 1617 704 1656 duxit3
738 1618 881 1657 Lodjaim
910 1619 989 1648 enim
1019 1618 1100 1648 filius
1128 1619 1231 1649 Zalibi
1259 1620 1284 1652 b,
1312 1619 1385 1649 Alili
1413 1619 1442 1648 b.
1471 1619 1552 1648 Beer
1580 1618 1609 1647 b.
1637 1617 1749 1656 Wajel
1776 1621 1854 1646 erat.
1900 1616 1936 1646 Si

144 1689 263 1710 versus
291 1680 359 1708 viro
387 1689 405 1708 e
432 1684 530 1720 gente
557 1679 637 1720 Ihdjl
666 1680 862 1717 tribuuntur,
889 1690 941 1710 res
970 1681 1056 1710 clara
1083 1686 1156 1721 est,
1185 1682 1234 1711 sin
1261 1687 1367 1711 autem
1397 1691 1415 1711 a
1442 1682 1511 1710 viro
1541 1689 1559 1709 e
1587 1684 1684 1720 gente
1713 1677 1935 1717 Ahbd-Kais‚

147 1752 227 1782 quae
253 1751 327 1781 pars
355 1742 462 1782 gentis
489 1742 579 1773 Asad
607 1748 688 1781 erat,
716 1743 755 1773 de
782 1752 815 1772 re
843 1743 977 1773 dubitari
1006 1748 1126 1783 potest.

144 1878 177 1906 2.
200 1876 268 1906 lVos
292 1886 357 1905 rem
379 1878 484 1913 yemis
507 1877 592 1906 Beer
614 1877 640 1905 b.
671 1877 781 1914 ns'ajel
801 1879 1030 1912 sustinuimus,
1061 1879 1133 1906 dum
1161 1881 1195 1907 lu
1223 1880 1309 1914 apud
1338 1887 1452 1916 aquam
1488 1878 1585 1914 Tsmlj
1607 1877 1812 1905 commoraris
1835 1883 1936 1912 neque

754 1940 897 1959 mnarum
920 1940 1020 1970 neque
1042 1933 1135 1961 dulce
1154 1935 1330 1971 proferens.

242 2012 325 2042 Dum
351 2012 411 2051 ipsi
441 2012 542 2053 (gens
568 2012 663 2052 lhdjl)
693 2022 748 2052 pro
776 2013 893 2042 honore
921 2014 1026 2054 gentis
1055 2016 1137 2044 Beer
1167 2013 1194 2042 b.
1223 2013 1334 2051 Wajet
1364 2012 1590 2052 dimicassent,
1627 2021 1695 2042 eum
1723 2011 1807 2051 apud
1836 2011 1937 2041 locum

140 2074 238 2114 Tsadj
268 2075 434 2113 tranquille
461 2076 597 2104 vixisse.
652 2075 854 2105 Scholiastes
882 2076 980 2115 Tsadj
1011 2085 1121 2105 nomen
1151 2085 1253 2115 aquae
1283 2075 1312 2104 in
1350 2076 1480 2116 regione
1515 2075 1622 2115 gentis
1658 2074 1766 2115 Sahd,
1803 2074 1934 2104 Kamusi

140 2141 248 2167 auctor
275 2135 380 2175 oppidi
409 2136 438 2165 in
465 2137 597 2176 regione
625 2136 762 2166 Balirain
792 2136 904 2179 tuisse,
934 2139 1016 2168 dicit.
1068 2139 1101 2167 In
1132 2139 1308 2177 posteriore
1349 2146 1464 2167 versus
1500 2142 1591 2176 parte
1629 2137 1826 2176 proverbium
1854 2145 1934 2165 con-

142 2201 270 2229 tinetur.
310 2198 445 2236 ”Neque
473 2197 573 2227 dulcis
612 2204 664 2229 est
689 2209 794 2239 neque
822 2210 986 2242 amarus«,
1014 2201 1113 2230 Meid.
1141 2200 1179 2231 C.
1208 2201 1264 2239 24,
1296 2201 1384 2241 195,
1420 2209 1482 2240 quo
1510 2200 1613 2229 virum
1641 2198 1781 2228 inutilem
1810 2198 1932 2227 omnino

143 2270 219 2290 esse
245 2259 424 2299 designant.

138 2371 171 2400 3.
194 2371 344 2408 Diqnitas
363 2371 479 2406 yemis,
503 2378 599 2406 quam
621 2380 640 2399 a
662 2371 816 2400 celeribus
839 2372 1032 2401 haereditate
1056 2375 1257 2409 acceperunt,
1282 2373 1437 2409 diyn1'tali‚
1467 2380 1547 2409 queue
1575 2380 1643 2399 cum
1673 2369 1758 2398 olere
1777 2372 1930 2406 procetur,

879 2426 1022 2464 aequalis
1045 2435 1107 2454 mm
1129 2429 1187 2454 esl.

236 2494 433 2535 Dignitatem
459 2503 575 2523 novam
603 2502 671 2524 cum
700 2503 759 2534 ea,
792 2504 874 2534 quae
901 2504 920 2524 a
946 2495 1112 2524 maioribus
1141 2493 1342 2524 haereditate
1370 2498 1501 2532 accepta
1527 2494 1569 2522 sit
1595 2494 1838 2532 comparandam
1866 2503 1927 2522 non

138 2563 214 2584 esse
253 2555 359 2585 conf.
388 2565 418 2594 p,
448 2557 496 2583 ‘th
517 2564 548 2583 v.
569 2555 600 2583 4.
653 2555 852 2585 Scholiastes
880 2557 973 2594 paulo
1002 2557 1102 2586 aliter.
1157 2557 1274 2585 Eorum
1303 2555 1490 2595 dignitatem
1518 2564 1590 2585 cum
1627 2562 1801 2594 proventus
1838 2559 1928 2595 copia

135 2617 335 2646 coniunctam
362 2626 449 2655 esse,
478 2620 510 2646 ut
543 2616 662 2646 nonnisi
691 2620 844 2655 tempore,
863 2627 924 2657 quo
953 2622 1110 2657 proventu
1137 2617 1306 2657 abundent,
1327 2626 1431 2647 eorum
1459 2618 1576 2647 mentio
1604 2617 1669 2647 fiat.
