2155 2892
931 159 1174 189 -ιθ-

152 266 387 308 tranquillo
415 264 547 294 auimo
578 261 770 302 praediti
797 265 840 290 et
873 259 985 290 flens
1023 263 1128 297 erat,
1160 258 1286 288 cuius
1321 266 1487 287 moeror
1522 265 1601 285 non
1638 256 1804 287 ridebat
1841 256 1939 297 (ego

153 332 274 362 solus
300 338 384 358 eum
412 322 649 367 deflebam).
702 325 810 354 Num
843 322 982 353 defles
1018 331 1132 352 omne
1167 320 1434 361 sepulcrum,
1468 319 1578 359 quod
1614 318 1756 360 vides,
1790 320 1834 349 ob
1873 329 1938 349 se-

151 395 337 435 pulcrum
364 390 493 420 situm
519 391 556 418 in
583 387 751 418 deserto
779 391 820 416 et
848 384 1116 423 Aldawani03
1148 382 1224 412 sed
1251 383 1287 412 ei
1314 382 1417 412 dixi:
1459 382 1600 411 Moror
1638 383 1817 411 excitat
1848 383 1937 421 plo-

153 459 300 495 ratum3
329 455 417 484 sine
443 460 516 491 me,
544 450 730 480 namhoc
758 458 877 478 omne
903 447 1143 486 sepulcrum
1171 445 1316 475 Malici
1343 449 1413 475 cst.
1448 445 1596 474 Nonne
1624 443 1800 483 vidisti,
1828 446 1942 474 inter

153 528 226 549 nos
255 517 347 547 eius
376 524 480 554 opes
508 512 656 552 dividi,
693 511 784 540 dum
814 514 1042 550 pauperes,
1080 507 1284 537 infelices
1312 507 1357 537 ad
1385 517 1476 537 eum
1502 507 1752 537 veniebant.
1805 507 1857 536 Et
1884 507 1943 536 ul-

155 583 295 613 timum
324 578 563 609 miraculum
588 579 673 605 erat
702 574 820 604 loeus
847 571 1001 613 quietis
1028 571 1201 600 iumenti
1228 574 1268 600 et
1294 570 1398 600 sella
1422 566 1631 612 Ihlaficai)
1657 579 1783 608 super
1813 569 1942 598 dorso

155 644 284 674 iubae.
322 642 372 671 Et
400 648 515 679 quum
543 641 692 667 rectus
719 634 934 665 insideret
961 635 1102 663 instar
1128 632 1256 662 lunae
1284 632 1401 661 inter
1426 635 1590 671 gentem
1616 640 1733 660 suam
1760 635 1798 660 et
1826 629 1945 668 (illud

156 704 399 741 iumentum)
426 701 535 731 collo
564 708 636 730 suo
663 698 757 728 vias
783 694 1074 737 periculorum
1101 699 1266 735 peteret
1298 703 1380 724 cum
1407 693 1546 724 oculis
1582 693 1838 732 accipitris,
1879 693 1946 732 qui

156 770 195 799 in
222 768 357 797 locum
384 763 583 803 speculae
611 763 796 792 venerat.
858 759 956 788 Tum
993 758 1047 788 ibi
1085 758 1361 797 pernoctavit
1396 756 1513 796 quasi
1540 761 1658 786 esset
1685 756 1839 786 oculus
1867 765 1946 785 ma-

158 831 285 860 ritum
324 826 512 856 odientis
548 822 808 862 mulieris‘ss),
847 826 887 851 et
922 829 998 849 nos
1033 829 1121 849 eum
1158 816 1521 849 circumdedimus
1554 818 1684 848 Deum
1716 823 1946 859 rogantes,

163 897 206 923 ut
233 891 328 921 eius
356 887 536 919 animam
564 886 860 915 conservaret
885 878 1097 913 dicentes:
1126 881 1281 912 Socios
1309 880 1471 911 habens
1499 890 1573 910 non
1599 881 1769 920 peribis.

1027 977 1085 1011 V.

158 1054 297 1091 uixit
308 1049 858 1090 Abu-AhssnaTAlsindF)
882 1047 934 1083 in
948 1046 1449 1091 Ebu-Robaimtlmm,
1473 1055 1619 1089 quem
1634 1047 1908 1081 Manzurus
1916 1049 1948 1087 ⁴)

199 1108 462 1144 securitate
485 1114 716 1142 concessa
738 1104 790 1138 in
812 1102 991 1146 oppido
1014 1103 1258 1143 urasetw)
1282 1102 1530 1137 occiderat
1557 1108 1677 1148 (conf.
1695 1108 1788 1138 Ham.
1804 1118 1835 1148 p.
1849 1109 1906 1148 Η).

161 1190 190 1219 1.
213 1188 307 1219 Eheu
317 1186 331 1216 l
343 1185 463 1222 ocquS,
475 1187 531 1223 qui
541 1185 590 1213 die
603 1183 650 1213 W
648 1183 752 1213 asetlti
758 1185 887 1220 propter
898 1184 927 1210 te
941 1181 1102 1218 lacrymas
1113 1184 1278 1210 manuales
1289 1190 1351 1210 non
1365 1181 1501 1218 larqitus
1513 1184 1568 1216 est,
1580 1182 1721 1220 profecto
1729 1180 1828 1219 Jstere
1839 1182 1948 1214 nescit,

261 1260 400 1292 Caedem
428 1259 490 1289 viri
516 1258 657 1289 omnibus
684 1265 861 1286 moerorem
889 1254 1040 1296 dedisse,
1075 1255 1182 1285 verbis
1217 1254 1346 1285 indicat.
1398 1255 1477 1284 Dies
1504 1254 1660 1285 XVasethi
1686 1259 1739 1284 est
1765 1254 1852 1295 dies,
1889 1263 1952 1294 quo

162 1325 310 1367 oppidum
335 1319 480 1353 Waseth
506 1331 526 1351 a
551 1319 653 1359 copiis
677 1317 933 1348 Ahbbasidarum
960 1317 1184 1356 occupabatur.
1236 1317 1349 1347 Virum
1375 1326 1394 1347 a
1423 1317 1527 1347 multis
1561 1321 1749 1347 veneratum
1782 1316 1905 1358 fuisse,
1935 1325 1952 1346 e

161 1389 270 1419 verbis
297 1386 458 1426 satellitis,
498 1384 626 1425 quibus,
653 1391 749 1422 quum
775 1385 872 1420 caput
906 1377 1007 1410 occisi
1033 1379 1191 1408 Manzuro
1227 1377 1418 1417 traderetur,
1446 1378 1653 1408 admirantem
1681 1378 1812 1408 formam
1840 1378 1953 1417 capitis

162 1459 309 1491 magnam
337 1449 528 1478 Manzurum
563 1445 777 1483 alloqueretur
814 1441 992 1472 „Maiorem
1026 1450 1101 1471 esse
1142 1440 1269 1471 formam
1308 1439 1382 1470 fidei
1417 1441 1500 1482 viri,
1538 1450 1630 1480 quam
1664 1440 1797 1470 formam
1835 1440 1951 1480 capitis

167 1510 378 1544 »concludere
403 1504 552 1546 licet«⁶).
578 1506 654 1536 Vox
679 1510 772 1546 05⁴³?
798 1513 865 1551 rem
892 1507 1074 1534 concretam
1102 1512 1179 1533 esse
1205 1507 1239 1532 et
1264 1512 1326 1532 non
1355 1502 1503 1535 fluentem
1529 1502 1731 1544 significans,
1758 1511 1837 1542 quae
1865 1503 1954 1532 oculo

165 1575 281 1606 tributa
307 1578 368 1613 est,
395 1571 436 1601 de
462 1569 612 1610 lacrymis
639 1568 751 1599 melius
778 1567 839 1598 dici
865 1567 979 1608 potuit,
1006 1576 1097 1606 quum
1123 1568 1236 1597 oculus
1264 1566 1348 1598 haud
1375 1571 1549 1598 concretus
1574 1567 1626 1596 sit.

166 1675 197 1703 2.
225 1671 375 1709 Vespera,
401 1668 463 1707 qud
484 1667 632 1696 mulieres
650 1666 839 1704 plttrzyerzles
862 1667 1020 1693 steterunt
1047 1669 1080 1693 et
1106 1667 1198 1694 sinus
1225 1674 1389 1704 qenueque
1417 1666 1562 1694 manibus
1587 1667 1693 1693 coetus
1716 1663 1882 1693 mulierum
1905 1662 1956 1691 Ia-

960 1717 1159 1747 cerubunlur.

263 1793 400 1830 Tempus
428 1790 534 1819 luctus
562 1789 743 1818 accuratius
759 1785 880 1828 definit,
910 1797 982 1817 nam
1010 1797 1075 1818 vox
1100 1795 1192 1816 M
1219 1788 1396 1828 (vespera)
1425 1788 1530 1818 verbis
1558 1786 1652 1827 kmi,
1681 1799 1747 1828 ²⁰5³
1774 1787 1957 1816 accuratius

192 1888 220 1917 l)
237 1888 299 1911 Vox
318 1881 391 1926 ὁ»)
411 1885 508 1909 sellam
527 1883 634 1907 minoris
644 1883 758 1913 formae,
776 1879 850 1916 *2⁸³3
869 1880 979 1904 maioris
997 1879 1140 1909 significat.
1177 1879 1264 1902 Sellae
1283 1879 1407 1903 lhlaficae
1425 1886 1442 1903 a
1460 1879 1519 1904 viro
1539 1880 1613 1904 lhlaf
1627 1881 1651 1903 b.
1669 1880 1788 1904 Thowar
1805 1880 1895 1904 factae
1913 1886 1960 1904 ce-

234 1938 319 1961 lebres
338 1938 422 1960 eraut
458 1936 485 1958 ln
505 1934 601 1963 oppido
621 1934 685 1956 Hira
702 1939 805 1963 qunque
823 1932 911 1955 sellae
930 1931 1051 1954 celebres
1068 1930 1281 1954 confic¹ehantur
1300 1931 1386 1954 conf.
1407 1930 1503 1953 Diuan
1523 1932 1629 1954 Amru—
1639 1931 1735 1954 I'Kaisi
1755 1938 1778 1961 p.
1798 1933 1833 1954 85
1852 1932 1956 1955 adnott.

237 1989 291 2012 sub
311 1987 382 2011 sella
400 1985 553 2015 stragulum
572 1977 658 2022 {xa-3..)
679 1983 750 2006 dorsi
771 1983 858 2006 tuendi
878 1988 941 2005 caus
944 1988 960 2004 a
979 1982 1127 2012 ponebatur
1146 1983 1275 2004 Hamas.
1294 1988 1317 2010 p.
1336 1975 1386 2007 01⁹?
1404 1987 1430 2006 v.
1450 1982 1475 2004 3.
1511 1981 1564 2003 Sed
1587 1981 1678 2010 plures
1702 1981 1831 2005 sellarum
1855 1982 1960 2012 species

239 2041 315 2062 erant
333 2035 633 2069 ‹201111An1ru-l'zsszisi
651 2034 745 2058 Moall
764 2032 804 2057 ed.
824 2033 988 2061 Hengstenb.
1009 2039 1032 2058 v,
1052 2032 1083 2055 11
1105 2032 1192 2056 schol.
1212 2032 1319 2056 Pocokii
1340 2033 1538 2063 Beschreibung
1557 2033 1602 2056 des
1622 2033 1834 2063 Morgenlandes
1854 2040 1878 2063 p.
1896 2033 1961 2056 278.

237 2086 342 2109 Sohairi
361 2083 494 2108 §malla-k
514 2090 537 2113 p.
555 2082 600 2105 32.
621 2080 673 2110 (ed.
693 2079 882 2111 Rosenmull..)

188 2131 221 2163 2)
240 2133 295 2155 Ista
314 2130 512 2160 comparatione
531 2128 615 2151 dicere
634 2127 752 2151 voluisse
771 2126 888 2156 videtur,
908 2132 966 2149 eum
986 2125 1066 2148 fuisse
1086 2124 1111 2150 in
1130 2124 1191 2149 loco
1210 2124 1276 2153 alto,
1296 2126 1324 2148 ut
1342 2121 1443 2155 par‘vus
1462 2125 1595 2150 videretur
1613 2129 1638 2150 et
1657 2125 1810 2157 splendens,
1830 2126 1962 2149 nammis

241 2178 335 2201 mulier
354 2176 458 2200 oculum
478 2181 530 2199 non
551 2173 658 2198 omnino
676 2173 758 2204 aperit
776 2171 925 2202 adspiciens
944 2171 1076 2201 maritum,
1095 2178 1169 2201 quem
1188 2171 1249 2195 odio
1269 2172 1356 2196 habet.

194 2224 226 2253 3)
246 2224 285 2247 Ab
306 2222 364 2246 aliis
383 2222 477 2245 Anaho
495 2219 585 2243 clienti
604 2218 691 2250 gentis
711 2218 874 2241 nanu-Asad
891 2217 1166 2240 versus·tribuuntur.

190 2269 223 2301 4)
241 2270 269 2293 ln
289 2269 350 2292 loco
370 2266 520 2291 Alscharah
538 2271 610 2289 anno
629 2265 664 2287 95
683 2261 800 2294 Hedjrae
818 2266 895 2286 natus
915 2266 1043 2293 tempore,
1061 2269 1113 2293 quo
1132 2263 1156 2287 in
1176 2264 1235 2288 loco
1255 2265 1376 2289 Alnnbar
1394 2266 1503 2296 imperio
1524 2267 1668 2299 potiretur,
1687 2267 1792 2291 circiter
1811 2267 1844 2291 41
1866 2267 1963 2291 aetatis

245 2322 330 2339 annos
348 2314 448 2338 habuit.
483 2314 512 2336 ln
532 2312 624 2336 itinere
642 2316 722 2334 sacro
740 2315 811 2333 anno
831 2309 885 2332 158
903 2308 970 2331 diem
989 2314 1139 2337 supremum
1159 2309 1220 2332 obiit
1237 2311 1324 2334 conf.
1343 2310 1418 2334 Citab
1437 2312 1562 2336 Tahdsibi
1580 2312 1690 2336 l¹Asnr5i
1709 2318 1734 2341 p.
1753 2312 1816 2335 648.

194 2360 226 2391 5)
245 2359 456 2383 Ebu-Hobairali
476 2358 501 2381 in
528 2357 626 2391 oppido
650 2355 765 2379 waseth
790 2353 944 2383 imperitans
968 2353 1129 2376 Ahbhasidis
1153 2354 1302 2380 resistebat.
1346 2357 1387 2379 Ab
1406 2357 1544 2382 Alliasano
1563 2358 1587 2381 b.
1608 2357 1743 2381 Kalnabah
1762 2358 1965 2388 oppugnabatur

245 2411 315 2427 amno
339 2404 389 2427 132
416 2403 507 2427 conf.
527 2402 620 2425 Abulf.
639 2402 708 2424 Ann.
726 2400 756 2422 Τ.
777 2399 799 2422 l.
817 2398 881 2421 482.
917 2399 969 2421 Sed
989 2405 1066 2428 quum
1084 2399 1242 2423 scholiastes
1262 2408 1320 2425 eum
1340 2403 1437 2432 perfide
1463 2407 1522 2433 post
1546 2404 1716 2427 securitatem
1742 2406 1897 2434 promissam
1917 2412 1965 2428 oc-

242 2449 322 2472 cisum
342 2456 402 2472 esse
419 2448 524 2479 dixerit,
544 2447 566 2470 is
584 2445 708 2476 oppidum
728 2444 869 2468 tradidisse
889 2443 1002 2467 videtur.
1037 2445 1100 2468 Rem
1120 2445 1238 2475 pluribus
1259 2452 1393 2472 narratam
1418 2450 1532 2481 legimus
1556 2451 1581 2474 iu
1604 2456 1686 2480 opere
1713 2451 1965 2480 Ebu-challikani‚

247 2495 288 2518 ubi
308 2496 338 2517 de
357 2495 416 2518 viro
435 2497 521 2518 actum
541 2496 583 2517 est
601 2494 652 2517 No.
671 2492 734 2515 826.
769 2490 807 2514 Ibi
828 2484 922 2512 versus
940 2495 1043 2519 quoque
1063 2491 1148 2514 nostri
1166 2490 1290 2523 adscripti
1309 2497 1380 2518 sunt.

196 2539 227 2571 6)
246 2540 275 2562 ln
295 2539 520 2563 Ebu-challikani
539 2546 617 2569 opere
636 2537 728 2562 endem
750 2536 831 2559 verba
849 2534 941 2558 adlata
958 2538 1028 2558 sunt.
1064 2536 1116 2560 sed
1135 2543 1177 2560 res
1195 2538 1272 2562 aliter
1290 2546 1394 2570 quoque
1412 2541 1450 2565 sic
1469 2541 1503 2565 ibi
1521 2541 1610 2565 relata
1629 2547 1685 2567 est:
1707 2544 1837 2568 Narravit
1856 2544 1960 2568 Albait-

245 2594 336 2610 sumus
348 2587 372 2612 b.
385 2584 487 2617 Abdijj:
507 2586 592 2617 Quum
606 2586 709 2616 quidam
721 2581 1091 2611 Cliorasanensium'ssdixisset
1110 2583 1212 2608 cuidam
1224 2585 1442 2611 Ebu-flohairahi
1459 2587 1544 2611 socio:
1564 2588 1649 2619 Quam
1668 2596 1792 2620 magnum
1812 2589 1862 2614 ruit
1879 2593 1960 2620 caput

247 2643 310 2666 socii
330 2640 428 2666 vestri!
448 2642 559 2665 alterum
578 2640 763 2671 respondisse:
783 2636 857 2662 Fides
877 2638 968 2659 vestra
986 2635 1009 2659 ei
1029 2638 1090 2661 data
1109 2639 1192 2663 maior
1213 2634 1341 2680 fuit,-t55
1368 2635 1433 2682 015
1460 2635 1486 2666 &5
1513 2634 1629 2675 sphi
1643 2662 1649 2668 .
