2155 2892
950 119 1194 151 ..49-

176 225 234 262 343
258 220 321 266 &⁵-
339 223 463 261 deerit,
491 232 573 253 voce
598 218 709 258 'nim-15,
736 229 816 259 quae
843 220 946 250 album
973 219 1003 250 in
1031 219 1135 250 medio
1164 218 1246 259 nigri
1273 217 1442 257 designat,
1481 216 1606 246 canitiei
1639 216 1759 246 initium
1786 214 1962 255 significari

173 294 235 316 non
263 292 359 326 puto:
387 287 444 317 sed
471 286 578 327 potius
605 283 743 313 calvitiei
772 283 893 313 initium
921 292 963 312 ex
990 283 1106 323 galeae
1134 281 1301 320 frequente
1328 289 1388 310 usu
1416 283 1526 318 ortae;
1567 279 1639 309 talis
1667 280 1749 309 enim
1772 279 1850 309 viris
1880 277 1963 308 laudi

170 353 232 378 est.
285 350 317 379 ln
346 349 451 380 fronte
473 353 578 379 autem
605 347 707 377 crines
736 346 852 376 habere
880 345 1029 376 dedecori
1057 348 1125 374 erut
1151 342 1271 387 (cons.
1300 342 1463 372 namus.
1491 350 1520 380 p.
1537 339 1586 370 1²05
1603 351 1634 374 v,
1651 341 1714 379 2.).
1743 341 1822 372 Rem
1837 350 1963 382 quoque

174 410 257 441 laudi
284 411 452 450 inservire,
479 419 521 439 ex
547 417 585 438 eo
612 408 771 446 videmus,
804 406 887 446 quod
913 412 1009 446 poeta
1035 405 1208 435 exornandi
1235 414 1334 436 causa
1360 405 1445 435 illum
1472 403 1575 434 locum
1602 413 1675 434 cum
1710 405 1840 435 fulmine
1865 408 1961 434 nocte

170 471 306 502 obseura
335 470 542 510 comparavit.

169 569 200 598 4.
225 567 288 604 Qui
307 568 351 597 ad
369 568 483 597 bellum
504 577 611 605 gyrate,
637 577 732 606 quum
756 568 883 604 siynum
906 566 935 594 ei
954 566 1085 604 faceret,
1110 566 1245 593 accessit
1267 565 1513 602 hypoclaomlrii's
1529 565 1695 601 strepitum
1712 563 1818 595 edens,
1837 564 1960 598 primm

958 621 1158 650 venientium.

267 691 418 722 Occisum
446 690 553 721 laudat
582 691 621 720 ob
646 690 782 720 studium
809 690 1078 729 celeritatemque,
1114 698 1174 728 quo
1209 687 1247 718 ad
1282 688 1395 718 bellum
1425 689 1560 716 omnium
1597 686 1716 727 primus
1744 686 1889 724 venerit3
1927 686 1957 714 in

168 754 218 785 illo
247 754 328 784 enim
355 754 460 784 studio
486 760 516 784 et
545 754 711 784 celeritate
738 752 931 782 fortitudinis
958 752 1103 783 indicium
1131 752 1278 783 cernitur.
1331 751 1454 780 Bellum
1482 754 1586 779 autem
1613 758 1669 788 pro
1689 757 1826 787 persona
1846 746 1962 778 inducit

169 816 291 854 (conf.
318 816 400 845 llam
442 826 473 855 p.
501 817 552 845 ΜἹ
580 825 612 844 v.
642 816 694 853 4.)
724 815 751 844 ei
779 815 906 855 signum
934 814 1080 845 faciente.
1134 816 1181 844 Eo
1218 824 1355 855 quoque,
1393 813 1477 853 quod
1507 812 1621 842 bellum
1649 816 1798 850 tanquam
1832 810 1960 851 signum

168 876 304 910 faciens,
332 886 393 906 non
423 877 530 906 verbis
558 876 720 906 advocans
748 875 909 916 describit,
939 877 1081 906 occisum
1111 882 1259 917 tanquam
1287 877 1524 917 paratissimum
1553 874 1592 905 ud
1619 875 1736 904 bellum
1767 878 1799 904 et
1818 871 1961 902 fortissi-

167 949 250 970 mum
280 939 437 980 designat.
490 938 611 968 Bellum
640 942 783 977 tanquam
811 939 922 968 mulier
949 940 1159 969 meretricium
1188 939 1309 969 faciens
1337 939 1441 980 signis
1469 938 1563 968 sactis
1592 938 1713 977 (conf.
1743 938 1835 966 Ham.
1863 946 1893 976 p.
1924 938 1959 965 w

167 1011 199 1030 v.
233 1002 279 1040 l.)
306 1002 394 1030 viros
421 1000 521 1030 sortes
548 1000 656 1030 allicit.
709 999 832 1029 Bellum
859 1000 1010 1040 arduum,
1044 1001 1074 1030 iu
1103 1011 1164 1040 quo
1199 1002 1258 1031 iam
1284 1006 1461 1042 pugnatum
1497 1005 1567 1040 est,
1603 1010 1673 1031 cuni
1703 1001 1834 1030 muliere
1860 1004 1960 1039 nupta

167 1068 223 1093 aut
256 1062 440 1103 virginitate
471 1062 597 1101 privata
631 1067 843 1100 comparatur.
904 1061 964 1100 Qui
998 1061 1037 1092 ad
1074 1062 1137 1092 tale
1173 1063 1304 1102 bellum,
1330 1066 1361 1093 in
1396 1072 1456 1102 quo
1491 1064 1662 1093 maximum
1699 1063 1871 1102 periculum
1896 1066 1960 1102 est,

167 1130 373 1165 properanter
402 1125 549 1165 accurrit,
576 1125 603 1154 is
631 1125 773 1164 pericula
798 1125 907 1155 obiens
936 1125 1048 1155 fortem
1076 1135 1112 1155 se
1138 1125 1287 1155 ostendit.
1339 1125 1450 1155 Verba
1469 1122 1590 1168 &³253ss
1609 1127 1700 1170 &³²⁸³st
1722 1123 1838 1163 duplici
1865 1122 1958 1152 modo

166 1189 298 1230 intelligi
326 1197 435 1229 posse,
463 1187 651 1218 scholiastes
679 1187 768 1228 dixit,
796 1193 850 1218 aut
877 1187 916 1217 de
935 1190 1049 1227 spiritu
1069 1188 1273 1229 vehemente⁷
1301 1196 1394 1226 quem
1420 1196 1550 1217 currens
1584 1187 1658 1216 edat
1676 1192 1731 1216 aut
1750 1186 1791 1216 de
1818 1187 1958 1224 strepitu

165 1261 330 1282 armorum.
381 1252 453 1281 Nec
479 1251 532 1280 uni
558 1260 660 1290 neque
687 1251 779 1281 alteri
808 1251 987 1280 assentiens
1015 1251 1204 1292 strepitum,
1232 1260 1325 1290 quem
1352 1250 1509 1281 interdum
1546 1259 1647 1289 equus
1684 1258 1814 1279 currens
1846 1249 1958 1277 visce-

165 1315 250 1345 ribus
276 1315 368 1345 motis
390 1314 476 1354 facit,
504 1314 679 1355 significari
699 1319 793 1353 puto3
823 1314 872 1343 hic
895 1314 976 1343 enim
1000 1312 1229 1352 interpretandi
1256 1313 1370 1343 modus
1388 1314 1557 1343 verborum
1575 1311 1801 1353 significationi
1821 1309 1958 1340 maxime

165 1381 259 1418 optus
289 1381 346 1408 est.
398 1378 480 1408 Voci
505 1392 548 1415 ψ,
577 1382 632 1407 aut
658 1377 921 1418 significationem
955 1375 1114 1405 delinitam
1151 1380 1207 1405 aut
1242 1375 1434 1406 indefinitam
1470 1375 1591 1415 (conf.
1624 1373 1682 1406 Gr.
1710 1374 1765 1404 Ar.
1794 1373 1830 1402 T.
1860 1373 1898 1402 11.
1925 1381 1956 1411 p.

166 1439 267 1480 360.)
295 1440 387 1469 tribui
413 1449 521 1479 posse,
550 1439 740 1468 scholiastes
768 1439 851 1468 dicit.
894 1438 986 1476 Quod
1014 1438 1041 1467 si
1063 1437 1256 1469 indefinitum
1279 1443 1421 1478 putatur,
1449 1439 1583 1468 verbum
1598 1437 1658 1485 L5:il
1679 1437 1783 1466 locum
1810 1435 1957 1466 adiectivi

166 1512 239 1532 cum
263 1510 346 1531 voce
373 1516 415 1539 ς).
441 1501 653 1542 coniungendi
681 1506 779 1541 tenet,
807 1501 897 1540 quasi
925 1500 1042 1530 dixerit
1063 1494 1212 1546 5300.)ss
1227 1496 1275 1540 ἆῤ
1305 1500 1443 1540 (primus
1470 1509 1572 1540 eques
1600 1499 1773 1540 veniens)3
1799 1498 1849 1528 sin
1875 1505 1955 1528 vero

165 1563 336 1604 definitum,
362 1562 446 1593 idern
471 1568 533 1598 est,
561 1572 598 1593 ac
625 1562 652 1592 si
680 1561 814 1592 dixerit:
843 1559 937 1607 &3⁸53
964 1558 1012 1601 439
1042 1562 1180 1602 (primus
1207 1563 1435 1602 venientium).
1474 1562 1546 1592 Hoc
1572 1561 1714 1592 admisso
1741 1561 1843 1591 verba
1866 1558 1960 1600 350-

166 1631 239 1658 sunt
265 1636 320 1667 pro
347 1625 384 1667 gl
409 1619 522 1666 ὀιζυῖ,
550 1626 581 1656 id
607 1625 689 1666 quod
717 1626 911 1667 grammatici
939 1624 1000 1654 'sclao
1025 1626 1187 1665 appellant
1212 1623 1331 1665 (conf.
1361 1623 1472 1655 Gram.
1500 1624 1556 1654 Ar.
1584 1624 1621 1654 T.
1650 1624 1688 1653 11.
1717 1633 1748 1663 p.
1775 1619 1885 1665 261),
1913 1621 1958 1651 ita

167 1692 284 1728 tamen,
311 1692 345 1717 ut
370 1696 436 1717 vox
455 1702 498 1726 ς).
519 1697 649 1718 sensum
675 1688 874 1718 collectivum
903 1689 1027 1719 habeat.
1077 1687 1157 1718 Sive
1186 1697 1277 1718 unum
1304 1687 1377 1717 sive
1397 1687 1531 1717 alterum
1550 1687 1676 1724 dicitur,
1703 1696 1769 1716 vox
1791 1682 1838 1725 59
1857 1689 1958 1719 statui

167 1748 336 1779 verborum
363 1751 453 1796 ἐπι-ἐζ
481 1754 514 1780 et
537 1750 603 1783 sk>
628 1750 836 1780 describendo
863 1751 1022 1781 inservire
1039 1754 1154 1791 potest.
1207 1750 1365 1791 Equidem
1389 1759 1469 1780 vero
1486 1759 1552 1780 cum
1571 1749 1670 1779 verbo
1691 1749 1789 1788 primo
1808 1753 1959 1787 tanquam

168 1813 337 1852 praecipuo
365 1822 478 1843 vocem
506 1814 756 1854 coniungendam
784 1819 872 1854 puto.
902 1815 1043 1845 Similem
1070 1823 1199 1845 sensum
1227 1823 1346 1844 versus
1373 1823 1403 1853 p.
1430 1813 1448 1843 ¹²
1477 1813 1581 1843 offert.

167 1922 200 1951 5.
224 1921 264 1950 ld
282 1918 440 1962 (bellum)
462 1931 524 1950 non
548 1926 771 1960 commorera!;
792 1923 850 1951 sed
869 1925 936 1952 eires
959 1925 1081 1952 amicus
1104 1924 1138 1951 id
1157 1926 1383 1953 commoret-al:
1412 1925 1447 1951 at
1473 1932 1545 1950 vero
1575 1921 1722 1950 solale'nm
1754 1920 1803 1948 illi
1831 1918 1954 1955 adtulit,

688 1980 724 2006 ul
745 1979 812 2006 eius
834 1979 938 2005 instar
960 1981 1051 2013 esset,
1074 1979 1129 2015 qui
1150 1977 1183 2005 id
1203 1977 1427 2005 commovisset.

268 2045 488 2076 Constantiam
516 2046 616 2076 occisi
643 2046 672 2075 in
699 2046 836 2076 amicitia
863 2045 993 2076 laudans
1021 2045 1115 2087 dicit,
1144 2054 1232 2085 eum,
1261 2034 1330 2075 'etsi
1356 2049 1467 2075 auctor
1494 2044 1567 2073 belli
1594 2053 1655 2074 non
1683 2044 1820 2086 fuisset,
1855 2044 1956 2074 amico

170 2108 319 2138 auxilium
345 2107 464 2138 tulisse.
516 2108 641 2138 Arabes
669 2108 798 2149 dicunt,
836 2109 969 2138 amicum
998 2118 1017 2138 a
1049 2108 1140 2137 nobis
1173 2117 1297 2138 summo
1335 2117 1405 2137 cum
1439 2107 1579 2147 periculo
1615 2107 1846 2138 defendendum
1881 2116 1957 2137 esse

171 2171 254 2202 conf.
281 2171 379 2202 Meid.
396 2171 433 2201 C.
463 2171 495 2208 6,
523 2171 653 2201 61.86.
706 2172 848 2202 Verbum
875 2177 947 2212 5³2>
975 2169 1014 2200 de
1040 2170 1155 2210 fructu,
1183 2180 1277 2210 quem
1305 2170 1374 2209 quis
1399 2171 1499 2209 carpit
1526 2174 1559 2199 et
1585 2169 1625 2199 ‹le
1652 2179 1686 2198 re
1713 2169 1839 2208 iniusta,
1866 2178 1956 2208 quam

170 2234 238 2274 quis
265 2234 401 2274 peragit,
428 2233 604 2264 adhibetur.
655 2234 742 2264 Fieri
770 2238 890 2274 potest,
918 2237 953 2263 ut
979 2232 1061 2262 duae
1087 2232 1161 2262 illae
1189 2231 1443 2273 significationes
1463 2233 1506 2262 ita
1525 2233 1587 2262 sint
1605 2232 1802 2268 coniunctae,
1830 2235 1873 2268 ut,
1902 2230 1954 2269 qui

171 2296 308 2327 fructum
338 2296 440 2325 arbori
468 2295 570 2336 eripit,
598 2295 714 2326 iniuste
742 2306 822 2337 erga
848 2305 917 2326 eam
945 2305 1044 2337 agere
1071 2299 1207 2334 putetur,
1235 2294 1314 2325 Cum
1333 2295 1414 2325 bello
1433 2295 1564 2334 saepius
1582 2295 1715 2324 verbum
1742 2294 1956 2332 coniungitur,

171 2358 287 2398 quippe
314 2357 395 2396 quod
421 2357 586 2394 iniustitia,
614 2366 708 2396 quum
735 2357 774 2386 ab
802 2367 863 2387 una
889 2362 979 2396 parte
1004 2357 1093 2387 alteri
1119 2356 1238 2386 illatum
1266 2356 1320 2396 sit,
1346 2356 1513 2386 habeatur.
1554 2356 1588 2385 ln
1615 2364 1712 2384 versu
1730 2353 1826 2394 igitur
1844 2357 1955 2382 nostro
1980 2356 1983 2358 “

172 2429 238 2450 vox
271 2416 357 2458 [με
393 2423 443 2448 est
474 2407 645 2462 pron-³535
671 2417 769 2455 &ql-122,-
794 2427 864 2464 σε,
896 2419 986 2457 (belli
1020 2419 1203 2449 iniustitiam
1242 2419 1365 2458 intulit)
1402 2417 1507 2448 conf.
1535 2418 1628 2447 llam.
1656 2426 1685 2455 p.
1714 2414 1766 2445 rft.
1825 2415 1954 2445 Versus

173 2479 402 2520 quodammodo
429 2489 499 2510 cum
525 2489 625 2509 versu
637 2479 730 2509 Ham.
745 2490 775 2520 p.
788 2490 820 2509 on
833 2490 864 2509 v.
878 2479 910 2510 3.
938 2489 1034 2510 sensu
1063 2481 1232 2509 consentit.
1259 2480 1401 2509 Verbum
1415 2477 1493 2518 25³⁸*
1509 2483 1563 2507 aut
1578 2487 1634 2516 pro
1660 2475 1762 2516 &exet
1791 2476 1955 2515 (auxilium

172 2541 349 2582 praestitit)
375 2541 509 2572 dialecto
536 2541 660 2581 Hidjasi
685 2543 842 2580 propriam
868 2551 983 2571 vocem
1011 2550 1087 2571 esse
1114 2544 1168 2572 aut
1194 2550 1213 2570 a
1238 2540 1361 2569 nomine
1389 2537 1443 2568 sbi
1471 2538 1751 2578 (instrumentum)
1779 2537 1954 2567 derivatum

173 2611 319 2642 parare
344 2603 626 2634 instrumenta
652 2602 836 2644 significare
861 2602 978 2632 dicunt.

1677 2663 1697 2692 7
