2155 2892
899 122 1169 153 2468—

150 232 234 263 haud
268 231 456 261 inconsueto
483 228 564 258 inter
598 236 645 263 se,
672 225 768 256 filium
805 225 962 264 filiamque
988 226 1088 264 ipsum
1116 224 1306 255 comitantes
1338 221 1528 262 instituisse,
1556 221 1600 252 ita
1625 225 1661 251 ut
1685 226 1775 261 pater
1802 231 1929 253 versum

151 298 366 335 componeret,
393 297 458 322 tum
486 291 568 322 filius
594 295 626 320 et
654 290 719 319 filia
745 293 916 328 sequentes
942 288 1093 318 dicerent.
1121 287 1244 317 Patrem
1271 287 1321 316 sic
1340 285 1497 324 incepisse
1524 283 1802 323 (metr.'rhawil):
1832 283 1927 314 Rem

152 357 437 391 necessariam
476 353 755 395 perfecerant
780 361 799 382 a
828 352 920 381 loco
960 348 1215 380 Dair-Sahd
1255 348 1473 388 profectae
1506 351 1549 377 et
1580 346 1651 376 diu
1678 351 1791 388 erat,
1818 346 1927 386 quod

151 419 466 462 propositum
512 419 830 457 sequerentur,
876 412 988 453 quod
1034 411 1203 442 craniis
1255 410 1463 449 petebant
1486 409 1512 448 Ι)
1555 414 1622 439 tum
1656 408 1750 438 filium
1783 407 1928 437 dixisse:

150 486 268 515 Mane
301 482 339 512 in
373 480 551 511 deserto
577 478 865 509 versabantur
900 475 1023 505 viros
1051 478 1281 513 portantes
1322 473 1474 502 ebrios
1516 476 1729 502 nocturno
1763 470 1927 500 itinere

152 548 263 585 (Ham.
278 554 369 574 wxov.
385 544 449 583 4.),
469 547 511 572 ut
535 544 650 572 vitta
677 540 840 580 capitis
868 537 1159 568 inclinaretur
1186 540 1218 565 et
1248 534 1382 574 denique
1407 534 1498 565 filiam
1517 534 1647 564 dixisse:
1675 533 1808 571 Quasi
1828 542 1930 564 som-

152 608 341 639 nolentia
367 604 581 636 bibendum
609 603 672 632 eis
702 601 899 632 dedisset
928 600 1064 629 vinum
1092 596 1410 632 lociZarchad‚
1438 597 1583 627 vinum
1611 598 1794 635 rubrum,
1821 595 1929 635 quod

152 673 315 703 dorsum
357 669 584 709 pedesque
627 668 808 703 occupat.
874 663 946 692 Hoc
971 671 1072 690 versu
1098 660 1205 690 audito
1232 660 1329 689 filiam
1356 659 1460 689 vinum
1486 660 1604 690 bibisse
1630 665 1721 699 pater
1747 664 1864 699 putans
1899 664 1932 688 et

151 733 316 774 sequentia
351 732 450 762 verba
484 734 584 760 metro
612 727 732 766 Redjes
768 725 898 757 dicens:
938 724 1000 754 Per
1026 718 1146 753 Deum!
1175 722 1256 762 quod
1284 722 1428 761 (vinum)
1455 721 1502 751 sic
1527 721 1735 762 descripsisti,
1762 726 1814 762 ut,
1842 726 1874 751 te
1902 720 1932 751 id

149 799 278 834 bibisse,
305 795 479 834 adpareat«
509 801 578 821 eam
606 788 799 819 verberavit.
823 787 895 825 Qua
924 786 962 816 de
991 795 1092 816 causa
1121 785 1204 815 filius
1231 785 1332 814 iratus
1359 788 1482 823 patrem
1509 784 1632 825 sagitta
1659 784 1770 823 petivit
1796 788 1828 814 et
1854 785 1929 814 vul-

152 865 295 890 neratum
331 857 512 896 relinquens
550 861 693 883 sororem
730 850 872 880 abduxit.
938 848 1034 878 Pater
1070 852 1134 879 tum
1172 851 1350 887 sequentes
1389 856 1507 876 versus
1534 846 1656 878 dixisse
1682 848 1783 878 fertur
1820 849 1928 887 (metr.

152 920 312 961 Redjes):
340 917 444 948 Filii
469 915 544 946 mei
570 913 785 955 sanguine
812 921 874 942 me
900 910 1162 941 infecerunt.
1190 908 1371 938 Indoles
1401 911 1491 946 est,
1519 916 1635 948 quam
1661 910 1929 940 eerh‘samo

152 984 262 1014 novi.
317 980 392 1019 Qui
431 977 625 1009 strenuis
663 976 772 1005 viris
810 975 1021 1010 occurrit,
1057 969 1385 1010 vulneratur2).
1435 971 1523 1002 Idem
1550 968 1800 1003 Ahbd—Rabffim
1827 974 1932 1005 dictus

151 1046 345 1076 Achsamum
373 1041 483 1072 cameli
509 1037 705 1074 admissarii,
740 1046 758 1066 e
784 1045 844 1075 quo
871 1034 982 1065 cameli
1009 1034 1160 1074 originem
1187 1033 1347 1074 duxerint,
1374 1040 1486 1064 nornen
1513 1034 1614 1064 fuisse
1639 1035 1730 1075 dixit,
1757 1041 1931 1075 sequentes

151 1115 268 1136 versus
297 1103 389 1134 metri
422 1101 545 1141 Redjes
579 1099 749 1130 adnotans:
780 1097 865 1127 Sed
898 1105 973 1136 per
1012 1095 1218 1126 dominum
1257 1096 1412 1136 templi
1452 1097 1649 1128 Meccaui
1683 1104 1704 1128 a
1743 1098 1931 1130 custode

150 1166 384 1200 custoditi!
431 1165 480 1196 Si
512 1163 730 1202 vidisses,
766 1161 856 1191 dum
894 1161 1088 1201 paralysi
1125 1160 1328 1191 adfectus
1369 1169 1443 1191 non
1477 1166 1594 1201 erat«,
1629 1161 1772 1201 pedem
1804 1170 1929 1194 meum

150 1236 360 1270 tempore,
402 1235 483 1267 quo
528 1225 618 1256 dies
653 1223 762 1264 apud
798 1232 857 1253 me
895 1222 1229 1253 benefacientes
1266 1227 1416 1263 eraut,
1456 1227 1501 1253 tu
1546 1224 1683 1253 virum
1731 1222 1928 1254 vidisses

150 1295 454 1332 possessorem
481 1285 836 1325 Schiuschinahi,
864 1285 929 1325 qui
955 1284 1126 1316 oculum
1151 1285 1324 1325 puellae
1352 1284 1612 1316 fascinantis
1639 1285 1928 1317 admiratione

151 1353 438 1386 adficiebat.

970 1480 1115 1524 xxv.

654 1559 743 1595 Vin·
765 1569 792 1594 e
822 1561 965 1602 gente
987 1557 1115 1594 'l'hai
1139 1561 1274 1593 ortus
1297 1554 1433 1592 dixit.

151 1635 181 1665 1.
229 1633 313 1668 Viro,
338 1634 393 1672 qui
413 1634 486 1662 ante
504 1634 628 1668 yenlem
653 1625 812 1659 Koraisch
834 1632 945 1666 yultur
968 1631 1093 1667 sayitlis
1113 1631 1257 1667 porrigit,
1277 1628 1476 1666 prudentiam
1500 1636 1563 1657 non
1585 1637 1653 1657 esse
1673 1631 1757 1666 puto.

152 1699 214 1739 (p.
228 1697 351 1739 6:12.)
428 1699 651 1731 Koraischitae
687 1708 777 1738 quum
804 1698 874 1728 aliis
902 1697 1069 1728 clientelae
1106 1697 1212 1727 officia
1241 1696 1325 1727 haud
1351 1701 1527 1738 praestent,
1554 1707 1626 1728 eum
1653 1697 1737 1728 haud
1763 1698 1933 1739 prudenter

153 1776 262 1807 agere,
291 1766 343 1805 qui
369 1774 425 1805 pro
453 1764 489 1794 iis
516 1762 626 1793 mortis
655 1762 793 1801 periculo
815 1770 852 1789 se
868 1764 1020 1800 exponat,
1035 1759 1122 1793 dicit.
1151 1759 1350 1789 Scholiastes
1368 1769 1483 1790 vocem
1510 1758 1572 1806 εἴ),
1601 1760 1756 1801 duplicem
1785 1766 1816 1792 et
1840 1761 1933 1792 vocis

150 1834 250 1859 ante
277 1832 310 1858 et
347 1830 448 1867 post
474 1825 738 1866 significationem
766 1823 884 1853 habere
909 1822 1083 1853 adnotavit.
1148 1821 1242 1860 Quod
1268 1824 1416 1862 priorem,
1444 1832 1525 1862 quae
1552 1826 1654 1854 rarior
1680 1823 1740 1862 sit,
1766 1823 1933 1865 significa-

151 1892 265 1920 tionem
291 1889 486 1930 praetulerit,
513 1888 606 1918 huius
633 1887 677 1916 rei
705 1895 833 1916 causam
860 1885 890 1915 in
919 1894 957 1915 eo
981 1885 1087 1923 video,
1115 1884 1220 1925 quod,
1248 1884 1298 1923 qui
1325 1889 1399 1915 ante
1424 1884 1558 1915 alterum
1584 1889 1718 1926 pugnat,
1745 1885 1830 1916 hunc
1857 1894 1933 1915 cor-

150 1961 226 1991 pore
260 1961 319 1982 suo
353 1950 519 1989 defendit3
555 1949 753 1980 nihilominus
790 1957 868 1978 vero
896 1949 995 1977 altera
1027 1946 1221 1988 significatio
1248 1946 1308 1977 hoc
1334 1947 1365 1978 in
1402 1952 1500 1978 versu
1534 1947 1616 1977 bona
1641 1946 1788 1987 videtur,
1816 1947 1932 1987 quippe

152 2013 203 2053 qui
229 2013 360 2043 alterum
387 2013 417 2042 in
443 2013 526 2043 bello
555 2016 718 2051 sequatur,
734 2020 805 2041 cum
832 2019 871 2039 eo
898 2014 963 2040 stet
986 2015 1020 2041 et
1045 2018 1102 2049 pro
1132 2018 1170 2039 eo
1197 2013 1328 2050 pugnet.
1355 2010 1388 2039 ln
1408 2007 1568 2040 Mersuk'ii
1585 2010 1695 2040 codice
1722 2010 1840 2052 legitur
1864 2010 1932 2056 Ol„

153 2079 186 2106 ut
211 2080 344 2106 metrum
371 2075 458 2106 initio
486 2084 603 2105 versus
629 2076 786 2115 integrum
813 2072 856 2102 sit
882 2072 995 2103 conf.
1026 2072 1233 2113 Darstellung
1256 2071 1286 2102 d.
1314 2072 1410 2102 Arab.
1438 2072 1557 2102 Versk.
1585 2082 1614 2111 p.
1645 2072 1709 2103 171
1739 2078 1806 2113 sqq.

152 2174 185 2202 2.
228 2172 344 2202 Mundi
371 2182 444 2210 opes
466 2172 543 2200 milli
563 2173 748 2209 vituperant,
773 2171 847 2199 dum
870 2178 925 2198 eas
947 2171 1008 2198 iam
1032 2168 1248 2206 abstulerunt5
1265 2167 1324 2196 sed
1339 2169 1459 2205 petenti
1478 2177 1542 2196 rem
1563 2170 1722 2198 minimam
1739 2171 1772 2198 in
1791 2178 1826 2198 eo
1846 2168 1934 2198 haud

940 2223 1143 2263 reliquerunt.

267 2295 486 2326 Koraischitas
513 2300 658 2333 tanquam
689 2293 844 2324 commodi
870 2294 921 2323 sui
949 2292 1223 2332 studiosissimos,
1252 2297 1286 2322 ut
1312 2289 1382 2321 aliis
1409 2289 1449 2318 nil
1477 2289 1562 2328 boni,
1590 2299 1650 2330 quo
1679 2291 1850 2331 potiantur,
1877 2298 1931 2318 re-

150 2358 299 2399 linquant,
320 2363 352 2388 et
378 2358 471 2397 alios,
492 2357 610 2388 divitiis
639 2355 836 2395 acquirendis
865 2365 993 2395 operam
1022 2356 1146 2396 dantes,
1173 2355 1365 2394 vituperent,
1381 2353 1543 2383 describit.
1567 2353 1778 2390 Scholiastes,
1798 2360 1815 2380 a
1836 2355 1932 2390 poeta

172 2491 272 2522 l)1.e.
292 2492 351 2515 Diu
372 2492 404 2515 in
425 2492 562 2516 itinere
582 2492 738 2521 fuerant,
758 2491 826 2514 dum
846 2492 955 2520 caput
975 2491 1159 2512 moventes
1179 2487 1315 2517 locum,
1334 2493 1399 2517 quo
1419 2487 1624 2514 tendebant,
1643 2483 1806 2513 orantis,
1825 2486 1930 2514 caput

226 2537 256 2560 in
276 2538 386 2560 eundo
405 2541 615 2565 moventes,
634 2536 739 2567 quasi
757 2534 1033 2567 percutiebant.

169 2581 202 2612 2)
220 2583 322 2607 Cous.
342 2583 419 2608 Meid.
439 2583 469 2608 C.
488 2584 533 2614 24,
552 2584 614 2608 833.
