2155 2892
899 147 1163 177 -580—

136 250 170 279 in
213 249 364 288 opibus
403 247 554 286 plures
602 246 696 276 vias
736 245 870 276 videt.
935 246 1058 275 Noster
1083 255 1235 276 vasorum
1264 246 1454 276 mentionem
1484 246 1573 286 fecit,
1601 247 1684 286 quod
1711 248 1740 278 in
1767 249 1805 279 iis
1832 250 1924 280 cibus

136 310 315 350 adponitur.

137 409 168 436 2.
213 407 299 436 Num
323 416 371 435 me
392 406 533 440 derides,
567 406 651 444 quod
671 407 802 442 pinyuis
827 415 860 434 es
883 409 913 434 et
935 407 1018 444 quod
1038 408 1070 434 in
1089 407 1176 443 facie
1198 416 1266 435 mea
1288 409 1418 435 maciem
1442 409 1540 446 oflicii
1568 409 1732 446 conspicis,
1757 417 1829 437 nam
1851 410 1925 448 offi-

906 463 987 489 cium
1016 458 1160 498 (alfii-qil?

247 529 411 567 Quendam
439 530 542 569 ipsum
571 529 766 559 deridentem
795 530 833 559 ob
862 529 1074 559 conditionem
1103 540 1195 559 suam
1223 530 1402 570 alloquitur,
1430 529 1501 559 sive
1528 539 1563 560 re
1591 541 1669 560 vera
1693 540 1745 560 res
1773 530 1855 561 facta
1882 534 1925 561 sit

133 594 204 623 sive
233 602 299 622 rem
327 592 440 622 factam
468 601 556 633 esse>
584 592 722 621 tinxerit.
751 593 839 622 Viris
868 592 987 622 macies
1017 592 1098 622 laudi
1127 598 1205 629 erat,
1234 601 1353 629 corpus
1383 601 1528 621 crassum
1555 592 1631 622 vitio
1660 594 1751 624 Ham.
1770 595 1810 622 ἿΓἹ
1839 603 1871 624 V.
1891 593 1924 624 3.

131 655 175 685 ‘tf'
204 666 235 684 ν.
264 657 296 685 4.
350 656 486 685 Maciem
517 655 611 685 officii
638 655 728 691 dixit,
757 655 839 694 quod
867 655 896 683 in
923 655 1026 684 officio
1055 655 1124 684 eius
1153 664 1253 684 causa
1280 659 1358 684 erat.
1410 655 1488 683 'rum
1515 663 1638 693 quoque
1668 656 1809 685 officium
1829 655 1925 685 adfli-

133 727 209 759 gere
239 717 318 748 dixit
345 717 462 755 officia,
493 727 574 756 quae
601 716 794 756 praestanda
820 720 943 756 essent,
971 716 1224 757 significaturuS,
1253 717 1344 756 quasi
1371 716 1505 748 dixerit:
1533 714 1638 753 Qff‘kss-
1666 707 1761 754 glo-gb
1789 715 1887 764 &2⁵³5-

131 815 163 843 3.
209 814 332 851 Corpus
355 824 456 842 meum
479 815 511 841 in
534 813 633 841 mulla
656 823 788 850 corpora
811 814 911 841 divido
936 816 966 841 et
984 823 1098 850 puram
1122 823 1236 851 aquam
1257 814 1375 848 sorbeo,
1401 814 1473 842 dum
1497 824 1580 851 aqua
1602 814 1723 852 friqida
1745 818 1800 843 est.

231 883 360 913 Modum
388 883 503 923 agendi
530 892 622 912 suum
649 882 810 912 describit.
864 882 989 919 Cibum,
1017 883 1068 922 qui
1100 884 1224 922 corpori
1252 893 1311 912 sno
1339 883 1453 912 alendo
1481 884 1663 921 conveniat,
1694 893 1731 914 se
1759 884 1789 913 in
1818 884 1924 924 plures

132 952 240 987 partes
268 947 422 986 dividere,
453 955 514 986 quo
544 946 652 984 plures
681 946 803 975 alantur
830 951 861 975 et
888 947 970 975 lacte
998 948 1122 975 omnino
1150 946 1311 975 abstinere
1345 946 1424 984 pura
1451 946 1535 985 aqua
1563 950 1754 985 contentum,
1785 951 1820 976 ut
1855 947 1922 977 aliis

133 1009 221 1047 potui
251 1008 416 1038 inserviat.
470 1008 571 1045 Sunt,
599 1007 650 1046 qui
678 1011 807 1045 putent,
835 1017 945 1046 aquam
974 1007 1116 1046 frigidam
1145 1012 1286 1046 tempore
1313 1008 1426 1037 hiemis
1454 1009 1492 1038 ab
1520 1008 1675 1038 emaciato
1703 1009 1807 1050 magis
1834 1018 1925 1048 quam

133 1082 150 1101 a
178 1072 286 1112 pingui
313 1071 432 1101 sentiri.
472 1070 533 1100 Rei
561 1071 741 1109 probandae
768 1079 865 1100 causa
893 1079 1023 1099 versum
1047 1075 1235 1108 sequentem
1255 1070 1455 1100 adduxerunt
1483 1070 1591 1107 (metr.
1607 1069 1750 1109 Chafiffl:
1778 1071 1925 1109 Aquam

134 1130 320 1176 (camela)
355 1138 565 1163 aversata
592 1138 658 1163 est
685 1138 869 1172 tempore
896 1132 1063 1170 hiemis,
1103 1135 1142 1161 et
1169 1131 1223 1169 (ei
1249 1131 1370 1169 dixi):
1418 1131 1475 1160 Ad
1503 1141 1588 1161 eam
1617 1127 1801 1162 accede!
1829 1142 1925 1163 nam

134 1196 310 1226 calidam
349 1196 572 1236 invenies,
613 1204 726 1234 quam
762 1195 973 1235 frigidam
999 1194 1214 1224 invenisti
1242 1191 1351 1237 (quum
1380 1193 1503 1233 pinguis
1523 1194 1606 1224 sacta
1623 1191 1696 1236 sis).
1724 1194 1926 1225 Scholiastes

133 1262 261 1297 poetam
288 1267 389 1298 aquae
419 1257 537 1300 frigore
566 1257 697 1287 maciem
725 1256 875 1295 indicare,
903 1267 944 1287 ex
971 1258 1070 1287 verbo
1098 1255 1167 1304 &pi
1199 1267 1291 1287 »num
1319 1256 1446 1287 derides
1459 1253 1497 1286 ’ἔα
1529 1257 1681 1298 cognosci
1709 1260 1807 1298 putat,
1835 1257 1926 1287 cuius

134 1323 241 1349 autem
267 1319 313 1349 rei
341 1324 509 1361 urgentem
537 1329 667 1350 causam
695 1329 757 1349 non
786 1319 889 1350 viden.

977 1441 1089 1475 Lm.

883 1508 1025 1542 Alius
1048 1507 1184 1541 «flixit.

137 1581 164 1608 1.
210 1580 359 1609 Homines
390 1584 418 1609 le
447 1580 707 1618 maqm'ficdrunt,
740 1588 835 1617 quum
865 1579 952 1606 ‹lit-es
976 1580 1085 1616 saclas
1114 1587 1214 1612 esses,
1247 1586 1318 1605 nam
1341 1577 1442 1605 omnis
1466 1575 1551 1604 dives
1573 1576 1605 1603 in
1629 1575 1742 1602 animis
1764 1574 1927 1611 maqm'fa-

921 1633 1052 1661 ciemlus
1081 1635 1138 1660 est.

245 1703 332 1732 Loco
359 1703 450 1732 vocis
478 1700 580 1745 ψ)λὲἂὶ
610 1703 639 1731 in
666 1702 825 1732 Mersukii
853 1701 961 1731 codice
989 1698 1106 1745 &35:255
1135 1698 1179 1741 (in
1208 1696 1325 1741 oculis)
1354 1699 1483 1739 legitur,
1511 1699 1562 1737 qui
1589 1698 1715 1739 legendi
1744 1697 1855 1727 modus
1888 1696 1927 1727 ad

133 1773 264 1794 sensum
291 1765 394 1803 aptior
420 1764 556 1794 videtur.
610 1765 641 1793 ln
671 1764 829 1803 proverbii
859 1763 1122 1793 consuetudinem
1152 1763 1239 1791 venit
1266 1761 1385 1802 dicere,
1413 1761 1545 1791 divitem
1575 1760 1710 1790 familiae
1737 1760 1926 1790 honoratum

133 1836 210 1856 esse
238 1826 335 1856 Meid.
368 1827 397 1866 1,
430 1826 507 1856 168.
536 1827 594 1866 24,
624 1826 706 1857 529.

136 1925 168 1952 2.
214 1924 350 1952 Dii-filiae
371 1926 474 1952 malem
498 1933 532 1951 re
551 1933 624 1951 vera
647 1924 772 1951 ‹liz-iliae
791 1924 953 1960 putandae
974 1932 1035 1950 mm
1054 1925 1137 1955 sunl,
1155 1923 1220 1950 nisi
1240 1921 1352 1960 quibus
1373 1922 1421 1948 vir
1442 1920 1584 1957 vespera,
1605 1919 1669 1958 qud
1691 1919 1843 1954 hospitem
1865 1927 1927 1947 ea:-

560 1978 634 2013 cipil
655 1979 711 2004 cml
732 1977 884 2005 matutino
904 1979 1053 2013 tempore,
1076 1985 1136 2013 qno
1160 1975 1241 2002 dona
1264 1975 1326 2009 dat,
1352 1976 1494 2002 ornalur.

234 2045 293 2075 Co
310 2045 363 2075 nf.
393 2045 488 2075 Meid.
518 2045 555 2075 C.
585 2045 642 2082 24,
670 2045 751 2075 271.
782 2046 861 2075 4⁷8.
890 2045 1049 2075 Versibus
1077 2043 1150 2073 mihi
1181 2043 1286 2082 potius
1315 2043 1578 2081 vituperationem
1594 2050 1684 2080 quam
1704 2039 1828 2069 laudem
1848 2048 1928 2069 con-

136 2107 226 2138 tineri
253 2106 414 2146 videntur,
434 2112 468 2136 ut
495 2109 576 2136 inter
605 2112 733 2147 satyras
762 2108 865 2137 locum
893 2108 1011 2136 habere
1030 2108 1166 2145 possint.
1198 2105 1322 2145 Virum,
1348 2114 1440 2144 quem
1468 2105 1571 2144 priore
1598 2111 1697 2132 versu
1725 2101 1763 2131 ab
1791 2100 1927 2130 homini-

135 2171 193 2200 bus
221 2169 340 2199 honore
370 2170 474 2199 ornari
503 2170 637 2209 dixerat,
666 2178 698 2198 re
725 2179 805 2199 vera
831 2169 955 2198 laudem
986 2178 1047 2197 non
1075 2168 1209 2205 mereri,
1238 2167 1353 2207 quippe
1381 2176 1460 2205 opes
1484 2165 1661 2204 acquisitae
1690 2164 1719 2192 in
1748 2172 1840 2193 usum
1867 2161 1927 2190 ho-

136 2231 317 2270 spitalitatis
344 2235 397 2260 aut
425 2230 526 2260 laudis
557 2230 639 2259 haud
676 2230 892 2260 adhibeantur.
953 2230 1153 2260 Scholiastes
1195 2228 1277 2258 dona
1305 2227 1456 2257 matutino
1485 2232 1628 2265 tempore
1654 2224 1782 2255 abeunti
1809 2222 1927 2262 hospiti

136 2293 211 2323 data
237 2294 392 2334 intelligit.
446 2294 573 2324 Versus
599 2297 701 2323 autem
730 2299 846 2332 poetae
872 2290 1162 2332 Abu-l’Ahtahijah
1190 2292 1415 2330 cognomiuaw
1443 2289 1671 2319 adscribuntur-

977 2413 1094 2445 mv.

544 2479 881 2513 Almotsallem
907 2479 945 2511 Ι).
972 2477 1131 2519 ΕἱῇειΙι
1155 2477 1367 2511 Mon-rita
1391 2474 1528 2508 «lixit.

889 2538 988 2576 (con
1002 2537 1022 2567 f.
1051 2547 1080 2575 p.
1109 2538 1177 2575 ΙΛῚ.)

237 2614 382 2644 Dihbilus
411 2623 528 2645 versus
555 2614 715 2645 Sohabibo
742 2613 770 2643 b.
798 2615 940 2643 Albai-za
967 2611 1127 2642 adscribit.
