2155 2892
899 148 1167 180 —321—

138 248 169 277 6.
226 247 266 276 In
293 256 356 285 qua
383 244 539 287 [sedens]
571 250 671 276 cerlo!
701 248 811 274 itinere
839 255 907 274 enm
932 246 1059 274 camelis
1081 244 1184 280 lonyie
1207 244 1296 272 cottia
1315 246 1475 280 praeditis.
1501 248 1555 283 qni
1576 246 1705 273 naribus
1724 246 1842 274 annulo
1864 247 1917 273 in-

301 305 429 330 structis
448 302 543 340 flant,
561 304 608 329 cir
626 309 739 337 parum
762 302 795 327 m
819 302 930 327 itinere
952 300 1117 327 ‹tea-erlem
1138 302 1269 326 nuumte
1292 301 1424 331 stulard,
1442 299 1605 328 „laudibus
1621 309 1742 328 carena.

247 370 292 400 Se
329 373 359 400 in
392 371 454 399 isto
482 371 592 400 itinere
621 368 659 398 ad
687 368 832 398 seminam
857 369 894 398 ab
922 369 990 407 ipso
1018 372 1151 397 ammam
1179 366 1321 396 faciendo
1350 373 1529 397 versantem
1557 369 1719 398 describit.
1773 369 1916 399 Festinat

136 434 165 463 in
192 434 317 471 itinere,
345 438 376 464 ut
403 433 542 463 camelus
570 440 639 461 cum
666 430 734 461 aliis
764 430 891 460 incessu
911 437 1036 460 certare
1057 430 1212 463 videatur.
1267 430 1312 460 llli
1333 430 1440 460 carneli
1468 430 1687 460 describuntur
1707 432 1794 462 collis
1813 433 1915 472 longis

137 496 280 537 praediti.
345 497 488 536 Longum
524 494 637 524 collum
675 494 902 535 generositatis
939 494 1081 523 indicium
1120 497 1171 522 est
1206 490 1323 533 (cons.
1353 493 1440 522 Caab
1468 493 1495 522 b.
1523 493 1637 522 Soliair
1665 504 1695 523 v.
1728 495 1781 531 ts,
1809 494 1914 524 Τρωΐ.

135 560 244 589 Moall.
271 569 303 588 v.
331 555 413 600 28.)
458 557 498 587 Ut
525 563 630 586 autem
657 557 724 586 illos
753 557 889 586 camelos
917 556 1040 585 alacres
1068 564 1144 584 osse
1171 555 1331 595 ostendat,
1359 564 1416 584 eos
1444 556 1571 584 naribus
1608 557 1720 586 slantes
1756 557 1914 588 describit.

134 621 274 651 Camelis
302 630 356 660 per
383 629 476 649 nares
507 619 653 659 annulus.
683 621 735 658 qui
762 618 850 648 lrcuo
878 617 1090 657 inserviebat,
1128 617 1322 646 trahebatur.
1390 616 1450 654 Qui
1477 618 1504 646 si
1531 628 1605 647 aere
1633 618 1717 647 slavo
1744 618 1834 662 (520)
1862 627 1917 650 aut

134 692 209 712 aere
237 679 362 723 (ΨΒ)
389 681 555 711 consectus
583 686 674 718 erat,
703 686 760 725 δὲ),
788 680 815 709 si
843 680 980 710 crinibus
1007 678 1114 726 bip,
1143 679 1191 708 sin
1220 688 1296 708 vero
1323 678 1407 719 ligno
1435 676 1558 715 datm>
1597 681 1823 719 appellabatur.
1883 683 1916 712 ln

134 744 312 783 posteriore
339 753 453 774 versus
481 747 569 783 parte
597 753 635 772 se
660 743 762 782 ipsum
789 742 949 772 describit.
983 742 1017 770 ln
1035 740 1203 770 verborum
1218 729 1409 778 „aigle-‚ffel
1437 740 1668 781 significatione
1697 743 1917 773 constituenda

134 805 270 845 priorum
296 806 466 835 verborum
492 802 582 852 ,jv-:dl
609 803 682 844 ,μῦ
711 805 788 835 ratio
814 803 956 834 habenda
983 808 1040 833 est.
1108 802 1211 841 Quum
1246 804 1284 832 ob
1313 803 1547 833 festinationem
1576 813 1683 842 parum
1711 809 1831 834 tantum
1859 805 1918 835 de-

133 874 294 908 verteret,
333 880 393 899 non
428 875 552 909 poterat
581 880 641 900 non
670 869 738 900 fieri
758 868 987 907 somnolentus,
1004 872 1038 897 ut
1064 867 1165 906 capite
1200 870 1336 895 nutaret.
1405 865 1607 895 Scholiastcs
1640 866 1820 906 adnotavit,
1853 878 1917 898 vox

133 930 213 967 &ffel
239 941 333 971 quum
362 932 390 960 in
417 931 632 962 describendis
659 931 783 960 feminis
810 929 1007 969 adhibeatur,
1024 932 1161 967 poetam,
1182 931 1214 957 ut
1241 927 1279 956 de
1307 927 1374 956 viro
1402 936 1580 957 sermonem
1609 937 1684 957 csse
1711 928 1917 969 significaret,

133 993 214 1022 bene
238 1002 349 1024 vocem
375 990 467 1021 1425oe
501 993 686 1023 „monilibus
720 991 801 1022 haud
828 996 980 1021 ornatus«
1021 990 1193 1020 addidisse.
1245 990 1322 1019 Sine
1350 989 1442 1020 dubio
1473 1000 1513 1020 ex
1547 991 1629 1022 haud
1655 996 1801 1022 accurata
1829 993 1917 1022 vocis

132 1052 234 1103 davil,
261 1057 385 1096 punctis
412 1056 579 1086 diacriticis
607 1056 804 1093 absentibus,
824 1053 994 1093 scriptione
1020 1053 1100 1083 alter
1126 1052 1250 1093 legendi
1278 1052 1387 1082 modus
1414 1049 1598 1094 όλᾼὶᾼᾼὲ
1615 1059 1704 1083 ortus
1731 1059 1791 1094 cst,
1812 1057 1863 1093 qui
1889 1057 1918 1085 si

134 1117 318 1156 admittitur,
345 1128 444 1148 voces
463 1108 561 1149 υἰὲὲὶ
583 1116 664 1155 Qel
681 1117 720 1148 ad
745 1117 854 1147 cameli
881 1116 992 1146 collum
1019 1115 1204 1145 referendae
1221 1119 1306 1146 sunt.
1335 1114 1427 1152 Quod
1447 1120 1550 1144 autem
1578 1124 1671 1154 quum
1691 1116 1791 1145 minus
1812 1122 1916 1155 aptum

133 1180 188 1220 sit,
209 1180 294 1220 prior
319 1180 446 1222 legendi
473 1180 585 1211 modus
609 1180 835 1220 praeferendus
861 1184 923 1210 est.
1692 1173 1761 1215 (11.
1786 1175 1916 1214 ooo.)

135 1252 167 1282 5.
212 1253 250 1282 In
272 1255 429 1290 reqionem
451 1253 559 1290 Nedjd
581 1256 654 1290 post
675 1253 778 1281 odium
802 1255 833 1280 et
855 1252 1073 1280 alienationem
1095 1252 1231 1288 rediens,
1253 1251 1399 1289 oppidum
1422 1251 1527 1280 Boura
1550 1252 1643 1289 quasi
1662 1252 1791 1288 repudio
1813 1252 1918 1280 dimit-

701 1309 769 1334 tens
791 1308 893 1334 animo
915 1307 986 1334 acri
1004 1306 1168 1343 praeditus
1191 1304 1354 1343 celerique.

257 1374 407 1405 Reditum
445 1384 534 1405 suum
571 1375 601 1404 in
635 1375 796 1416 regionem
823 1373 930 1414 Nedjd
964 1374 1076 1404 relicto
1108 1374 1222 1413 oppido
1251 1375 1356 1403 Bozra
1384 1375 1412 1403 in
1440 1375 1536 1415 Syria
1563 1375 1622 1405 sito
1661 1375 1783 1414 (conf.
1812 1375 1918 1406 Abulf.

136 1445 250 1478 geogr.
277 1446 307 1476 p.
337 1437 398 1476 l'ol')
427 1436 584 1476 designat.
637 1435 816 1477 Regionem
853 1440 955 1466 autem
988 1436 1069 1467 illam
1104 1436 1312 1476 oppidumque
1342 1447 1412 1467 cum
1440 1436 1559 1467 duabus
1588 1437 1712 1467 seminis
1743 1444 1918 1479 comparat,

136 1507 265 1538 quarum
295 1498 426 1528 alteram
452 1497 481 1526 in
498 1497 726 1527 matrimonium
753 1497 852 1538 duxit,
880 1498 1011 1528 alteram
1039 1499 1170 1538 repudio
1197 1499 1322 1529 dimisit.
1364 1500 1482 1530 Vocem
1510 1498 1569 1544 ⁹¹5?
1598 1500 1701 1530 odium
1731 1503 1814 1531 inter
1841 1511 1919 1531 con-

135 1561 227 1602 iuges
254 1560 426 1601 significat.
447 1560 550 1598 Quam
566 1560 616 1590 alii
633 1559 673 1589 de
692 1559 763 1589 odio
783 1563 844 1589 tam
862 1560 963 1589 mariti
982 1569 1073 1599 quam
1093 1561 1240 1601 coniugis
1264 1570 1375 1591 vocem
1389 1562 1527 1592 adhiberi
1545 1563 1660 1603 dicunt,
1673 1564 1711 1592 eit
1730 1562 1920 1594 scholiastes

136 1627 246 1652 noster
260 1623 381 1652 nonnisi
400 1622 502 1653 odium
526 1623 628 1652 mariti
650 1622 811 1663 designari
835 1624 911 1653 vult.
940 1623 1080 1653 Maxime
1108 1624 1137 1653 in
1163 1623 1284 1654 seminis
1296 1633 1409 1654 vocem
1438 1624 1578 1654 adhiberi
1594 1634 1654 1653 non
1682 1624 1800 1657 dubito,
1829 1624 1920 1663 Quae

138 1683 329 1724 significatio
358 1684 385 1713 si
413 1690 556 1726 urgetur,
584 1690 701 1714 terram
728 1685 834 1725 Nedjd
865 1691 1011 1724 tanquam
1039 1686 1206 1726 coniugem
1234 1690 1326 1716 antea
1353 1686 1454 1725 ipsum
1484 1686 1554 1716 odio
1581 1686 1732 1716 habuisse
1758 1686 1859 1728 fingit,
1887 1692 1921 1716 ut

136 1752 251 1776 terram
279 1746 360 1775 illam
387 1746 566 1785 relinquens
594 1748 729 1777 Bozram
756 1748 1045 1789 transmigraverit.
1072 1748 1193 1777 Terrae
1210 1748 1316 1787 Nedjd
1345 1749 1549 1778 mascnlinum
1577 1759 1680 1789 genus
1710 1750 1800 1778 tribui
1819 1749 1919 1786 solet3

137 1808 197 1838 sed
223 1815 319 1848 poeta
348 1809 488 1838 Lebidus
516 1810 663 1839 feminino
684 1821 801 1850 genere
830 1820 908 1840 usus
936 1814 987 1839 est
1017 1810 1046 1839 in
1074 1810 1281 1849 sequentibus
1309 1810 1416 1839 verbis
1445 1810 1552 1848 (metr.
1589 1810 1744 1847 Thawil):
1787 1809 1874 1847 Quu
1891 1819 1919 1838 m

137 1871 261 1912 regio
289 1870 427 1910 Nedjd
455 1872 641 1901 camelos
669 1882 782 1902 mane
805 1872 1027 1912 propellit.
1080 1873 1274 1911 Inter-protes
1302 1872 1382 1901 hanc
1409 1872 1448 1901 ob
1475 1882 1604 1901 causam
1634 1878 1687 1901 aut
1716 1878 1844 1902 ventum
1868 1878 1920 1902 aut

138 1938 254 1974 gentes
299 1933 337 1962 ibi
365 1933 544 1963 habitantes
578 1933 750 1974 significari
778 1939 912 1973 putant3
940 1933 997 1963 sed
1026 1933 1065 1963 nil
1092 1934 1233 1973 impedit,
1260 1934 1425 1973 quominus
1452 1934 1574 1974 regioni
1603 1933 1710 1972 (³313)
1739 1935 1919 1964 femininum

139 2003 242 2034 genus
269 1994 422 2024 tribuerit.
473 1994 506 2023 lu
537 1999 699 2033 postrema
727 2003 844 2023 versus
874 2000 963 2033 parte
990 2004 1026 2024 se
1054 1995 1155 2033 ipsum
1183 1993 1343 2025 describit.

931 2088 1116 2122 xxul.

517 2154 839 2189 Amul-Attali
864 2155 910 2189 b.
933 2155 1155 2197 Alituum
1178 2154 1391 2189 Nahdtta
1415 2155 1550 2189 dixit.

239 2228 338 2258 Poeta
364 2231 437 2256 ante
454 2227 558 2258 lslami
586 2233 710 2267 tempus
739 2227 852 2258 vivens
878 2236 982 2257 amore
1010 2227 1150 2266 perditus
1177 2232 1256 2258 erat.
1307 2226 1447 2257 Uxorem
1475 2238 1566 2259 suam
1595 2229 1714 2259 Hind
1733 2231 1920 2269 appellatam

141 2300 234 2330 quum
264 2290 392 2329 repudio
419 2289 604 2328 dimisisset,
632 2295 745 2330 postea
772 2291 993 2330 poenitentiam
1021 2300 1122 2331 agens
1150 2290 1277 2321 tristitia
1305 2290 1396 2329 periit
1424 2291 1499 2321 Cit.
1529 2292 1758 2332 Alaghani.

143 2374 171 2403 1.
216 2374 298 2411 Quo!
320 2374 460 2410 capsulis
482 2373 604 2402 moscin·
622 2384 665 2402 ez·
681 2375 873 2412 feminarum
895 2383 1023 2403 numero
1046 2378 1182 2411 [empore
1210 2376 1381 2403 iuventutis
1402 2385 1488 2404 meae
1511 2376 1682 2404 delectatus
1704 2386 1774 2405 sum
1797 2380 1827 2405 et
1849 2381 1923 2415 quot

735 2430 920 2466 poc-valorum
943 2431 988 2458 vis
1010 2438 1101 2457 mane
1123 2438 1170 2457 me
1191 2429 1331 2457 invasit!

240 2497 436 2527 Feminarum
459 2504 598 2525 amorem
625 2500 767 2535 ternpore
793 2499 971 2528 iuventutis
999 2498 1164 2540 gloriatur.
1191 2497 1339 2527 Feminas
1368 2502 1473 2526 autem
1496 2497 1534 2526 ob
1561 2497 1823 2536 pulchritudinem
1853 2508 1922 2528 cum

141 2560 280 2599 capsulis
304 2560 458 2599 pulchris,
483 2560 514 2589 in
541 2560 654 2598 quibus
681 2559 926 2598 odoramentum,
945 2561 995 2591 cui
1022 2560 1144 2591 moschi
1172 2569 1281 2589 nornen
1308 2563 1370 2599 est,
1398 2559 1593 2589 reconditum
1622 2565 1701 2600 erat,
1720 2566 1813 2600 poeta
1833 2570 1922 2591 eom-

141 2622 283 2662 paravit3
310 2622 368 2652 sed
394 2628 428 2653 ut
454 2621 654 2662 comparandi
680 2620 791 2652 modus
819 2627 907 2652 recte
934 2623 1173 2663 intelligeretur,
1200 2622 1299 2652 verba
1325 2620 1404 2650 aba-3
1432 2636 1474 2660 (μ
1499 2622 1675 2662 explicandi
1702 2632 1802 2654 causa
1831 2623 1922 2654 addi·
