2155 2892
888 146 1158 176 —457—

148 246 266 278 brisius
290 256 408 278 vorsus
437 247 467 277 in
496 246 554 277 hoc
581 250 675 285 caput
703 246 864 285 recepisse
892 246 1030 281 videtur,
1051 250 1086 275 ut
1113 255 1210 275 causa
1237 255 1389 275 versuum
1417 248 1614 285 sequentium
1635 245 1875 285 intelligeretur.
1898 241 1933 275 ln

147 309 289 339 secundo
318 319 417 340 versu
443 309 651 349 interroganti
679 308 863 348 respondet,
893 308 1018 338 timendi
1043 317 1169 338 causam
1197 316 1288 348 csse,
1316 316 1409 345 quum
1437 309 1485 336 vir
1512 308 1625 338 fiduciis
1653 308 1768 349 dignus
1796 308 1847 337 sit.
1899 310 1932 337 ln

149 374 241 402 tertio
269 382 367 403 versu
393 373 492 403 virum
519 372 611 402 taiem
640 370 803 410 describit,
831 371 884 410 qui
912 370 996 400 hosti
1023 371 1163 401 timorem
1191 369 1317 400 iniicere
1344 370 1468 400 debent.

976 479 1107 512 ΧΪΙ.

552 548 864 590 njuwwasus
890 544 1145 579 ”habbitu
1166 544 1381 578 semmae
1405 544 1541 579 inxit.

148 619 176 647 1.
221 618 283 649 Per
306 616 429 648 Deum!
450 616 617 646 Hacinmm
640 618 769 654 eiusque
788 619 912 653 yenlem
936 615 1026 643 ΙιηιιιΙ
1045 617 1163 651 ηιείιιος
1185 614 1243 643 sed
1265 614 1418 643 Hace'mus
1437 619 1561 652 patrem
1584 618 1671 644 ltmm
1694 619 1809 645 metm'l.

247 687 350 726 Quem
378 687 494 717 semina
521 691 636 726 poetae
664 686 836 723 obiecerat,
863 685 1005 715 timorem
1025 689 1122 724 negat
1154 688 1186 713 et
1211 688 1319 714 contra
1348 683 1483 713 feminae
1510 694 1694 723 rem,quam
1721 694 1787 714 cum
1809 687 1936 717 nacimo

149 749 280 786 habeat,
309 749 423 778 obiicit.
483 749 600 778 Dicere
636 749 705 777 vult
733 747 920 787 llnciinurn7
947 746 998 785 qui
1026 746 1172 775 seminam
1200 746 1281 776 illam
1308 746 1431 785 visitet,
1464 751 1583 784 patrem
1612 747 1745 786 timere3
1773 748 1831 777 sed
1859 749 1938 779 alter

147 810 274 851 legendi
303 810 412 840 modus
441 814 508 840 est:
537 806 656 848 206>
682 809 751 842 ως
771 806 867 850 ⁸552&
892 805 986 848 ψίὲ,
1017 807 1095 837 »sed
1115 808 1266 838 {lacimus
1293 812 1338 849 te,
1357 812 1386 838 te
1413 807 1493 848 dico,
1513 813 1630 838 amam(
1661 809 1769 839 Verba
1794 808 1863 840 ὼ..
1888 808 1939 838 mi

147 875 253 910 Μ
281 872 464 914 significare
491 876 568 912 puto
598 872 764 911 »quoniam
792 875 897 901 tecum
926 880 989 900 rein
1016 870 1144 900 bahem(

148 970 180 998 2.
226 969 353 998 Patrem
379 972 466 998 letum
500 968 579 998 alios
607 971 787 1006 sequentem
815 968 964 996 invenisti
989 970 1020 995 e!
1045 970 1078 995 tu
1106 967 1234 995 eandem
1261 967 1377 1003 offendi
1411 968 1562 996 rollonem
1593 971 1723 997 seculus
1746 979 1788 1005 2⁸,
1812 979 1884 999 nam
1907 974 1940 1000 lu

769 1021 908 1049 moechis
928 1022 1009 1049 inter
1032 1022 1115 1049 viros
1132 1021 1256 1050 deditus
1277 1031 1320 1051 οε.

250 1089 342 1128 Quae
369 1090 518 1121 obscuris
545 1090 655 1120 verbis
682 1094 759 1120 nutu
787 1090 875 1129 quasi
903 1088 1112 1129 indicaverat,
1141 1090 1201 1119 hoc
1228 1092 1259 1120 in
1286 1100 1386 1120 versu
1414 1090 1529 1120 clarius
1558 1091 1699 1130 exponit.
1728 1092 1836 1121 Mores
1865 1103 1941 1132 pra-

151 1162 212 1182 vos
240 1154 331 1193 quasi
359 1153 556 1184 haereditate
583 1163 651 1183 eam
679 1154 844 1192 accepisse
870 1152 952 1182 dicit.
989 1153 1064 1183 Vox
1085 1148 1148 1189 Laqb'
1175 1162 1269 1191 quum
1296 1152 1446 1193 ambigua
1473 1152 1526 1190 sit,
1554 1153 1642 1182 vario
1671 1153 1762 1183 modo
1792 1154 1943 1192 explicari

151 1220 268 1254 potest.
298 1214 359 1252 Qui
386 1215 510 1244 nonnisi
536 1215 616 1244 alios
643 1215 800 1254 sequitur,
821 1215 895 1245 vilis
923 1219 983 1248 est,
1018 1215 1141 1245 Patrem
1169 1215 1238 1244 eius
1267 1214 1362 1243 talem
1390 1213 1552 1252 describit,
1579 1216 1628 1253 qui
1653 1216 1681 1244 in
1710 1217 1834 1257 agendo
1862 1228 1943 1247 non-

151 1277 212 1308 nisi
240 1277 371 1307 aliorum
398 1278 595 1307 voluntatem
623 1282 814 1317 sequeretur
841 1283 874 1307 et
901 1278 1047 1308 feminam
1075 1282 1196 1317 patrem
1217 1277 1370 1307 imitatam
1391 1286 1478 1306 esse.
1509 1277 1569 1307 Alii
1589 1278 1697 1308 vitium
1715 1279 1944 1310 Sodomiticum

152 1339 327 1381 significari
355 1344 478 1379 putant,
494 1340 524 1369 in
552 1347 611 1377 quo
639 1344 731 1377 pater
758 1348 863 1369 mores
891 1349 1020 1370 suorum
1048 1340 1189 1369 imitatus
1212 1340 1264 1369 sit.
1292 1339 1496 1369 Scholiastes
1515 1340 1633 1378 verbis,
1655 1344 1780 1379 poetam
1808 1341 1944 1372 feminae

152 1403 232 1442 patri
260 1404 402 1433 morbum
429 1402 581 1442 obiicere,
609 1412 681 1432 eum
710 1400 834 1442 flagitio
862 1402 1058 1432 Sodomitico
1086 1401 1262 1442 laborasse,
1289 1402 1475 1443 significare
1501 1402 1637 1434 videtur.

149 1499 183 1528 3.
227 1500 267 1528 In
291 1501 377 1528 omni
393 1500 480 1538 facie
500 1500 560 1528 riri
571 1508 588 1527 e
599 1502 692 1535 qente
706 1497 865 1535 Ahjidsala
884 1499 1044 1535 turpitudo
1066 1502 1122 1534 est,
1141 1508 1273 1537 quacum
1298 1499 1341 1527 ud
1360 1509 1467 1528 omnes
1486 1503 1598 1536 gentes
1619 1502 1710 1535 venit,
1727 1502 1852 1540 quando
1873 1505 1946 1533 slat.

250 1568 352 1598 Poeta
379 1578 440 1598 non
467 1572 638 1599 contentus
665 1577 714 1608 eo,
745 1567 826 1606 quod
856 1567 991 1597 feminae
1018 1573 1139 1607 patrem
1164 1568 1418 1607 vituperaverat,
1434 1569 1532 1608 ipsam
1560 1573 1688 1610 gentem
1708 1572 1796 1609 petit.
1825 1571 1946 1601 Cuius-

152 1631 224 1664 libet
251 1631 309 1660 viri
336 1630 448 1661 faciem
480 1631 562 1670 turpi
590 1629 707 1671 agendi
735 1629 857 1658 ratione
892 1630 982 1668 quasi
1010 1634 1148 1659 notatam
1175 1639 1275 1670 esse,
1303 1635 1357 1670 ut,
1386 1631 1564 1670 ubicunque
1600 1637 1772 1673 versetur‚
1809 1634 1838 1662 in
1865 1635 1945 1672 ipsis

153 1693 298 1734 gentium
323 1693 532 1722 conventibus
561 1702 613 1722 res
640 1697 804 1732 appareat.
856 1691 948 1722 Gens
987 1691 1154 1732 Ahjidsah,
1183 1691 1356 1730 Djeuhario
1384 1696 1526 1730 auctore,
1555 1702 1628 1732 pars
1655 1694 1760 1734 gentis
1793 1695 1948 1725 Dhabbah

153 1762 231 1786 erat..
267 1756 425 1796 Ahjidsah
452 1756 535 1786 filius
562 1757 669 1786 Malioi
697 1757 726 1788 b.
755 1755 910 1785 Dhabbah
937 1761 1015 1786 erat.
1044 1755 1245 1786 Scholiastes
1274 1755 1304 1784 iu
1323 1755 1444 1796 verbis,
1473 1765 1604 1795 quorum
1628 1758 1770 1788 secunda
1797 1764 1829 1788 et
1855 1761 1950 1789 tertia

153 1831 259 1861 littera
289 1830 400 1860 eadem
428 1831 567 1871 sit,raro
595 1830 725 1860 formam
752 1813 812 1868 §.si-3
840 1831 972 1860 inveniri
1000 1830 1175 1861 adnotavit.
1204 1830 1308 1859 Huius
1337 1835 1443 1860 autem
1467 1830 1558 1860 verbi
1585 1840 1697 1861 nomen
1715 1833 1848 1862 actionis
1867 1832 1949 1861 aab.)

152 1898 214 1922 est.
238 1893 272 1922 lu
299 1893 441 1933 gentium
469 1892 679 1922 conventibus
698 1893 823 1922 Arabes
854 1892 1084 1931 turpitudinem
1113 1892 1271 1921 occultare
1299 1891 1428 1921 student
1454 1897 1486 1921 et
1514 1893 1596 1922 hanc
1623 1893 1662 1923 ob
1690 1903 1820 1924 causam
1849 1897 1950 1926 ornati

155 1958 358 1986 conveniunt.
386 1957 483 1986 Poeta
502 1956 596 1996 igitur
626 1955 763 1985 indicare
791 1956 870 1994 vuit,
898 1961 1015 1986 tantam
1043 1955 1150 1996 gentis
1179 1953 1408 1993 turpitudinem
1435 1964 1524 1996 esse,
1544 1960 1578 1984 ut
1605 1955 1689 1984 nullo
1717 1956 1810 1986 modo
1838 1958 1948 1988 occul-

156 2018 214 2047 tari
242 2019 353 2056 possit.
389 2018 498 2048 Faciei
525 2023 632 2048 autem
659 2022 755 2057 poeta
784 2018 971 2047 mentionem
1000 2016 1084 2056 fecit,
1112 2015 1193 2056 quod
1222 2016 1251 2045 iu
1279 2016 1361 2046 facie
1389 2016 1556 2047 dedecoris
1583 2016 1697 2047 indicia
1723 2021 1860 2049 maxime
1888 2029 1948 2059 ap-

159 2083 279 2118 parent.
332 2079 420 2110 Loco
448 2081 538 2110 vocis
567 2082 632 2127 953,
659 2080 762 2119 (stat)
791 2080 821 2109 in
848 2079 1007 2109 Mersukii
1035 2079 1142 2109 codice
1171 2081 1239 2125 5535
1267 2079 1394 2120 iegitur.

156 2177 188 2205 4.
234 2176 410 2205 Pessimum
431 2178 460 2204 ei
481 2173 614 2215 (qemi)
634 2179 726 2213 pater
748 2176 972 2205 haereditatem
994 2175 1134 2213 reliquit,
1165 2180 1307 2212 corporis
1327 2186 1460 2216 parvam
1483 2179 1654 2217 staturam,
1687 2178 1760 2207 dum
1783 2178 1949 2214 adspectus

965 2230 1067 2263 turpis
1089 2231 1145 2257 est.
1720 2227 1790 2270 (p.
1813 2228 1948 2269 639.)

272 2298 408 2328 Parvam
436 2299 580 2338 corporis
613 2304 771 2330 staturam
799 2304 831 2330 et
858 2299 982 2329 foedam
1011 2299 1126 2330 faciem
1154 2298 1192 2327 iis
1221 2298 1335 2329 obiicit.
1388 2298 1504 2340 Longa
1531 2303 1653 2329 statura
1681 2299 1759 2328 viris
1788 2299 1870 2328 laudi
1898 2303 1950 2328 est

157 2361 271 2390 Ham.
308 2363 356 2390 W?
390 2370 422 2390 v.
456 2360 488 2389 2.
523 2363 570 2390 01⁶0
604 2371 636 2390 v.
673 2362 705 2391 5.
745 2362 932 2391 Mersukius
960 2365 1065 2391 autem
1093 2361 1187 2398 dicit,
1216 2361 1265 2399 qui
1293 2361 1372 2390 viles
1399 2361 1475 2400 sint,
1502 2370 1559 2390 eos
1585 2361 1615 2390 in
1642 2361 1844 2390 concionibus
1867 2360 1951 2390 haud

158 2427 287 2462 erecto;
315 2422 374 2452 sed
401 2422 558 2462 depresso
586 2431 718 2462 corpore
745 2423 784 2452 ob
810 2422 963 2462 pudorem
990 2428 1089 2456 stare.
1130 2422 1276 2463 Legendi
1303 2428 1408 2452 autem
1433 2422 1524 2452 modo
1551 2428 1653 2459 Aa.)
1672 2420 1768 2466 31338,
1797 2422 1950 2460 admisso,

160 2483 266 2522 potius
300 2485 442 2524 corporis
475 2488 630 2514 staturam
656 2483 829 2524 significari
865 2490 960 2525 puto,
1002 2495 1067 2515 vox
1097 2484 1154 2531 “5)
1184 2485 1266 2514 enim
1294 2484 1422 2513 formam
1450 2486 1591 2523 corporis
1621 2492 1654 2514 et.
1680 2486 1830 2524 imprimis
1857 2485 1950 2515 faciei

159 2544 318 2586 designat.
386 2546 586 2576 Scholiastae
619 2554 735 2575 vocem
771 2550 826 2574 aut.
864 2555 882 2575 a
914 2548 1010 2577 verbo
1045 2545 1085 2589 si)
1113 2546 1228 2584 (vidit)
1265 2551 1320 2575 aut
1355 2555 1373 2575 a
1399 2559 1465 2589 2⁵2)
1493 2546 1673 2586 (irrigavit)
1701 2547 1856 2576 derivant.
1909 2547 1950 2576 Hi

161 2607 296 2646 plantam
324 2609 486 2650 irrigatam
514 2609 630 2639 florere
658 2613 714 2638 aut
739 2607 896 2638 hominem
924 2613 999 2647 potu
1026 2609 1178 2638 satiatum
1205 2607 1285 2637 hene
1311 2616 1347 2637 se
1375 2607 1502 2647 habere,
1518 2612 1552 2637 ut
1568 2617 1639 2638 cum
1668 2609 1726 2639 hoc
1751 2608 1948 2648 pulchritudo
