2155 2892
891 118 1157 150 —342—

129 217 184 247 sed
211 213 425 247 modo'unum
455 217 547 247 modo
574 217 707 247 alterum
739 223 869 249 ventum
902 222 1075 259 spirantem
1112 224 1208 258 poeta
1234 220 1441 260 descripsisse
1466 222 1602 253 videtur.
1669 223 1787 257 Versui
1813 236 1911 257 sensu

128 281 353 321 quodammodo
381 281 493 310 similis
521 285 573 310 est
599 291 717 312 versus
744 287 858 321 poetae
873 283 1143 314 Dsu-l'Rommab
1169 285 1383 325 cognominati
1401 283 1507 328 (metr.
1522 285 1678 326 Thawil):
1706 287 1910 321 Clunibus

130 344 279 374 macris
310 342 552 382 praeditas,
581 353 686 383 quae
724 350 875 374 ventos
914 346 1130 385 spirantes
1170 347 1266 377 odio
1299 347 1473 389 habent,
1500 349 1642 390 vides3
1670 351 1746 381 sed
1772 353 1909 394 Majja

129 409 267 436 vento
294 405 444 436 flante
471 406 593 436 laeta
622 412 700 437 est.

886 555 1062 590 xxxv
1065 557 1163 590 111.

670 635 802 668 Beer
824 635 870 668 h.
895 635 1205 669 ‘Alnatmnah
1231 635 1368 669 dixit.

238 707 338 737 Poeta
365 716 382 736 e
410 710 508 746 gente
536 705 674 736 Hanifah
702 706 854 736 oriundus
881 716 1058 747 cognomen
1087 707 1195 747 (ψ)
1226 709 1297 738 Abu
1318 725 1336 730 -
1362 708 1473 748 Wajel
1500 710 1644 750 gerebat.
1707 710 1769 741 Alii
1805 715 1911 741 autem

126 780 194 801 eum
233 780 250 800 e
280 775 377 811 gente
403 768 482 807 Ihdjl
509 766 643 808 (familia
668 769 757 798 Banu
774 785 792 791 -
810 768 897 798 Sahd
923 769 951 798 b.
971 768 1066 809 lhdjl)
1089 770 1243 810 originem
1270 769 1388 800 ducere
1416 770 1532 801 dicunt.
1558 772 1637 812 lhdjl
1659 773 1688 803 b.
1707 773 1851 814 Lodjaim
1878 778 1911 802 et

127 833 265 864 Hanisah
291 833 319 862 b.
353 831 497 870 Lodjaim
525 830 586 860 duo
614 830 731 860 fratres
764 835 863 860 erant.
905 830 1004 861 Poeta
1032 835 1140 862 noster
1167 833 1256 862 tanta
1282 837 1472 872 paupertate
1497 833 1707 875 premebatur,
1734 839 1768 864 ut
1793 837 1824 865 in
1850 835 1911 865 viis

126 897 264 935 rapinam
295 903 447 923 exercere
474 897 657 932 cogeretur.
712 892 831 921 Postea
858 902 952 932 quum
983 904 1016 923 re
1043 894 1228 935 abstineret,
1256 895 1483 926 Abu-Dolafus
1512 895 1541 924 in
1573 897 1747 926 exercitum
1767 906 1835 926 eum
1856 907 1911 927 re-

127 959 210 997 cepit
227 962 259 987 et
286 956 440 995 stipendio
463 956 552 996 regio
581 955 711 985 adiuvit.
740 956 798 986 Vir
827 961 980 987 strennus
1006 957 1035 986 in
1064 956 1251 988 carminibus
1279 956 1488 986 fortitudinem
1503 966 1593 986 suam
1610 957 1734 987 multum
1761 957 1911 988 laudavit.

127 1015 194 1058 (1).
211 1013 347 1053 5636)
400 1017 665 1047 Abu-Hiffanus
695 1017 816 1048 dixisse
846 1024 1001 1059 narratur,
1028 1029 1066 1049 eo
1095 1025 1217 1049 mortuo
1245 1020 1336 1058 poesi
1362 1019 1453 1049 finem
1481 1019 1660 1059 impositum
1688 1029 1774 1050 esse.
1819 1021 1911 1050 Abu-

125 1082 272 1113 Dolafum
307 1081 439 1119 eiusque
478 1079 607 1110 fratrem
642 1081 676 1109 M
692 1080 820 1110 ahkil
863 1082 945 1111 omni
983 1082 1088 1112 studio
1121 1083 1271 1112 laudavit.
1337 1081 1624 1113 Praestantissimis
1665 1082 1733 1112 eius
1766 1082 1910 1113 laudibus

127 1150 296 1184 sequentes
323 1153 437 1173 versus
452 1142 715 1172 adnumerantur:
735 1140 840 1185 (metr.
857 1145 1056 1183 Motakarib)
1073 1145 1130 1174 Ab
1144 1156 1162 1175 u
1190 1145 1368 1175 Dolafus
1399 1144 1514 1186 genti
1541 1145 1699 1174 similis
1726 1149 1804 1185 est,
1821 1147 1910 1175 eius

126 1206 474 1238 commemoratio
511 1204 740 1234 exercitum
772 1206 896 1236 valet
938 1211 978 1236 et
1016 1216 1125 1236 mors
1154 1208 1278 1238 oculo
1306 1208 1576 1239 Abu-Dolafi
1603 1208 1753 1239 loricis
1788 1208 1911 1239 indu-

126 1275 194 1300 tos
223 1268 434 1307 adspicit.
486 1268 641 1306 Tempore
668 1268 764 1308 igitur
792 1268 1046 1299 Ahbbasidarum
1073 1269 1197 1306 floruit,
1235 1279 1306 1300 nam
1334 1270 1587 1302 Abu-Dolafus
1626 1280 1707 1301 anno
1739 1270 1810 1301 226
1836 1271 1912 1301 obiit

125 1331 230 1364 conf.
261 1332 366 1364 Abulf.
394 1332 475 1361 Ann.
508 1333 545 1361 T.
573 1333 601 1362 11
628 1342 659 1371 p,
688 1333 769 1363 685.

126 1430 153 1459 l.
197 1429 349 1467 Candida,
373 1437 492 1456 comam
513 1437 604 1456 suam
624 1431 715 1457 stans
737 1429 838 1458 trahit
858 1433 889 1458 et
909 1432 941 1458 in
963 1440 1000 1458 ea
1021 1430 1145 1461 occulta
1167 1433 1226 1468 est,
1250 1432 1324 1460 dum
1347 1433 1485 1469 copiosa,
1510 1433 1602 1468 niqra
1623 1434 1673 1459 est

123 1499 154 1526 2.
199 1495 301 1532 Quasi
321 1497 392 1531 ipsa
413 1496 446 1523 in
469 1504 505 1523 ea
527 1495 595 1523 dies
617 1494 702 1524 altus
724 1497 767 1524 sit
788 1499 818 1524 et
841 1498 934 1534 quasi
953 1507 990 1525 ea
1012 1494 1146 1537 (coma)
1170 1507 1236 1527 noa:
1259 1507 1354 1535 super
1377 1507 1414 1527 ea
1436 1498 1579 1527 obscura.

224 1566 363 1595 Puellam
395 1563 578 1593 describens
605 1563 688 1604 dicit,
709 1574 778 1594 eam
806 1565 875 1595 albo
903 1565 1010 1596 colore
1037 1567 1210 1606 praeditam
1237 1570 1299 1597 tam
1326 1566 1451 1607 longam
1478 1567 1600 1607 nigram
1628 1576 1750 1597 comam
1779 1566 1908 1606 habere,

127 1633 161 1658 ut
187 1637 254 1657 eam
281 1631 370 1657 stans
398 1636 454 1665 per
482 1629 596 1656 terram
625 1626 754 1666 trahat3
782 1633 846 1658 tam
873 1628 1035 1668 copiosam
1063 1634 1189 1668 autem,
1216 1634 1249 1658 ut
1276 1631 1346 1668 ipsa
1374 1638 1411 1659 ea
1437 1629 1559 1658 omnino
1587 1629 1775 1659 occultetur.
1803 1629 1909 1659 conf.

128 1689 239 1719 Reiski
278 1689 403 1718 Proben
436 1688 464 1717 d.
495 1689 591 1718 Arab.
620 1689 811 1720 Dichlkunst
851 1701 880 1729 p.
908 1691 953 1720 44
984 1695 1016 1720 et
1045 1691 1100 1720 45.
1167 1691 1246 1720 'rum
1275 1692 1375 1730 ipsam
1403 1692 1442 1721 ob
1469 1692 1607 1721 colorem
1641 1690 1804 1721 candidum
1840 1701 1911 1721 cum

126 1752 175 1782 die
201 1752 288 1791 alto;
316 1760 438 1780 comam
466 1755 570 1780 autem
600 1751 638 1780 ob
666 1751 790 1791 nigrum
817 1753 955 1782 colorem
983 1762 1053 1782 cum
1080 1757 1176 1782 nocte
1203 1753 1338 1783 obscura
1365 1758 1537 1792 comparat.
1568 1754 1653 1783 Ante
1680 1762 1793 1783 vocem
1813 1753 1908 1789 ‘Q

125 1815 299 1846 subiectum
330 1817 385 1860 69
412 1814 494 1853 (Ea)
523 1813 640 1843 omissa
666 1813 803 1844 videtur.

864 1937 1171 1973 xxxvun.

816 2004 1008 2039 Alius
1053 2004 1243 2039 (lixit.

127 2069 153 2098 l.
197 2070 279 2098 Eam
309 2070 535 2107 contemplatus
559 2080 644 2109 sum,
666 2072 739 2101 dnm
773 2075 935 2103 incuriosa
967 2078 1036 2104 erat
1064 2078 1095 2103 et
1126 2077 1194 2103 eral
1226 2082 1263 2101 ac
1290 2073 1319 2100 si
1337 2081 1394 2108 per
1416 2080 1483 2098 eam
1505 2071 1619 2107 faciem
1644 2071 1737 2099 lunae
1759 2073 1906 2099 orientem

947 2129 1090 2158 viderem.

225 2190 370 2220 Feminae
398 2189 509 2221 faciem
533 2201 600 2222 cum
627 2193 699 2223 luna
726 2197 847 2225 oriente
873 2197 1070 2236 comparavit
1097 2206 1115 2227 c
1131 2206 1181 2226 on
1197 2196 1216 2224 f.
1241 2196 1332 2225 Ham.
1350 2205 1378 2234 p.
1397 2197 1437 2224 ΛΡ
1462 2205 1493 2226 v.
1527 2195 1555 2224 1.
1584 2199 1614 2224 et
1629 2195 1695 2233 &103
1724 2193 1903 2233 sed‚quum

124 2250 260 2281 mulieris
291 2251 423 2291 pudicae
451 2252 551 2283 facies
578 2256 609 2284 in
636 2255 775 2285 virorum
804 2259 984 2296 praesentia
1010 2259 1082 2288 velo
1109 2269 1234 2298 semper
1259 2262 1342 2288 tecta
1361 2257 1414 2296 sit,
1435 2262 1468 2287 ut
1495 2256 1709 2296 suspicionem
1731 2259 1906 2291 removeat,

126 2323 193 2343 eam
220 2314 408 2344 incuriosam
431 2315 530 2346 fuisse
556 2316 652 2347 addit.
672 2318 720 2347 De
747 2319 836 2348 vocis
861 2331 922 2347 aas«
948 2320 1181 2360 significatione
1209 2326 1356 2351 accurata
1372 2319 1591 2360 lexicographi
1609 2328 1669 2348 non
1697 2317 1906 2347 consentiunt.

126 2375 227 2405 Vocis
248 2381 310 2420 νὴ)
352 2377 477 2407 lunae
517 2379 669 2418 plenae
707 2381 932 2422 significationi
959 2382 1083 2412 rotundi
1110 2382 1199 2412 faciei
1226 2383 1361 2413 ambitus
1387 2381 1577 2424 significatio
1606 2380 1737 2410 maxime
1764 2388 1907 2419 congrua

125 2441 185 2470 est.
237 2439 343 2469 Verba
371 2437 564 2486 halhafxeil
592 2445 653 2471 'aum
678 2457 720 2481 c„
747 2448 822 2474 sunt
849 2453 905 2482 pro
924 2442 1014 2489 fx&
1033 2448 1095 2473 aaa«
1124 2441 1217 2492 elba.

127 2538 157 2567 2.
202 2537 451 2578 Quotiescunque
469 2542 536 2570 eius
558 2542 706 2578 adspectu
727 2541 851 2571 oculum
879 2542 1056 2579 implebam,
1081 2552 1151 2570 eum
1179 2542 1328 2580 lacrymis
1350 2542 1522 2579 implebam,
1548 2540 1644 2568 donec
1667 2547 1775 2567 omnes
1797 2537 1906 2574 lacry-

856 2605 926 2625 mas
949 2596 1183 2625 exhausissem.
