2155 2892
903 115 1151 146 ...74-

141 226 262 263 posset.
314 221 429 251 Forma
453 218 545 248 verbi
570 220 663 247 sexta
689 215 854 246 maximam
892 215 1087 245 inimicorum
1115 218 1224 244 contra
1256 218 1392 254 poetam*
1415 214 1653 245 coniunctorum
1688 214 1917 246 multitudinem

141 285 240 316 fuisse
267 282 390 312 indicat.
444 279 537 318 Quod
564 289 631 309 vox
658 277 745 320 αἱμα,
773 288 835 318 qua
860 288 914 308 res
941 278 1107 318 excipitur,
1135 280 1208 306 aute
1234 285 1307 315 res,
1336 286 1354 307 e
1381 277 1494 315 quibus
1522 276 1699 317 excipitur,
1735 277 1917 317 anteposita
1958 291 1961 294 >

140 349 201 386 est,
227 343 383 374 sermonis
409 343 474 372 vim
501 346 609 382 auget.

139 454 172 485 3.
193 454 296 492 Eique
316 454 430 483 similis
451 464 550 490 erum,
582 455 637 492 qui
653 453 759 491 yladio
783 461 840 480 suo
862 453 910 480 uti
929 459 992 479 non
1009 453 1126 488 potest,
1150 451 1223 480 dum
1245 451 1404 486 sitibundi,
1430 451 1615 480 ulciscentis
1639 452 1746 488 cuspis
1769 459 1839 479 eum
1857 459 1917 487 pe-

931 507 1119 533 netraverat.
1299 510 1312 515 “

237 578 278 609 Ut
306 577 464 616 ostendat,
491 580 636 615 quantam
665 575 816 605 iacturam
843 582 962 614 passus
986 573 1038 612 sit,
1065 582 1100 604 se
1126 583 1196 604 cum
1222 573 1292 603 viro
1327 577 1511 612 comparat,
1548 573 1601 613 qui
1635 578 1746 603 contra
1782 573 1917 603 ultorem

138 644 269 670 secante
295 639 400 681 gladio
428 638 621 678 instructum,
649 637 701 678 qui
727 637 757 666 in
786 646 824 666 eo
852 641 914 677 est,
943 641 977 666 ut
1003 637 1107 675 ipsum
1135 635 1273 676 occidat,
1301 635 1472 665 defendere
1498 644 1533 666 se
1559 644 1620 666 non
1646 639 1764 674 potest.
1794 635 1919 665 Vocem

139 701 227 750 055>
254 702 388 742 addidit,
414 706 448 732 ut
474 700 689 742 significaret7
723 700 857 730 ultorem
883 699 1055 739 cupiditate
1082 698 1258 728 ulciscendi
1285 700 1449 728 incensum
1475 707 1550 728 esse
1576 702 1607 728 et
1633 698 1843 727 vehementer
1868 699 1919 726 in-

140 770 238 795 stare.
273 764 342 803 Quo
369 763 591 793 vehementius
622 767 727 793 autem
754 762 834 791 alter
862 762 1008 802 urgebat,
1037 770 1075 791 eo
1103 760 1208 801 magis
1237 760 1266 790 ei
1294 759 1444 790 auxilium
1470 769 1607 789 necesse
1634 764 1713 790 erat.

141 877 173 907 4.
195 875 280 905 Eum
302 876 461 904 visz'latm·i
481 874 663 902 advenimus
691 877 723 902 et
748 874 894 901 tristitiae
922 873 1081 900 maa-imae
1107 874 1138 900 et
1164 870 1280 899 doloris
1308 871 1426 899 interni
1452 871 1486 898 in
1514 871 1616 898 animo
1646 869 1761 898 occulti
1787 869 1921 906 hospitio

828 927 996 956 liberaliter
1017 935 1075 954 nos
1096 927 1229 962 excepit.

239 1011 369 1041 Absens
397 1014 511 1049 poeta,
547 1012 580 1039 ut
606 1009 753 1049 videtur,
781 1018 851 1039 cum
878 1007 975 1037 sociis
1001 1017 1095 1047 quum
1122 1007 1259 1048 rediret7
1293 1006 1396 1036 virum
1421 1011 1578 1037 mortuum
1605 1005 1771 1036 inveniens
1799 1015 1922 1036 summa

140 1074 269 1105 tristitia
294 1073 442 1104 adflictus
470 1078 539 1113 est3
566 1072 625 1103 sed
652 1072 720 1102 fieri
747 1075 865 1111 potest,
892 1074 926 1100 ut
952 1074 1047 1109 poeta
1074 1070 1192 1100 absens
1220 1080 1281 1100 non
1301 1070 1407 1111 fuerit,
1434 1069 1493 1100 sed
1512 1074 1631 1100 utrem
1649 1078 1736 1098 more
1756 1073 1921 1108 poetarum

140 1139 351 1166 exornaturus
378 1135 427 1164 sic
454 1135 577 1164 locutus
604 1134 656 1163 sit.
708 1134 889 1163 Moerorem
917 1141 984 1162 cum
1011 1131 1114 1170 epulis
1143 1137 1325 1173 comparat,
1352 1132 1463 1172 quibus
1490 1131 1663 1161 adveniens
1691 1130 1809 1169 hospes
1836 1130 1922 1160 laute

141 1199 304 1239 excipitur.
356 1200 484 1229 Moeror
510 1198 688 1237 appellatus
717 1201 769 1226 est
795 1196 919 1226 morbus
947 1195 1101 1233 internus,
1129 1194 1180 1233 qui
1207 1203 1301 1233 quum
1321 1194 1350 1223 in
1372 1194 1531 1224 exteriore
1550 1203 1683 1232 corpore
1699 1203 1759 1223 non
1775 1198 1923 1232 tanquam

142 1262 271 1292 morbus
298 1265 462 1301 appareat,
490 1269 603 1290 vocem
622 1256 741 1304 sil-‘Sil
769 1257 896 1288 addidit.

143 1368 209 1410 (1)-
233 1368 364 1409 401.)
406 1370 453 1399 Ec
473 1379 530 1398 nos
551 1373 685 1406 seqelem
707 1369 943 1406 reporlavimus,
975 1376 1055 1405 quae
1076 1367 1109 1394 in
1129 1367 1308 1404 pectoribus
1332 1367 1448 1395 nostris
1473 1367 1614 1393 creverat
1635 1368 1665 1393 et
1687 1366 1749 1393 inm
1772 1363 1922 1402 lacrymis

185 1428 197 1434 ⁵
781 1425 924 1453 celeriter
944 1424 1115 1462 fluentibus
1138 1424 1282 1460 riyatam.

242 1496 312 1525 Hoc
337 1495 367 1525 in
393 1505 491 1525 versu
518 1495 678 1525 tristitiam
706 1503 775 1524 cum
802 1496 924 1524 semine
951 1496 1131 1533 comparat,
1171 1491 1253 1531 quod
1279 1501 1297 1521 a
1324 1494 1445 1520 mortuo
1473 1490 1612 1529 ipsorum
1639 1488 1750 1519 animis
1777 1488 1925 1518 iniectum

143 1557 186 1588 sit
219 1563 252 1588 et
282 1558 369 1589 cuius
404 1560 509 1598 planta
541 1548 692 1588 crescens
724 1567 743 1587 a
777 1556 925 1596 lacrymis
963 1561 1112 1596 tanquam
1147 1564 1165 1585 a
1199 1553 1307 1594 pluvia
1332 1553 1463 1593 irrigata
1489 1553 1518 1581 in
1545 1552 1612 1582 dies
1637 1556 1771 1582 crescat.
1806 1550 1926 1581 Addita

143 1631 224 1652 voce
240 1619 347 1667 1ὸῖὰῷ
374 1623 497 1661 copiam
524 1623 735 1662 lacrymarum
762 1620 938 1662 significat,
974 1628 1034 1658 quo
1070 1619 1150 1649 enim
1185 1618 1284 1648 maior
1311 1617 1341 1646 in
1368 1616 1459 1646 oculo
1497 1616 1706 1656 laerymarum
1741 1615 1834 1654 copia
1861 1619 1924 1648 est>

145 1693 182 1713 eo
210 1684 344 1715 celerius
373 1695 413 1714 ex
443 1685 535 1715 oculo
565 1684 720 1714 defluunt.

146 1793 178 1823 6.
202 1794 247 1823 Et
268 1803 362 1833 quum
382 1798 565 1832 praesentes
587 1804 744 1829 essemus,
779 1796 816 1822 ut
842 1795 909 1822 eius
932 1792 1154 1821 haereditatem
1176 1790 1398 1823 de’zvz'zlerertzaees,
1430 1796 1545 1824 mayna
1569 1787 1650 1816 dona
1673 1791 1704 1816 et
1719 1788 1807 1826 facta
1828 1796 1925 1825 prae-

890 1846 978 1874 clara
1000 1847 1184 1874 invenimus.

244 1916 313 1945 Hoc
339 1918 369 1945 in
394 1925 492 1946 versu
520 1926 643 1946 summa
669 1917 783 1946 mortui
811 1917 880 1946 laus
908 1919 969 1946 est.
1023 1914 1125 1952 Quum
1162 1923 1315 1943 summam
1348 1912 1567 1942 liberalitatem
1601 1910 1820 1951 exercuisset,
1858 1911 1925 1940 suis

145 1977 335 2007 haeredibus
364 1987 442 2017 opes
471 1988 531 2008 non
559 1979 702 2019 reliquit3
729 1978 787 2008 sed
814 1978 1010 2009 liberalitatis
1037 1983 1069 2008 et
1098 1977 1251 2007 factorum
1279 1976 1515 2015 praeclarorum
1543 1973 1687 2015 gloriam,
1717 1981 1797 2011 quae
1817 1973 1847 2003 in
1866 1982 1926 2012 po-

146 2044 254 2070 steros
283 2041 418 2079 transiit,
447 2051 516 2071 nam
543 2040 625 2080 apud
654 2042 776 2072 Arabes
804 2042 953 2071 maiorum
981 2041 1082 2081 gloria
1109 2039 1247 2080 posteris
1275 2047 1400 2078 quoque
1426 2036 1507 2067 laudi
1531 2040 1609 2066 erat.
1638 2031 1926 2076 Voxssgingproprie

148 2113 213 2132 rem
240 2103 398 2144 designat,
426 2113 516 2142 quam
544 2105 667 2133 molitor
694 2105 723 2133 in
751 2105 861 2133 molam
876 2103 983 2141 inficit,
1011 2103 1082 2133 dum
1109 2103 1137 2131 in
1164 2101 1246 2131 dona
1273 2106 1316 2141 et,
1344 2105 1378 2131 ut
1405 2100 1543 2130 nonnulli
1573 2100 1692 2140 dicunt,
1722 2099 1803 2129 dona
1831 2108 1926 2138 prae-

147 2165 233 2195 clara
256 2166 409 2195 translata
437 2170 498 2195 est.
542 2166 593 2195 Ad
617 2166 871 2207 significationes
898 2174 1012 2195 vocum
1038 2161 1126 2210 &tm
1154 2169 1186 2194 et
1208 2160 1292 2208 53·stss
1321 2163 1557 2203 amplificandas
1579 2163 1771 2194 adiectivum
1799 2161 1926 2202 addidit,

148 2227 232 2267 quod
260 2237 347 2257 more
361 2232 525 2267 poetarum
544 2230 734 2266 anteposuit.
763 2228 887 2258 Vocem
917 2232 1023 2258 autem
1043 2225 1126 2272 53·stss
1147 2237 1247 2257 sensu
1278 2236 1347 2257 cum
1376 2227 1480 2266 priore
1507 2236 1568 2256 non
1595 2227 1636 2256 ita
1663 2224 1926 2266 coniungendam,

147 2295 233 2330 puto,
261 2295 306 2329 ut,
332 2301 413 2331 quae
440 2290 599 2320 beneficiis
628 2291 752 2320 collatis
779 2290 838 2319 sibi
865 2291 1111 2330 comparaverit,
1136 2290 1248 2319 merita
1278 2289 1515 2331 significentur3
1543 2288 1601 2319 sed
1615 2290 1733 2319 virtute
1758 2292 1790 2317 et
1808 2286 1927 2316 iustitia

149 2353 311 2391 praeclare
338 2357 450 2394 gesta3
478 2353 547 2382 laus
576 2355 659 2382 enim
685 2353 737 2382 illa
767 2353 858 2382 nobis
885 2353 976 2382 nimis
1004 2358 1145 2394 augusta
1172 2352 1308 2383 videtur.

149 2459 179 2488 7.
205 2459 249 2488 Et
269 2461 391 2490 silentio
413 2470 597 2499 responsum
620 2470 712 2490 suum
729 2462 816 2490 nobis
835 2461 919 2490 dedit
935 2465 967 2490 et
983 2471 1075 2500 quam
1086 2461 1253 2498 praeclare
1265 2462 1388 2491 locutus
1400 2465 1456 2497 est,
1481 2460 1660 2491 licetverbis
1672 2468 1734 2488 non
1750 2457 1930 2496 respondit!

250 2527 349 2566 Quale
375 2540 563 2569 responsum
586 2530 695 2571 fuerit,
732 2534 827 2570 poeta
861 2540 922 2559 non
957 2530 1150 2570 explicavit3
1186 2531 1244 2560 sed
1281 2531 1403 2561 nonnisi
1439 2538 1626 2569 responsum
1653 2527 1804 2557 laudavit.
1856 2525 1925 2556 Res

150 2594 254 2621 antem
279 2592 325 2622 sic
350 2602 387 2622 se
415 2593 528 2623 habere
555 2593 696 2635 videtur,
729 2598 782 2636 ut,
817 2602 909 2632 quum
943 2603 1015 2624 eum
1047 2594 1321 2634 interrogassent,
1358 2591 1513 2632 quomodo
1541 2590 1619 2629 ipsis
1646 2589 1801 2631 agendum
1829 2593 1924 2626 esset,
