2155 2892
844 145 1108 177 -708—

91 257 125 287 6.
168 255 214 285 Et
230 254 352 293 femora
375 250 445 283 duo,
470 249 553 277 inter
573 255 655 285 quae
677 244 770 273 vallis
791 246 849 280 est,
871 252 953 282 quae
971 243 1064 279 penis
1085 241 1210 271 radices
1232 243 1417 271 transmittit
1438 242 1528 272 haud
1547 242 1686 273 laedens.

182 322 322 354 Vulvam
349 317 481 358 amplam
508 319 538 348 ei
564 315 681 346 tribuit.
725 309 868 343 Arabu'm
893 311 1027 342 feminas
1054 310 1194 342 remedia
1221 315 1333 342 contra
1359 313 1455 342 istam
1482 320 1549 342 rem
1575 311 1727 343 adhibere
1756 313 1873 343 scimus

91 385 197 418 conf.
225 380 456 414 Amru-l'Kaisi
483 380 599 409 Diwan
635 387 664 417 p.
692 376 728 406 imi
756 385 787 405 v.
818 374 847 405 1.
899 374 934 404 In
963 372 1116 404 Mersukii
1143 372 1252 403 codice
1272 379 1347 420 >⁹²5
1376 373 1503 415 legitur,
1556 374 1666 404 Verba
1695 373 1735 404 ad
1762 383 1873 404 vocem

89 441 197 496 Οῒξλὲ
222 445 335 479 referri
359 444 520 484 videntur,
547 451 618 472 nam
646 439 718 470 voci
744 439 836 472 uait-¹
855 445 957 479 genus
984 434 1161 466 femininum
1190 444 1262 465 esse
1291 436 1410 467 nescio,

88 548 119 578 7.
161 546 208 575 Et
228 554 314 581 crus,
339 543 430 571 cuius
452 539 613 570 vinculum
635 542 727 567 terme
750 539 808 572 esl‚
831 537 932 563 instar
955 534 1060 561 cruris
1081 532 1223 561 locustae
1245 535 1301 560 aul
1320 532 1483 568 yracilizts.

188 615 309 645 Poetae
329 611 411 642 satis
429 619 491 640 non
511 612 562 639 est
587 607 723 638 feminae
751 614 825 636 crus
851 613 923 634 cum
955 611 1049 632 crure
1076 602 1221 631 locustae
1248 610 1475 641 comparasse3
1501 602 1559 632 sed
1578 612 1616 632 eo
1631 603 1781 644 gracilius
1803 613 1880 635 esse

89 679 176 710 dicit.
215 678 265 707 De
292 675 452 706 mulierum
480 671 686 711 compedibus
712 668 793 698 conf.
822 668 915 697 Ham.
944 666 984 695 t‘l‘l
1011 666 1066 695 Ali.
1103 664 1301 694 Scholiastes
1329 663 1506 705 adnotavit,
1534 670 1661 704 poetam
1688 676 1760 697 cum
1789 677 1871 697 voce

88 738 252 780 βλέψω,
292 746 371 777 quae
397 735 527 776 generis
555 731 718 762 masculini
747 731 812 771 sit,
848 727 1041 759 adiectivum
1068 728 1197 767 generis
1225 725 1363 755 seminini
1390 727 1607 765 coniunxisse,
1635 730 1717 768 quod
1743 740 1876 770 compes

90 813 163 834 cum
186 811 278 833 crure
296 796 384 840 „ji-n,
401 795 483 836 quod
502 794 629 836 generis
654 793 792 823 feminini
812 793 865 829 sit,
884 790 991 820 intime
1017 790 1189 821 cohaereat
1209 794 1240 820 et
1268 800 1362 820 unum
1382 800 1438 830 pro
1459 792 1559 821 altero
1587 793 1659 831 poni
1686 793 1798 832 possit.
1826 794 1880 824 Sic

78 869 123 898 vin
151 862 345 896 hemistichia
384 863 541 899 sequente
579 857 685 896 (metr.
718 854 885 893 ThawilJ:
915 853 1041 884 Sicut
1068 854 1254 884 lanceae
1289 856 1496 893 superior
1533 864 1636 894 pars
1663 858 1880 897 sanguine

92 926 239 958 rubuit
279 932 395 954 vocem
424 923 503 965 pua
535 928 605 949 cum
642 918 740 948 verbo
776 915 916 948 feminini
955 917 1083 958 generis
1119 917 1318 947 coniunctam
1355 926 1442 957 esse,
1470 918 1552 957 quod
1578 920 1725 958 superior
1753 919 1881 950 lanceae

92 999 166 1030 pars
192 989 303 1018 lancea
328 986 398 1027 ipsa
424 985 475 1014 sit.

92 1087 126 1117 8.
170 1085 270 1116 Cuius
292 1093 444 1114 verrucae
464 1085 497 1111 in
515 1084 611 1121 facie,
625 1089 720 1120 quum
734 1079 800 1109 velo
813 1080 930 1108 detecto
952 1078 1091 1115 adparel,
1105 1079 1176 1107 uvis
1187 1079 1293 1115 passis
1301 1079 1411 1115 parvis
1424 1077 1543 1106 sinn'les
1562 1080 1647 1107 sunt.

95 1152 157 1192 (11.
182 1149 304 1190 823.)
359 1154 524 1185 Verrucas
551 1152 582 1181 in
609 1150 690 1181 facie
716 1159 784 1180 curn
811 1149 884 1179 uvis
913 1148 1020 1188 passis
1048 1150 1219 1187 comparat.
1273 1147 1347 1177 Vox
1375 1146 1496 1188 Μ
1528 1147 1696 1187 peregrina
1736 1150 1797 1178 est.
1849 1147 1884 1176 ln

94 1217 253 1249 Mersukii
280 1216 388 1248 codice
413 1212 556 1258 (μα-..Ἀώς
586 1214 724 1256 legitur3
752 1212 806 1243 sed
833 1215 941 1242 noster
967 1210 1124 1241 scribendi
1151 1209 1262 1240 modus
1289 1208 1520 1249 praeferendus
1548 1215 1610 1240 est.

97 1317 129 1348 9.
173 1315 276 1353 Caput
295 1315 412 1342 tectum
433 1313 482 1340 est
503 1308 592 1339 coma
613 1308 702 1338 hand
722 1306 818 1344 lonyd
840 1307 943 1335 instar
962 1314 1141 1343 pennarum
1164 1305 1198 1335 in
1219 1306 1271 1335 ala
1294 1305 1383 1335 albae
1405 1305 1574 1339 columbae,

211 1384 295 1425 Quid
318 1392 402 1413 voce
430 1379 507 1422 ἱρῇ
533 1382 630 1419 poeta
655 1377 753 1418 velit,
787 1385 849 1406 non
874 1378 972 1415 patet.
1015 1375 1092 1406 Vox
1117 1377 1189 1412 iio?
1217 1383 1338 1405 comam
1365 1374 1395 1404 in
1420 1375 1582 1405 humerum
1609 1374 1792 1417 demissam,
1819 1385 1885 1406 vox

96 1449 176 1485 iux?
203 1452 309 1479 autem
336 1445 440 1477 crines
466 1443 496 1473 in
523 1441 682 1473 anteriore
716 1439 829 1479 capitis
861 1443 953 1478 parte
989 1437 1149 1478 designat.
1207 1435 1258 1467 Re
1286 1435 1333 1466 sic
1362 1444 1398 1466 so
1423 1435 1561 1466 habente
1587 1445 1655 1467 vox
1682 1433 1758 1477 ¹459>
1785 1436 1885 1466 hosce

98 1513 203 1545 crines
238 1518 337 1549 super
370 1515 492 1538 comam
520 1503 750 1544 dependentem
777 1501 878 1532 elatos
905 1499 1089 1541 significare
1117 1503 1236 1538 potest.
1290 1499 1339 1529 De
1365 1508 1446 1529 voce
1473 1501 1580 1546 ὤπτα
1604 1500 1797 1538 interpretes
1824 1508 1887 1528 non

97 1574 313 1606 consentiunt.
338 1567 490 1601 Nonnulli
505 1567 607 1597 albam
631 1564 806 1595 columbam
825 1563 998 1605 significari
1026 1562 1142 1599 dicunt,
1153 1561 1380 1602 grammaticus
1393 1560 1594 1591 Abu-mma
1609 1562 1777 1591 vulturem.
1804 1560 1886 1591 Sive

97 1637 177 1667 haec
211 1635 283 1664 sive
315 1632 369 1663 illa
393 1629 583 1672 significatio
610 1631 700 1657 recta
728 1626 794 1667 sit,
832 1635 852 1656 a
876 1630 972 1665 poeta
997 1634 1111 1656 canum
1138 1624 1335 1667 significari,
1375 1624 1406 1654 in
1442 1624 1536 1655 dubio
1563 1625 1700 1664 positum
1727 1634 1790 1655 non
1823 1628 1884 1655 est.

98 1699 193 1740 Quod
218 1701 325 1728 autem
354 1702 475 1724 comam
504 1700 576 1722 cum
604 1689 716 1730 pennis
743 1688 814 1719 alae
841 1688 952 1727 parvis
979 1689 1237 1727 comparaverit,
1267 1686 1297 1716 in
1332 1695 1371 1716 eo
1406 1695 1527 1716 comam
1553 1685 1685 1716 brevem
1710 1685 1886 1717 hirsutam·

100 1774 163 1805 que
190 1762 292 1794 fuisse
317 1756 454 1788 invenio.

912 1831 1074 1866 xvll.

845 1900 988 1934 Alius
1011 1897 1149 1932 «lixit.

102 1983 131 2011 1.
175 1979 258 2017 Quid
278 1980 336 2015 est,
351 1975 434 2016 quod
453 1974 507 2004 diu
529 1982 546 2002 e
567 1980 675 2002 somno
696 1980 745 1999 me
766 1972 885 1999 excitet
900 1971 1087 2009 effatuque,
1101 1969 1137 1997 ut
1157 1965 1280 2004 vigilem
1303 1969 1493 2004 exspectans
1517 1975 1629 1996 sonum
1645 1962 1768 2008 (galla)
1787 1966 1889 1997 lobulo

601 2034 735 2055 carnoso
758 2025 816 2054 sub
838 2027 941 2053 rostro
961 2022 1107 2060 praediti,
1131 2021 1242 2050 domus
1263 2020 1413 2050 incolae?

218 2101 374 2140 Miratur,
411 2096 494 2137 quod
520 2104 632 2126 somno
660 2094 825 2135 indulgere
852 2102 914 2123 non
941 2092 1070 2132 possit3
1098 2089 1157 2120 sed
1183 2099 1256 2121 cum
1283 2089 1443 2120 desiderio
1477 2088 1554 2131 galli
1589 2097 1704 2119 vocem
1732 2088 1889 2119 Auroram

105 2164 318 2197 adnuntiantis
345 2164 524 2200 exspectet.
577 2157 742 2188 Mersukio
778 2165 903 2197 quoque
937 2153 1110 2184 adnotante
1149 2151 1239 2182 hisce
1265 2152 1417 2181 versibus
1446 2150 1476 2181 in
1503 2150 1608 2190 capite
1643 2149 1889 2190 descriptionum

103 2231 194 2261 locus
228 2225 426 2267 potissimum
464 2223 625 2252 convenit.
667 2220 761 2250 Alter
794 2217 922 2259 legendi
949 2216 1062 2246 modus
1089 2219 1159 2245 est:
1186 2219 1319 2255 (9ς-,ςυῳ
1347 2210 1438 2260 0³³⁸>
1468 2216 1571 2261 (9ῧμ
1599 2211 1629 2242 ἲό
1653 2210 1677 2242 la
1706 2212 1800 2253 »quid
1826 2217 1887 2250 est,

104 2291 187 2333 quod
215 2300 233 2320 e
259 2296 370 2320 somno
396 2296 448 2317 me
475 2284 608 2324 excitet,
636 2282 709 2312 dum
735 2289 868 2310 somnus
894 2289 945 2309 me
972 2273 1134 2308 delectat?

105 2391 136 2419 2.
181 2388 283 2425 Quasi
300 2388 333 2415 in
354 2386 422 2414 eius
446 2385 548 2421 capite
570 2380 677 2409 oxalis
699 2377 794 2407 herba
818 2377 855 2405 ab
877 2377 964 2404 initio
988 2377 1118 2403 aestatis
1139 2382 1288 2403 crescens
1310 2375 1360 2410 sit„
1386 2376 1422 2402 ut
1439 2375 1582 2411 fructum
1600 2374 1697 2412 ferat.

218 2456 353 2488 Cristam
382 2452 457 2494 galli
484 2450 642 2481 describit.
697 2449 770 2479 Vox
796 2444 909 2484 &ok-0>
936 2444 1061 2483 plantae
1087 2453 1201 2473 nomeu
1228 2447 1291 2482 est,
1318 2452 1398 2481 quae
1425 2443 1464 2472 ab
1493 2443 1652 2473 Arabibus
1678 2439 1887 2472 crassioribus

107 2517 348 2556 durioribusque
381 2515 615 2545 adnumeratur.
676 2511 815 2540 Fructus
850 2508 962 2538 rubros
995 2507 1116 2537 habere
1154 2507 1276 2537 dicitur.
1338 2506 1431 2536 Hanc
1465 2505 1505 2535 ob
1531 2512 1660 2535 causam
1697 2511 1764 2533 cum
1790 2501 1887 2530 crista

109 2581 184 2621 galli
211 2579 280 2609 eius
307 2578 432 2608 fructus
459 2576 539 2605 bene
566 2576 779 2613 comparatur.
807 2571 907 2600 Poeta
935 2575 1034 2598 metro
1062 2567 1184 2607 Redjes
1212 2576 1291 2597 usus
1319 2566 1417 2597 dixit:
1448 2566 1499 2596 Ut
1523 2566 1700 2596 fructus
1738 2561 1885 2591 ferens
