2155 2892
900 123 1169 155 —286—

262 228 296 256 lu
332 226 436 264 priore
471 233 571 254 versu
605 223 763 254 fortunam
789 224 905 255 iniusto
939 224 1029 255 modo
1057 225 1140 255 dona
1165 234 1225 256 sua
1251 225 1440 256 distribuere
1466 224 1552 265 dicit,
1581 225 1654 256 dum
1679 228 1806 267 stupido
1833 228 1929 271 longa

142 292 211 320 vita
236 287 445 325 concedatur3
472 290 624 316 versutus
653 291 756 316 autem
784 287 1015 318 calamitatibus
1043 288 1223 329 adfligatur.
1276 289 1419 319 Verbum
1446 284 1502 316 §Lol
1528 297 1548 318 a
1570 297 1651 318 voce
1680 286 1769 333 051.-
1795 287 1880 333 (dies
1896 296 1929 321 et

140 347 219 393 nox)
258 348 462 379 derivandum
488 358 564 378 esse
591 348 670 378 dixit
696 349 905 388 scholiastes,
943 356 978 381 ut
1003 351 1197 392 significatio
1226 350 1354 390 propria
1388 350 1431 380 sit
1469 349 1575 380 »dedit
1603 353 1727 380 noctem
1754 354 1785 381 et
1810 351 1925 381 diem«

141 415 175 443 In
202 414 380 452 posteriore
406 416 503 451 poeta
529 421 586 441 eos
619 412 799 452 vituperat,
835 413 887 452 qui
912 413 943 442 in
970 412 1131 443 beneficiis
1160 411 1359 442 conferendis
1387 419 1502 440 avaros
1534 419 1571 440 se
1598 410 1778 441 ostendant.
1840 411 1929 449 Quae

141 475 220 505 enim
244 475 298 504 illa
327 473 432 504 officia
459 463 604 526 (ὁᾲὲὶ)
633 475 712 515 sint,
740 485 781 505 ex
808 485 868 505 usu
894 476 983 505 verbi
1012 474 1110 513 ὼὲμῳ,
1137 475 1349 517 cognoscitur.
1411 474 1501 504 Voce
1534 469 1638 502 ammi
1674 473 1830 503 haeredes
1867 484 1926 504 ex-

140 537 243 577 ceptis
281 542 372 577 patre
411 537 544 576 filiisque
579 537 806 578 designantur,
844 537 916 568 dum
951 538 1218 579 significationem
1248 542 1303 566 aut
1330 546 1348 566 a
1375 535 1551 576 cingendo,
1579 536 1800 566 circumdando
1828 542 1881 567 aut
1907 546 1926 568 a

140 598 302 639 fatigando
330 598 507 628 derivatam
541 608 618 628 esse
653 603 775 638 putant.
837 598 1074 630 Grammaticus
1103 599 1302 629 Abu-l’Ahla
1331 607 1349 627 e
1377 597 1493 628 Corani
1518 598 1626 628 verbis
1654 598 1755 637 (conf.
1790 599 1864 629 Sur.
1895 600 1928 641 4,

144 661 198 691 15.
231 660 329 699 175.)
357 660 527 698 concludit,
554 660 669 691 fratres
697 670 715 689 e
743 663 852 690 matris
879 666 970 700 parte
996 661 1176 701 significari.
1243 661 1276 690 In
1303 660 1403 690 altero
1436 659 1504 688 loco
1532 668 1692 698 sororem,
1729 669 1811 699 quae
1837 661 1930 691 dimi-

141 724 223 755 diam
251 728 373 763 partem
402 722 608 753 haereditatis
636 723 778 761 accipiat,
806 722 987 763 significari.
1040 723 1172 752 Fratres
1200 732 1217 751 e
1244 721 1341 761 patris
1369 725 1457 760 parte
1485 730 1608 760 quoque
1634 721 1803 762 significari
1830 732 1931 762 posse

145 786 229 817 dicit.
294 786 355 824 Qui
389 785 518 825 dicunt,
551 794 633 815 voce
669 782 750 813 &SEU
786 794 896 814 omnes
920 785 1094 826 significari
1120 790 1249 825 praeter
1283 784 1381 814 filium
1409 789 1593 823 patremque
1619 793 1761 815 sororem
1787 787 1931 825 aliosque

140 853 295 890 cognatos
314 848 547 889 significatione
575 849 840 887 complectuntur.
867 848 990 878 Vocem
1008 846 1032 876 L·
1048 849 1137 877 vario
1164 847 1256 878 modo
1286 847 1440 886 explicari
1459 856 1557 886 posse
1584 847 1699 877 dicunt.
1726 847 1931 887 Superfluam

143 920 217 941 esse
254 920 372 950 posse,
405 915 438 940 ut
475 919 594 940 sensus
628 911 693 943 sitt
731 920 846 950 pecora
880 918 937 940 sua
972 911 1162 941 haeredibus
1190 915 1317 950 pastum
1344 911 1441 940 mittit
1469 914 1524 940 aut
1550 919 1663 940 vocem
1692 909 1715 938 la
1741 910 1821 940 idem
1848 911 1931 950 quod

144 967 235 1013 &cxii
263 972 443 1014 significare
469 972 488 1002 i.
516 980 544 1002 e:
572 976 603 1002 et
630 972 672 1012 id,
699 973 783 1013 quod
810 978 935 1012 pastum
962 973 1086 1011 emittit,
1115 973 1306 1003 haeredibus
1333 974 1480 1003 alimento
1509 977 1561 1002 est
1587 977 1642 1002 aut
1669 981 1779 1002 vocem
1807 970 1831 1001 la
1860 983 1930 1004 cum

144 1041 300 1075 sequente
327 1036 426 1065 verbo
455 1036 524 1065 loco
553 1036 684 1065 nominis
714 1035 847 1065 actionis
875 1044 969 1073 esse,
1003 1040 1037 1065 ut
1063 1037 1106 1065 sit
1132 1043 1188 1074 pro
1214 1031 1272 1064 am
1300 1032 1420 1073 &inl-wi,
1457 1029 1519 1078 »eq
1544 1033 1626 1074 quod
1660 1043 1776 1073 pecora
1804 1038 1928 1074 pastum

145 1101 269 1138 emittit,
297 1109 359 1128 non
384 1100 461 1138 sibi3
488 1099 547 1128 sed
573 1099 643 1128 aliis
670 1098 795 1129 utilitati
822 1103 908 1128 est«.

143 1197 196 1226 15.
241 1195 325 1232 Quid
345 1198 479 1225 avaritia
501 1198 530 1225 ei
548 1197 687 1233 prodest,
711 1197 766 1233 qui
786 1196 879 1223 morti
899 1196 1028 1233 eiusque
1045 1197 1113 1235 fato
1133 1206 1249 1233 scopus
1266 1196 1419 1233 petendus
1441 1196 1514 1224 est?

143 1262 196 1292 16.
246 1263 338 1292 Videt
358 1264 485 1300 aymina
508 1265 581 1291 ante
603 1271 638 1291 se
657 1263 832 1299 pereuntia,
853 1263 940 1290 sicut
959 1271 1010 1290 res
1027 1263 1135 1301 fracta
1154 1265 1244 1300 perit.

254 1332 431 1362 Avaritiam
458 1331 505 1369 ei,
539 1330 590 1360 cui
616 1329 811 1360 moriendum
839 1330 889 1367 sit,
916 1331 958 1361 nil
984 1331 1152 1370 prodesse,
1181 1332 1407 1371 experientiam
1444 1332 1592 1372 temporis
1617 1331 1780 1372 praeteriti
1805 1331 1932 1362 docere.

143 1393 340 1424 Sclioliastes
368 1393 473 1434 docet>
488 1402 603 1423 vocem
614 1397 715 1437 03²³>
729 1393 757 1422 si
772 1395 980 1423 masculinum
1000 1402 1099 1434 genus
1126 1393 1252 1432 habeat,
1280 1400 1406 1434 tempus
1425 1393 1529 1439 (590),
1543 1396 1593 1424 sin
1621 1393 1769 1435 feminini,
1796 1398 1932 1424 mortem

143 1451 246 1498 (istan)
272 1455 451 1496 designare.
504 1455 539 1484 In
565 1454 626 1485 hoc
653 1454 795 1495 regulam
822 1454 1025 1484 observatam
1051 1455 1208 1497 videmus,
1237 1465 1337 1486 voces
1364 1465 1466 1496 genus
1493 1465 1601 1485 earum
1628 1464 1743 1484 vocum
1776 1455 1932 1495 accipere,

143 1518 256 1557 quibus
282 1519 518 1559 significatione
548 1518 699 1557 aequales
727 1517 800 1546 sint.
857 1517 979 1548 Vocem
1007 1527 1130 1558 quoque
1158 1525 1221 1549 tam
1248 1529 1412 1548 numerum
1441 1517 1634 1558 singularem
1661 1526 1753 1556 quam
1780 1516 1932 1556 pluralem

146 1579 327 1620 designare.
356 1581 495 1610 Verbum
521 1583 595 1611 M
621 1581 651 1610 in
678 1580 753 1621 igne
780 1578 958 1618 adhibetur,
986 1586 1020 1611 ut
1047 1581 1192 1612 homines
1219 1582 1343 1611 omniuo
1370 1584 1538 1621 pereuntes
1565 1588 1633 1609 cum
1659 1579 1734 1620 igne
1760 1579 1932 1619 exstincto,

146 1646 180 1671 ut
207 1642 248 1671 nil
275 1643 425 1683 supersit,
453 1644 625 1682 comparati
652 1644 724 1676 sint.

146 1738 196 1767 17.
241 1738 385 1767 Illumlus
406 1741 491 1776 perit
511 1748 611 1778 neque
632 1714 839 1778 infor‘tunium
862 1741 958 1768 durat
984 1749 1084 1778 neque
1100 1743 1240 1780 fortuna.

146 1805 198 1835 18.
242 1806 377 1836 Cuilicet
396 1809 460 1835 viro
483 1810 539 1836 aut
559 1809 676 1836 coniux
697 1810 848 1836 morietur
870 1811 927 1836 aut
946 1810 1013 1845 ipse
1036 1809 1163 1844 com'uyz’
1184 1809 1343 1836 morietur.

248 1874 378 1905 Sortem
405 1875 585 1917 humanam,
615 1885 676 1915 qua
705 1876 830 1906 cuilibet
856 1875 1049 1906 moriendum
1076 1876 1129 1914 sit,
1156 1876 1315 1906 describit.

147 1971 198 2002 19.
243 1972 353 2011 Neque
372 1973 431 2011 filii
449 1976 540 2010 pater
562 1975 645 2001 scire
664 1975 775 2010 potest,
801 1982 875 2001 num
898 1974 965 2009 ipse
986 1981 1019 2000 eo
1041 1972 1168 2001 orbatus
1189 1981 1230 2000 an
1241 1973 1327 2011 filius
1348 1973 1510 2009 orphanus
1523 1973 1655 2011 futurus
1674 1974 1724 2001 sit.

146 2038 204 2068 20.
249 2039 337 2067 Bello
358 2049 418 2076 par
440 2043 487 2068 est
508 2040 620 2078 durus,
646 2041 700 2078 qui
721 2038 950 2067 calamitatibus
973 2038 1061 2067 haud
1082 2038 1246 2075 impeditus
1269 2039 1301 2066 in
1320 2040 1478 2075 proposito
1497 2041 1687 2075 perseverat,

148 2103 214 2144 (1).
226 2103 354 2144 532.)
375 2108 538 2145 Quaenam
559 2115 663 2139 autem
692 2118 763 2137 sors
791 2108 915 2138 cuilibet
941 2107 1099 2138 destinata
1125 2111 1178 2148 sit,
1205 2111 1359 2138 nemiuem
1378 2109 1459 2137 scire
1486 2116 1595 2146 posse.
1617 2107 1813 2137 Scholiastes
1833 2106 1928 2147 igitur

149 2176 275 2211 poetam
305 2180 432 2201 monere
459 2171 541 2208 dicit,
557 2180 596 2200 ne
611 2171 678 2209 quis
694 2171 723 2199 in
741 2170 855 2200 familia
870 2169 941 2199 belli
958 2174 1099 2209 ternpore
1115 2169 1260 2200 fiduciam
1275 2169 1449 2208 ponendam
1468 2179 1543 2199 esse
1558 2174 1666 2209 putet3
1694 2168 1752 2198 sed
1779 2169 1809 2198 iu
1835 2168 1928 2198 animi

151 2233 354 2273 fortitudine3
379 2232 452 2262 mihi
479 2237 585 2262 autem
611 2241 708 2262 sensu
735 2237 904 2271 separatus
932 2232 1067 2272 videtur,
1090 2237 1125 2261 ut
1150 2232 1343 2273 generaliter
1369 2231 1526 2261 hominem
1553 2231 1592 2261 ad
1618 2231 1731 2261 bellum
1759 2230 1839 2260 bene
1865 2239 1927 2271 ge-

152 2295 280 2326 rendum
308 2300 415 2334 aptum
442 2294 613 2324 describat.

154 2392 207 2421 21.
253 2391 316 2427 Qui
336 2401 461 2420 morsus
481 2393 549 2420 eius
572 2391 660 2420 haud
680 2400 773 2429 aeqre
791 2391 858 2429 sert
877 2394 908 2419 et
930 2391 984 2419 ubi
999 2392 1125 2429 fortiter
1144 2394 1314 2427 pugnatur,
1339 2392 1487 2420 audacter
1507 2392 1651 2429 procedit.

152 2459 207 2487 22.
250 2457 336 2487 Scito
358 2467 487 2496 quoque,
511 2458 589 2486 bello
608 2467 717 2495 parem
740 2466 802 2486 non
822 2467 891 2485 esse
911 2456 1103 2494 petulantem
1125 2460 1154 2485 et
1175 2457 1404 2494 impatientem!

251 2527 285 2556 1n
313 2526 401 2556 hisce
435 2527 582 2557 versibus
619 2537 690 2557 cum
725 2526 867 2567 proxime
902 2526 1113 2565 praecedente
1145 2526 1387 2557 cohaerentibus
1425 2531 1520 2566 poeta
1557 2525 1710 2554 hominem
1749 2524 1928 2556 describere

153 2588 269 2629 pergit,
296 2589 345 2627 qui
370 2589 451 2619 bello
478 2594 570 2628 aptus
596 2594 652 2620 aut
677 2599 738 2619 non
766 2593 860 2628 aptus
888 2588 940 2618 sit.
970 2588 1090 2619 Bellum
1117 2597 1189 2619 cum
1215 2589 1338 2619 animali
1365 2597 1481 2628 rapace
1507 2587 1712 2628 comparavit,
1730 2586 1811 2626 quod
1841 2597 1927 2629 pug-
