2155 2892
906 132 1176 163 —552—

146 237 347 267 »Demittens
374 238 470 273 caput
493 233 524 263 in
550 242 714 263 somnum«
737 233 789 272 (ln
805 233 935 262 Kamusi
963 242 1060 272 opere
1075 238 1152 261 axam
1166 233 1314 274 legitur),
1334 233 1449 273 quippe
1466 241 1547 273 quae
1563 233 1661 263 verba
1676 235 1855 273 superbiam
1873 235 1932 266 de-

141 300 278 339 signent.
308 298 396 327 Voce
416 306 613 341 AE537quae
639 296 766 335 proprie
794 295 879 325 filum
908 295 1031 325 duobus
1057 297 1213 326 coloribus
1242 302 1402 338 constans,
1431 303 1465 327 ut
1493 296 1563 327 albo
1591 298 1754 339 nigroque,
1772 299 1932 341 designat,

140 360 171 389 in
196 368 295 389 versu
322 358 497 388 exercitum
526 357 664 387 diversis
693 358 845 399 gentibus
873 358 1003 387 mixtum
1032 357 1169 387 indicare
1197 358 1276 388 vult.
1304 359 1509 389 Scholiastes
1541 359 1626 399 dicit,
1644 369 1725 389 voce
1758 360 1935 401 significari

139 425 248 461 partes
283 421 352 450 eius
387 421 424 450 ab
462 420 596 449 invicem
631 420 752 450 distare
787 424 842 450 aut
871 419 1112 459 propinquiores
1142 428 1227 457 esse,
1258 420 1310 459 qui
1336 421 1565 460 interpretandi
1594 421 1704 451 modus
1732 421 1805 452 mihi
1833 422 1933 453 minus

140 483 256 524 placet.
286 484 335 513 De
363 483 414 512 filo
443 482 565 513 duobus
602 483 759 512 coloribus
787 483 949 521 distincto,
980 491 1040 521 quo
1067 482 1136 512 mali
1165 481 1245 512 oculi
1274 492 1389 512 noxam
1415 488 1563 514 avertere
1591 483 1762 515 studebant
1789 484 1934 515 conferas

140 555 171 586 p.
199 545 280 576 358.

139 643 171 672 2.
221 642 319 671 Visne
339 641 521 671 Alunt-uum
544 642 569 670 b.
594 641 764 676 Alcltalilz,
799 651 889 680 quem
913 640 1041 670 Calibus
1064 640 1233 679 defendit?
1284 639 1395 669 Sane!
1421 643 1455 669 Ιιι
1486 650 1555 670 eum
1577 642 1774 671 vehementer
1797 645 1935 672 amatum

963 703 1111 722 mvemes.

241 766 444 805 Propositum
472 765 553 805 eius,
581 773 673 803 quem
702 763 840 793 allocuta
870 766 933 801 est,
958 765 1155 804 vituperare,
1173 763 1202 792 in
1230 765 1333 793 animo
1362 766 1421 793 est.
1451 763 1528 793 Vult
1555 768 1659 794 autem
1688 768 1816 805 gentem
1843 764 1933 795 Cahb

139 829 168 858 b.
197 827 319 857 Rabiah
348 828 375 857 b.
405 827 527 866 Ahmir,
568 836 673 866 quam,
710 826 890 865 priusquam
926 826 964 856 ad
999 827 1085 857 illum
1113 827 1281 866 pervenire
1309 829 1445 866 poterat,
1474 825 1626 856 invadere
1666 825 1809 856 debebat.
1871 826 1933 865 Qui

140 894 245 920 autem
274 899 293 919 a
319 889 386 919 suis
412 894 538 919 amatus
566 893 628 926 est,
657 898 729 918 eum
757 893 867 920 contra
894 889 1019 919 hostem
1047 888 1232 918 defendunt.

137 987 170 1017 3.
214 986 407 1016 Alclmmzus
429 990 509 1016 enim
526 998 596 1016 cum
616 988 742 1026 familia
763 998 822 1017 sua
845 990 878 1016 in
896 990 990 1024 qenle
1012 986 1128 1015 Allmir
1150 988 1253 1014 e‘nslar
1275 986 1380 1014 cordis
1404 989 1453 1014 esl
1470 989 1594 1023 pectore
1616 988 1773 1024 costisque
1794 988 1874 1016 tecti.

257 1057 430 1096 Comparat
457 1060 554 1086 totam
582 1057 703 1086 Ahmiri
732 1061 862 1098 gentem
890 1066 960 1087 cum
988 1065 1132 1095 corpore,
1161 1055 1250 1085 cuius
1276 1065 1331 1086 cor
1359 1054 1545 1084 Alchalilius
1573 1055 1625 1085 sit.
1680 1054 1722 1085 Ut
1748 1060 1855 1085 autem
1882 1064 1934 1085 cor

138 1124 271 1158 pectore
305 1123 335 1148 et
373 1118 470 1148 costis
508 1118 674 1148 defensum
703 1123 775 1157 est,
802 1119 848 1148 sic
878 1118 1035 1148 Alclialihi
1061 1118 1177 1148 familia
1205 1127 1261 1157 per
1287 1122 1382 1148 totam
1411 1122 1539 1158 gentem
1567 1117 1678 1148 Ahmir
1706 1117 1734 1147 b.
1764 1117 1930 1148 Zahzaah.

139 1179 220 1209 Voci
246 1177 273 1217 a}
300 1179 380 1209 alter
408 1180 534 1221 legendi
560 1181 673 1210 modus
701 1195 743 1220 cf·
769 1181 799 1210 in
827 1181 933 1211 codice
960 1181 1097 1210 'l'ebrisii
1125 1182 1366 1220 superscriptus
1393 1184 1454 1209 est.

140 1274 172 1304 4.
216 1274 266 1303 Ne
288 1283 425 1313 unquam
448 1276 482 1303 in
500 1275 657 1314 familiam
690 1276 915 1314 Almonrrefi
944 1278 1157 1305 incursionem
1187 1276 1330 1304 hostilem
1356 1277 1479 1314 facias,
1511 1286 1591 1314 quae
1620 1285 1721 1315 neque
1751 1278 1869 1306 iniusta
1892 1279 1940 1306 est

822 1339 923 1368 neque
945 1332 1094 1358 iniurzhm
1115 1328 1258 1367 patilla-l

238 1401 362 1439 Monet,
389 1409 440 1437 ne,
466 1399 538 1428 sive
565 1398 706 1428 iniuriam
733 1397 849 1427 inferre
876 1398 955 1426 velit
981 1397 1053 1427 sive
1080 1397 1251 1427 vindictam
1280 1406 1420 1437 sumere,
1448 1398 1528 1427 illam
1556 1402 1685 1438 gentem
1713 1397 1853 1427 invadat.

139 1499 171 1528 5.
215 1497 305 1528 Gens
331 1501 398 1535 esl,
429 1498 519 1527 cuius
544 1498 628 1525 inter
657 1498 792 1525 tentoria
825 1497 979 1524 stationes
1008 1505 1159 1534 equorum
1187 1498 1264 1523 sunt
1290 1498 1321 1523 et
1352 1494 1498 1532 cuspides
1520 1494 1698 1529 caeruleae,
1724 1503 1804 1531 quae
1828 1494 1939 1523 stellae

961 1553 1126 1587 putantur.

252 1621 393 1651 Causam
424 1622 534 1650 moniti
561 1620 658 1650 addit.
722 1619 813 1651 Gens
849 1622 945 1650 armis
975 1624 1007 1649 et
1032 1619 1121 1657 equis
1149 1618 1369 1658 potentissima
1396 1621 1428 1647 et
1453 1625 1582 1655 semper
1608 1615 1646 1645 ad
1673 1616 1788 1645 bellum
1816 1620 1935 1655 parata.

143 1682 304 1722 Cuspides
332 1682 464 1721 chalybe
484 1682 646 1712 confectas
667 1683 835 1712 caeruleas
863 1691 939 1712 esse
959 1680 1033 1710 dicit
1061 1685 1093 1710 et
1112 1681 1151 1709 ob
1179 1680 1382 1719 splendorem
1409 1689 1479 1709 cum
1507 1679 1612 1708 stellis
1631 1683 1806 1718 comparat,
1835 1677 1937 1708 Simili

143 1746 233 1777 modo
261 1745 433 1775 bellatores
461 1745 500 1774 ob
527 1754 614 1774 arma
640 1744 796 1785 fulgentia
822 1754 893 1774 cum
921 1743 1020 1775 stellis
1047 1744 1221 1783 comparati
1248 1747 1320 1773 sunt
1345 1744 1449 1773 Ham.
1478 1745 1525 1772 W‘l·
1553 1742 1623 1771 infr.

143 1857 174 1887 6.
219 1856 343 1886 Lucerci
366 1856 476 1884 tunica
498 1856 637 1890 indutus,
664 1864 752 1892 quem
774 1857 806 1883 in
829 1855 928 1883 medio
949 1855 1108 1882 domorum
1131 1854 1166 1881 ob
1187 1854 1339 1890 pudorem
1362 1854 1523 1889 aeyrolmn
1545 1861 1614 1880 esse
1635 1855 1741 1888 putas,

242 1926 299 1955 vir
326 1926 477 1955 honorem
506 1934 597 1954 suum
626 1924 737 1963 opibus
765 1925 906 1964 erogatis
935 1932 1129 1953 conservare
1158 1922 1299 1962 studens,
1328 1920 1482 1960 quomodo
1510 1921 1649 1950 vestitus
1670 1920 1722 1957 sit,
1742 1930 1803 1950 non
1839 1925 1938 1952 curat.

143 1988 263 2016 Tunica
291 1992 396 2016 autern
428 1996 520 2024 quum
549 1991 611 2015 lam
640 1986 746 2015 lacera
774 1988 828 2023 sit,
853 1991 887 2015 ut
915 1996 988 2024 pars
1016 1986 1087 2015 nudi
1116 1985 1258 2024 corporis
1286 1987 1367 2014 inter
1395 1983 1505 2013 domos
1537 1982 1701 2021 adpareat,
1729 1983 1850 2022 pudore
1879 1984 1938 2015 ad-

144 2048 247 2078 ficitur
279 2053 312 2077 et
346 2047 468 2086 quidem
508 2052 616 2088 tanto,
651 2051 683 2077 ut
718 2048 823 2077 colore
859 2052 979 2077 mutato
1014 2051 1166 2088 aegrotus
1196 2047 1296 2085 putari
1325 2046 1437 2085 possit.
1489 2046 1577 2075 Fieri
1605 2055 1731 2086 quoque
1759 2051 1875 2086 potest,
1904 2051 1938 2076 ut

145 2110 332 2140 modestiam
362 2110 420 2138 viri
448 2109 564 2147 laudet,
593 2120 675 2150 quae
702 2110 731 2139 in
759 2119 797 2139 eo
825 2110 980 2145 cernitur,
1010 2109 1092 2148 quod
1119 2109 1208 2147 quasi
1237 2107 1432 2147 pudibundus
1466 2117 1572 2146 parum
1600 2109 1753 2146 loquatur.
1808 2108 1871 2138 Alii
1898 2108 1937 2137 ob

144 2174 313 2204 continuas
341 2172 564 2212 expeditiones
593 2173 720 2203 bellicas
745 2173 882 2202 tunicam
912 2171 1045 2201 lacerari
1080 2175 1201 2210 putant.
1263 2171 1324 2199 Hic
1350 2178 1463 2199 sensus
1499 2179 1567 2199 cum
1597 2169 1752 2209 prioribus
1790 2169 1937 2199 versibus

144 2235 245 2275 magis
272 2233 445 2263 cohaerere
471 2233 609 2264 videtur.
637 2233 755 2263 Alnnru
783 2235 810 2264 b.
838 2234 995 2272 Alohauh,
1023 2235 1055 2263 ni
1080 2233 1180 2272 fallor,
1208 2233 1238 2262 in
1265 2233 1326 2262 hoc
1354 2238 1386 2262 et
1412 2238 1568 2273 sequente
1595 2243 1694 2264 versu
1720 2233 1874 2264 laudatur.

146 2342 215 2386 (1).
239 2341 374 2385 fffflc'i.)
418 2345 448 2373 7.
492 2345 610 2382 Donec,
635 2354 729 2382 quum
753 2343 904 2372 resillum
928 2343 1075 2376 elevatur,
1100 2353 1169 2371 enm
1192 2343 1249 2371 sub
1271 2344 1385 2372 remilla
1407 2346 1570 2373 emercitus
1593 2345 1702 2373 ducem
1724 2354 1793 2373 esse
1811 2345 1906 2374 vides.

261 2414 323 2443 llic
360 2422 477 2442 versus
513 2417 605 2442 sexto
643 2414 811 2451 oppositus
839 2416 901 2441 est.
966 2412 1025 2441 Vir
1054 2412 1115 2440 iste
1144 2412 1304 2442 modestus
1334 2417 1366 2441 et
1392 2413 1496 2443 lacera
1524 2417 1619 2443 veste
1647 2417 1747 2443 tectus
1775 2413 1937 2443 exereitus

145 2477 210 2507 dux
238 2481 300 2517 est,
329 2476 378 2514 qui
410 2476 554 2505 omnibus
581 2476 725 2515 imperat,
755 2476 782 2505 si
811 2475 926 2504 bellum
954 2475 1062 2503 oritur.
1116 2473 1274 2505 Gentibus
1304 2475 1442 2515 singulis
1470 2475 1590 2505 vexilla
1617 2478 1715 2514 erant,
1736 2483 1815 2513 quae
1836 2474 1936 2505 duces

146 2540 252 2579 primis
282 2539 477 2577 [euriporibus
504 2539 609 2568 lslami
644 2539 822 2578 portabant.
882 2538 1117 2567 Posterior-ibus
1157 2538 1352 2577 temporibus
1389 2548 1486 2577 super
1523 2537 1611 2566 dunis
1649 2536 1752 2575 capite
1786 2536 1936 2567 vexillum

145 2601 329 2640 portabatur
358 2600 460 2634 conf,
488 2610 517 2639 p.
548 2600 630 2634 563,
684 2601 855 2631 Exercitus
884 2610 994 2630 nomen
1021 2602 1137 2641 ansts>
1164 2601 1309 2641 obtinuit,
1329 2600 1411 2640 quod
1438 2600 1571 2639 quinque
1596 2598 1739 2637 partibus
1767 2599 1935 2629 constabat
