2155 2892
883 135 1154 166 —620—

128 279 188 319 (p.
212 276 331 320 τω.)
947 277 1104 310 xcn.

688 339 894 378 Man-ar
917 345 1194 379 Fakalnsita
1216 345 1354 380 dixit.

129 417 154 445 1.
198 416 324 444 [mavi.-
347 414 420 443 Non
443 413 650 449 abscondam,
672 422 768 452 quum
799 423 866 442 nox·
899 424 947 443 me
971 417 1064 451 leqit,
1088 416 1198 442 viatori
1221 418 1385 451 nocturno,
1411 415 1466 452 qui
1486 415 1590 451 ignem
1612 423 1629 442 e
1650 413 1821 453 lonqinquo
1843 424 1920 444 con·-

795 472 897 506 spicil,
934 473 1018 506 iynis
1041 470 1250 505 splendorem.

126 527 158 554 2.
203 524 230 554 0
253 534 306 553 vos
328 524 402 562 duo,
425 525 481 562 qui
500 525 604 560 iqnem
626 533 727 552 meum
748 525 936 558 accenditis,
971 534 1039 552 eum
1071 523 1210 552 adtollite
1217 532 1230 560 ;
1263 524 1405 561 fortasse
1435 524 1516 551 em'm
1551 523 1665 551 viatori
1685 525 1840 552 nocturno
1858 524 1922 561 fine

834 580 935 606 noclis
956 587 1052 614 eyeno
1075 578 1189 606 lucebit
1204 576 1218 605 Ι

127 634 159 664 3.
203 634 250 662 Et
269 634 346 672 quid
364 633 452 661 nobis
474 633 606 666 nocebit,
633 632 717 669 qnod
733 640 889 668 generosa
908 633 995 670 facie
1015 632 1201 668 praeditus,
1226 632 1418 666 emaciatus,
1444 639 1574 666 yemens
1597 631 1640 659 ad
1658 632 1761 667 ignem
1783 633 1925 660 nostrum

923 695 958 713 se
985 685 1125 721 diriffld?

228 755 427 795 Hospitalem
455 764 492 784 se
519 754 680 794 describit,
708 753 780 783 dum
812 753 921 783 socios
950 753 1031 783 duos
1060 763 1147 782 more
1174 757 1339 791 poetarum
1368 751 1465 791 (conf.
1494 751 1727 783 Amru-l‘Kaisi
1753 753 1862 784 Moan.
1891 763 1922 784 v.

131 818 180 857 1.)
208 818 362 854 hortatur,
379 821 412 845 ut
439 816 523 856 ignis
550 816 724 856 flammam,
739 825 799 854 quo
826 815 1001 845 viatoribus
1029 816 1112 845 viam
1141 814 1312 844 ostendere
1339 814 1454 853 solent,
1483 818 1634 854 augeant.
1684 815 1793 845 Tertio
1818 819 1924 845 autem

127 890 226 910 versu
252 883 348 919 poeta
375 878 548 908 adventum
575 877 712 917 hospitis
740 878 852 907 itinere
876 877 1001 919 fatigati
1029 878 1087 907 sibi
1115 878 1223 908 utilem
1252 876 1390 906 futurum
1417 884 1492 906 esse
1517 875 1666 909 ostendit,

132 977 164 1006 4.
209 977 311 1014 Quum
333 978 527 1014 interrogat:
581 974 717 1011 Quinam
740 973 837 1003 estis?
860 978 895 1003 ut
918 977 985 1003 eius
1009 971 1138 1014 (tynis)
1158 977 1284 1011 flentem
1307 975 1485 1011 coynoscat,
1510 980 1622 1001 nomen
1644 982 1745 1001 meum
1768 973 1835 1001 alta
1856 983 1929 1003 voce

661 1031 692 1058 ei
709 1030 880 1067 pronuntio
904 1031 935 1056 et
954 1038 1067 1057 nomen
1089 1038 1192 1057 meum
1215 1037 1278 1056 non
1300 1031 1395 1056 muto.

253 1099 316 1138 Qui
353 1099 443 1130 alteri
478 1098 661 1129 advenienti
700 1107 815 1127 nomen
844 1107 934 1128 suum
962 1098 1111 1138 occultat,
1138 1097 1166 1127 is
1194 1097 1304 1127 timere
1331 1096 1470 1137 videtur,
1497 1105 1538 1126 ne
1564 1094 1766 1134 vituperandi
1792 1104 1924 1125 causam

130 1163 288 1203 praebens
318 1160 556 1201 vituperatione
584 1159 778 1190 diffametur.

130 1260 162 1289 5.
207 1258 254 1288 Et
273 1259 351 1288 bono
372 1259 436 1287 cibo
459 1260 630 1292 vescentes,
656 1266 715 1294 quo
741 1256 893 1293 hospitem
916 1259 1059 1284 nostrum
1080 1257 1325 1293 eoecipiebamus,
1350 1258 1471 1284 noctem
1495 1255 1709 1292 transeqimus
1732 1257 1763 1283 et
1783 1254 1885 1283 cibum
1898 1255 1928 1283 ei

415 1315 580 1349 parantes,
605 1313 660 1349 qui
678 1313 869 1348 saqittaram
892 1311 966 1339 ludo
989 1311 1165 1347 acquisitus
1187 1319 1251 1339 mm
1273 1313 1350 1344 erat,
1373 1312 1641 1347 pernoctavimus.

225 1382 367 1412 Versum
394 1382 438 1412 ita
465 1382 558 1411 latine
584 1383 752 1420 vertimuS,
774 1385 807 1412 ut
825 1391 943 1412 sensus
969 1380 1120 1420 prodiret,
1141 1380 1189 1419 qui
1209 1380 1319 1410 verbis
1338 1380 1524 1419 aptissimus
1550 1379 1724 1410 videretur.
1742 1380 1788 1418 *Si
1807 1380 1929 1420 hospiti

102 1466 105 1470 -
130 1449 268 1475 mactato
295 1444 414 1474 camelo
442 1444 533 1473 cibus
566 1443 677 1484 largus
704 1448 844 1483 paratur,
864 1443 931 1474 fieri
959 1453 1020 1473 non
1049 1447 1168 1483 potest,
1185 1442 1245 1472 nisi
1273 1447 1308 1472 ut
1336 1442 1427 1473 cibus
1454 1442 1494 1472 ad
1520 1451 1577 1472 eos
1606 1451 1731 1481 quoque
1759 1442 1926 1483 redundet,

131 1506 212 1546 apud
247 1516 327 1546 quos
361 1506 507 1545 hospites
540 1512 731 1547 versantur3
760 1509 810 1537 sin
842 1511 945 1538 autem
973 1506 1096 1536 nonnisi
1124 1514 1198 1544 pars
1227 1505 1354 1535 mactati
1383 1504 1515 1544 cameli,
1552 1504 1604 1544 qui
1632 1504 1824 1545 sagittarum
1852 1504 1926 1534 ludo

129 1569 210 1598 inter
238 1569 346 1607 plures
374 1568 584 1609 distribuitur,
613 1569 681 1599 cibo
709 1569 857 1607 inservit,
883 1569 951 1598 fieri
978 1573 1097 1608 potest,
1125 1573 1160 1598 ut
1186 1568 1242 1597 vix
1269 1566 1387 1606 hospiti
1416 1565 1566 1596 sufficiat.
1618 1566 1709 1596 Prior
1736 1575 1790 1596 res
1818 1565 1929 1596 maiori

130 1630 213 1660 laudi
247 1629 432 1660 ducebatur.
490 1629 692 1660 Scholiastes
726 1630 904 1667 adnotavit,
932 1630 1070 1667 Arabes,
1098 1638 1189 1668 quum
1225 1628 1344 1666 hospes
1383 1632 1525 1667 tempore
1564 1630 1714 1667 penuriae
1751 1627 1930 1670 advenerit,

128 1693 281 1722 camelum
310 1696 480 1721 mactatum
517 1692 717 1732 sagittarum
744 1692 817 1722 ludo
845 1701 1024 1731 exponere,
1051 1696 1097 1731 ut,
1125 1691 1175 1720 cui
1202 1690 1264 1719 ista
1291 1698 1363 1718 sors
1391 1689 1572 1729 eontigerit,
1594 1688 1751 1727 hospitem
1776 1689 1845 1718 cibo
1869 1699 1930 1720 ex-

127 1754 232 1793 cipiat.
261 1754 354 1790 Sunt,
375 1754 427 1793 qui
455 1753 570 1791 dicant,
585 1754 698 1793 prioris
726 1754 826 1793 partis
854 1763 985 1783 sensum
1014 1762 1100 1791 esse,
1128 1762 1197 1793 eos.
1222 1762 1316 1791 quum
1345 1751 1500 1791 hospitem
1527 1750 1704 1781 honorifice
1731 1753 1929 1794 exceperint,

128 1816 252 1856 quietos
291 1824 365 1846 esse
399 1821 431 1846 et
468 1816 551 1846 hauc
585 1816 723 1855 quietem
758 1816 874 1845 bonum
909 1816 1105 1855 appellatum
1141 1825 1228 1845 esse.
1292 1815 1371 1844 Voci
1398 1819 1506 1845 autem
1533 1812 1619 1859 'isia-525
1644 1814 1768 1844 varium
1796 1824 1929 1846 sensum

131 1880 322 1918 interpretes
349 1879 499 1908 tribuere.
564 1878 648 1908 Fieri
677 1887 776 1917 posse
809 1877 927 1915 dieunt,
955 1883 987 1908 ut
1015 1878 1127 1907 nomini
1155 1878 1248 1907 vocis
1276 1875 1347 1923 5025}
1376 1879 1396 1907 i.
1425 1886 1453 1906 e.
1482 1876 1615 1906 nominis
1641 1876 1774 1906 actionis
1809 1876 1932 1910 hono,

130 1940 259 1970 randi
285 1940 479 1981 significatio
505 1939 547 1970 sit
571 1940 589 1969 i.
617 1950 645 1970 e.
675 1940 748 1970 dum
776 1948 832 1969 nos
861 1939 1023 1978 hospitem
1050 1939 1256 1978 honoramus,
1284 1943 1339 1969 aut
1366 1938 1435 1968 fieri
1463 1947 1574 1979 posse,
1601 1942 1637 1968 ut
1663 1937 1763 1967 honor
1789 1938 1930 1977 hospitis

130 2012 167 2033 eo
195 2004 363 2044 consistat,
392 2003 474 2043 quod
500 2003 528 2032 is
555 2003 595 2033 ad
622 2008 753 2044 gentem
782 2002 967 2041 pervenerit
994 2006 1027 2031 et
1055 2011 1138 2042 gens
1165 2002 1195 2031 in
1222 2001 1326 2039 laude,
1351 2010 1413 2040 qua
1442 2001 1545 2039 ipsam
1574 2004 1743 2030 ornaturus
1771 2000 1825 2040 sit,
1845 1999 1930 2030 fidu-

129 2079 208 2106 ciam
236 2082 341 2116 ponat.
405 2079 438 2107 In
473 2077 631 2107 Mersukii
671 2076 779 2106 codice
807 2081 912 2106 autem
938 2072 1021 2107 'aia-aio
1047 2064 1149 2116 &343
1191 2076 1311 2106 »cibum
1340 2074 1524 2104 offerimus«
1556 2078 1589 2104 et
1617 2074 1690 2104 alibi
1715 2076 1803 2109 ὶί-»ὼΦ
1828 2075 1929 2115 ύὼρ

138 2151 296 2181 »hostiam
332 2151 513 2181 offerimus«
556 2152 685 2193 legitur.
738 2152 771 2180 In
802 2150 938 2180 Tebrisii
965 2150 1082 2180 codicis
1111 2150 1251 2189 margine
1277 2132 1361 2180 isa-:33
1389 2136 1490 2189 5343
1519 2149 1714 2189 adscriptum
1740 2152 1801 2179 est.

939 2246 1121 2279 xvlll.

565 2313 787 2346 ohrwah
820 2313 860 2345 h,
892 2312 1097 2345 Alwaml
1133 2309 1345 2345 Ahbsita
1369 2310 1507 2344 ‹lixu-

887 2382 922 2420 (ο
936 2392 953 2411 ο
968 2393 986 2411 n
1001 2382 1020 2412 f.
1058 2392 1088 2421 p.
1117 2381 1176 2423 t'w)

134 2472 159 2499 l.
209 2471 304 2498 Valet»
330 2474 458 2498 mult-em
485 2469 630 2497 Hassam·
651 2477 742 2496 mane
766 2477 812 2496 me
835 2468 1074 2504 vituperanlem,
1101 2467 1175 2494 dum
1199 2466 1341 2495 hostibus
1364 2477 1411 2496 me
1434 2471 1532 2496 lere-et
1554 2471 1584 2496 et
1603 2468 1709 2495 anima
1732 2464 1928 2494 vehementer

977 2522 1070 2548 limet.

227 2593 325 2622 Poeta
361 2593 418 2621 iter
445 2596 658 2631 suscepturus
686 2596 767 2621 erat.
822 2590 864 2619 At
894 2590 956 2620 hoc
984 2599 1063 2619 uxor
1091 2594 1144 2620 aut
1175 2590 1236 2620 alia
1263 2590 1378 2620 femina
1406 2588 1511 2620 conf.
1539 2589 1630 2618 Ham.
1650 2587 1693 2616 ‘ru‘
1720 2596 1752 2617 v.
1781 2586 1822 2627 2,
1861 2595 1932 2616 eum
