2155 2892
920 128 1190 159 -280—

154 233 185 261 4.
242 232 287 261 Et
315 231 420 267 aqenti
447 238 463 257 e
484 228 571 257 nobis
598 230 632 257 in
663 238 697 257 re
724 231 787 266 ipsi
806 228 968 257 accidente
989 226 1146 256 auxilium
1164 227 1318 265 ferimus,
1345 229 1382 256 ut
1409 227 1477 255 eius
1500 229 1650 264 tanquam
1672 226 1794 256 domini
1823 229 1938 265 agendi

846 284 998 311 rationem
1017 281 1237 310 secundemus.

258 356 292 384 In
318 355 416 394 primo
451 354 562 383 horum
598 361 748 382 versuum
776 362 813 382 se
841 361 898 381 eos
925 360 1000 381 esse
1027 350 1114 389 dicit,
1141 349 1202 389 qui,
1230 351 1258 379 si
1284 336 1391 391 gentis
1419 359 1471 379 res
1498 349 1658 379 discordia
1687 356 1937 390 corrumpantur,

160 419 239 448 inter
267 421 376 457 partes
404 425 516 455 pacem
542 419 730 454 componant
757 418 788 444 et
807 422 962 453 nunquam
991 411 1167 442 discordiae
1195 421 1325 442 causam
1353 411 1508 442 adferant.
1561 412 1596 440 In
1622 411 1765 442 secundo
1793 422 1829 442 se
1856 423 1938 443 nun-

158 488 251 518 quam
274 478 404 519 invidia,
434 476 515 516 quod
541 477 585 506 illi
622 475 755 517 gloriam
783 475 997 515 honoremque
1024 477 1187 505 consecuti
1214 474 1297 511 sint,
1334 477 1509 504 commotus
1537 474 1574 503 iis
1602 474 1769 504 adversari
1798 478 1938 515 exponit.

154 545 187 574 ln
218 544 314 573 tertio
349 541 483 580 denique
509 549 546 569 se
573 539 653 569 omni
680 538 771 568 modo
800 538 838 568 iis
866 538 896 567 in
922 537 1047 579 agendo
1074 536 1222 567 auxilium
1250 539 1409 574 praetere,
1437 538 1471 565 ut
1496 534 1611 565 domini
1644 536 1760 577 agendi
1787 537 1939 567 rationem

155 605 246 646 sequi
273 605 408 644 possint.

156 706 187 734 5.
242 703 286 732 Et
309 703 364 741 qui
384 702 537 729 matutino
561 703 697 735 tempore
719 699 761 727 ad
780 697 937 727 auxilium
959 705 1018 725 'nos
1041 698 1139 730 vocat,
1165 696 1195 723 εἰ
1216 696 1311 723 misso
1333 695 1476 722 exercitu
1499 697 1685 731 conqreyato
1707 696 1941 733 respondemus,

409 756 502 783 cuius
523 754 641 791 equites
664 752 807 781 celeriter
828 760 923 788 equos
947 749 1170 782 conscendunt,
1196 759 1291 788 quum
1313 750 1356 778 ad
1376 750 1533 778 uuaz-ilium
1553 753 1689 779 vocatur.

256 825 397 855 Sensum
425 825 530 863 quarti
552 830 670 851 versus
696 820 839 860 pluribus
866 828 1031 858 exponens
1057 819 1195 857 modum,
1222 828 1283 859 quo
1311 818 1461 848 auxilium
1487 818 1637 857 mittatur,
1663 818 1820 850 describit.
1853 820 1942 850 Invi-

155 888 306 918 tationem
334 885 476 915 matutini
503 883 654 923 temporis
681 883 782 913 fuisse
809 882 897 921 dixit,
916 881 999 920 quod
1025 882 1161 912 maxime
1189 887 1332 921 tempore
1358 881 1521 922 matutino,
1540 887 1574 912 ut
1590 882 1673 912 haud
1691 883 1886 921 praeparatis
1909 889 1942 914 et

158 949 281 979 monitis
309 946 563 986 supervenirent,
579 945 778 975 incursiones
805 944 941 974 hostiles
968 942 1122 972 facerent.
1150 945 1235 973 Ante
1254 942 1446 973 adiectivum
1472 941 1558 973 aa&
1585 943 1820 974 substantivum
1838 947 1934 985 ψὰρ

155 1010 352 1049 (exercitus)
369 1009 518 1038 omissum
531 1012 591 1038 est.
619 1008 713 1037 Hunc
731 1012 837 1037 autem
853 1006 1029 1036 exercitum
1059 1010 1093 1036 ut
1119 1006 1324 1036 fortissimum
1351 1015 1426 1036 esse
1454 1005 1663 1047 significaret,
1678 1014 1778 1045 equos
1799 1006 1940 1038 celeriter

155 1072 323 1105 conscendi
349 1072 437 1102 dixit.
489 1069 660 1100 Exercitus
687 1074 792 1100 autem
820 1071 1081 1110 congregati
1116 1079 1186 1099 eam
1212 1070 1251 1099 ob
1278 1078 1406 1100 causam
1434 1069 1625 1099 mentionem
1657 1068 1750 1109 fecit,
1786 1074 1821 1099 ut
1852 1078 1942 1100 suam

155 1141 284 1178 gentem
313 1135 497 1165 bellicosam
525 1138 557 1164 et
585 1132 624 1162 ad
654 1133 805 1163 auxilium
829 1131 992 1161 ferendum
1020 1141 1149 1171 semper
1176 1135 1317 1171 paratam
1347 1130 1554 1161 describeret.

157 1233 189 1262 6.
253 1232 330 1261 Tum
357 1232 418 1260 vim
445 1232 513 1259 eius
544 1230 727 1268 franyimus
749 1231 780 1257 et
799 1229 866 1257 eius
889 1229 1032 1257 ardorem
1063 1228 1282 1265 deprimimus,
1313 1228 1408 1256 donec
1441 1228 1594 1265 sedalur5
1631 1229 1689 1257 sed
1715 1229 1810 1258 ardor
1838 1231 1945 1258 noster

949 1292 1012 1311 non
1042 1285 1156 1313 cessat.

254 1353 483 1384 Fortitudinem
511 1352 618 1394 gentis
643 1361 722 1382 suae
749 1351 856 1382 laudat
882 1356 914 1381 et
941 1360 1008 1381 cum
1034 1351 1172 1382 hostium
1199 1351 1383 1382 fortitudine
1410 1355 1584 1391 comparat.
1625 1351 1826 1382 Scholiastes
1854 1352 1943 1395 dixit,

157 1420 266 1458 spinas
290 1427 345 1457 per
374 1415 597 1455 metonymiam
626 1423 713 1444 arma
741 1414 900 1454 roburque
926 1413 1108 1455 designare.
1159 1414 1193 1443 In
1219 1415 1388 1453 proverbio
1415 1417 1489 1445 est:
1516 1415 1569 1445 Ne
1596 1414 1719 1454 spinam
1746 1424 1807 1454 ope
1833 1415 1944 1455 spinae

157 1481 329 1521 extrahas,
357 1490 427 1510 uam
455 1488 534 1520 erga
559 1487 629 1508 eam
656 1487 816 1517 propensa
843 1481 893 1508 est
926 1474 1048 1521 (conf.
1083 1476 1179 1507 Meid.
1215 1476 1282 1518 23,
1320 1473 1417 1519 359).
1477 1476 1608 1516 Spinam
1650 1476 1744 1506 robur
1780 1478 1942 1508 exercitus

156 1543 343 1585 significare
366 1552 465 1581 saepe
492 1541 680 1571 invenimus,
734 1540 927 1580 Djeuharius
954 1541 1026 1570 voci
1053 1540 1195 1581 roboris,
1234 1539 1454 1569 vehementiae
1487 1543 1518 1569 et
1546 1539 1683 1578 cuspidis
1711 1539 1786 1569 ferri
1818 1541 1945 1582 signifi-

157 1606 312 1636 cationem
340 1604 456 1633 tribuit.
509 1603 665 1632 Ardorem
692 1607 797 1633 autem
824 1603 853 1632 in
883 1612 992 1644 pugna
1018 1611 1090 1632 cum
1118 1601 1230 1631 ardore
1256 1601 1340 1642 ignis
1367 1604 1462 1640 poeta
1489 1602 1699 1639 comparavit.

157 1701 223 1742 (Ι).
247 1697 373 1741 52³2)-
398 1700 428 1729 7.
453 1700 497 1728 Et
518 1700 627 1728 domus
651 1703 778 1733 nostme
800 1702 832 1728 in
853 1702 980 1736 reqione
1001 1701 1113 1735 optinze
1135 1698 1307 1726 custoditae
1327 1699 1411 1732 sunt,
1435 1697 1508 1725 dum
1530 1697 1644 1726 cameli
1662 1699 1696 1726 in
1718 1698 1816 1726 aridis
1839 1698 1945 1727 herbis

837 1755 939 1789 nz'yris
966 1752 1061 1780 libere
1079 1754 1268 1789 pascuntur.

287 1821 453 1862 Studium,
489 1830 548 1860 quo
588 1822 722 1860 patrium
756 1823 859 1852 solum
887 1820 1071 1860 defendunt,
1101 1820 1161 1850 alio
1190 1820 1281 1849 modo
1310 1820 1469 1849 describit.
1523 1819 1558 1849 Si
1587 1819 1638 1849 alii
1666 1820 1811 1858 pabulum
1839 1830 1942 1860 quae-

160 1889 266 1915 rentes
292 1893 372 1914 anno
402 1883 504 1913 sterili
532 1884 562 1912 in
588 1883 666 1913 alias
694 1885 843 1925 regiones
870 1882 1023 1922 migrant,
1046 1886 1162 1920 poetae
1190 1891 1272 1922 gens
1294 1886 1442 1911 contenta
1463 1881 1560 1911 aridis
1583 1881 1746 1921 nigrisque
1764 1881 1870 1912 herbis
1886 1892 1946 1913 suo

156 1949 223 1977 loco
251 1952 368 1987 manet,
395 1956 434 1976 ne
464 1946 575 1975 hostes
604 1952 719 1976 terram
747 1951 911 1985 occupent.
955 1945 1063 1975 Voces
1090 1934 1201 1976 ,ὲΰιὲῐ
1226 1943 1270 1988 ,io
1298 1944 1423 1984 proprie
1450 1944 1623 1985 regionem,
1650 1953 1743 1983 quam
1770 1943 1944 1975 habitamus

159 2014 193 2039 et
219 2019 237 2038 a
265 2009 353 2038 nobis
376 2013 485 2038 contra
513 2008 622 2038 hostes
650 2008 858 2038 custodienda
884 2012 946 2047 est,
975 2005 1131 2047 designat.
1166 2007 1256 2037 Initio
1291 2015 1408 2036 versus
1436 2006 1550 2046 legitur
1581 2014 1723 2044 quoque:
1752 2003 1801 2050 )ἲ..>
1831 2003 1857 2043 3
1884 2006 1946 2045 ὼς·

160 2080 251 2123 bij-‚43
278 2071 388 2114 „binii
415 2082 607 2123 »efficimuS,
627 2088 660 2113 ut
689 2083 801 2113 domus
829 2087 959 2112 nostrae
988 2083 1018 2111 in
1046 2081 1148 2121 patria
1177 2085 1357 2111 maneant«.
1410 2081 1443 2109 In
1471 2080 1578 2109 codice
1602 2080 1756 2110 Mersukii
1782 2065 1833 2129 ἐξ)
1860 2081 1942 2122 legi-

160 2151 210 2175 tur
246 2150 277 2174 et
314 2144 397 2174 hunc
428 2144 553 2184 legendi
591 2144 716 2174 modum
750 2145 945 2174 scholiastes
980 2144 1151 2183 explicavit
1179 2143 1306 2182 dicens,
1334 2148 1459 2181 poetam
1488 2151 1595 2171 casum
1625 2143 1856 2172 Accusativum
1885 2151 1944 2181 po-

162 2209 267 2238 suisse
295 2212 441 2246 tanquam
470 2216 580 2235 nomen
607 2207 750 2244 actionis,
770 2207 851 2245 quod
879 2208 975 2237 statui
1003 2206 1208 2237 describendo
1236 2206 1400 2240 inserviat.
1427 2202 1554 2247 (Gi-am.
1582 2206 1636 2235 Ar.
1664 2205 1941 2244 '1¹.11p.72sq.).

161 2271 234 2300 Vox
271 2280 289 2300 a
327 2279 376 2299 me
411 2269 495 2309 typis
524 2277 680 2307 expressa
706 2268 835 2307 pluralis
865 2268 993 2298 formam
1021 2269 1116 2298 habet
1143 2278 1162 2298 a
1189 2277 1269 2298 voce
1297 2267 1360 2314 gii)
1390 2267 1553 2296 derivandi
1587 2272 1619 2297 et
1645 2267 1684 2297 ad
1710 2276 1824 2297 vocem
1852 2265 1943 2306 [3.Ξῇ

162 2344 329 2374 referenda
355 2349 423 2383 est,
451 2348 486 2372 ut
512 2343 554 2372 sit
581 2342 694 2373 dictum
720 2352 776 2381 pro
816 2326 871 2389 δι’),
895 2340 1036 2388 *dih->2
1077 2342 1170 2371 »dum
1210 2351 1316 2371 earum
1357 2342 1465 2370 cameli
1500 2342 1596 2372 libere
1629 2346 1800 2380 pascentes
1834 2345 1941 2371 sunt«.

161 2409 235 2438 Vox
271 2410 372 2437 autem
404 2405 510 2443 Qu?
543 2406 644 2436 forma
671 2405 799 2445 pluralis
826 2405 913 2442 &dias
939 2409 1001 2444 est,
1030 2404 1174 2434 derivata
1201 2413 1219 2434 a
1245 2403 1357 2443 plurali
1383 2401 1500 2443 ἀλλὰ-Ρ,
1528 2404 1619 2444 quasi
1645 2402 1814 2444 singularis
1841 2402 1942 2433 forma

163 2470 214 2498 sit.
282 2469 357 2499 Vox
388 2475 466 2514 σῳ
504 2478 614 2498 omnes
653 2472 715 2499 tam
747 2467 871 2508 plantas
906 2477 997 2507 quam
1026 2467 1157 2496 arbores
1185 2465 1309 2505 aridas,
1337 2474 1464 2504 quarum
1492 2465 1564 2495 folia
1591 2464 1743 2502 decidere,
1769 2464 1940 2505 significat.

164 2532 281 2562 Vocem
307 2531 380 2573 ³5⁸5
411 2533 543 2574 »niger«
573 2537 669 2572 poeta
691 2531 827 2572 addidit,
864 2535 899 2561 ut
927 2540 983 2560 eas
1011 2533 1174 2569 corruptas
1202 2537 1278 2558 esse
1304 2527 1464 2558 iudicaret.
1501 2526 1618 2557 Similis
1646 2535 1760 2556 sensus
1787 2531 1942 2566 sequente

164 2602 261 2622 versu
295 2603 469 2633 expressus
497 2598 548 2624 est
576 2594 685 2633 (metr.
714 2593 860 2633 Camel):
898 2593 986 2623 Nos
1021 2590 1206 2622 tentoria
1243 2594 1390 2619 nostra
1427 2589 1467 2618 in
1505 2588 1678 2628 regione
1704 2592 1848 2618 nostra
1875 2597 1941 2618 cu-
