2155 2892
929 147 1199 180 —222—

173 253 255 282 zaah
282 256 389 291 esset,
419 253 628 289 pertinentem
658 254 801 289 tempore
841 249 914 278 belli
948 249 1052 279 civilis
1079 248 1294 279 Ebu-Sobairi
1325 249 1352 288 ¹)
1388 248 1535 278 tributum
1571 251 1606 276 ut
1632 247 1669 277 ab
1697 246 1891 286 hominibus,
1918 248 1956 278 ad

172 323 253 353 quos
280 312 440 351 transiret,
468 312 635 352 colligeret
662 313 794 342 exiisse.
849 311 954 349 Quum
981 311 1022 342 ad
1048 318 1178 353 gentem
1205 310 1476 351 Banu-Konfods,
1504 319 1586 350 quae
1613 319 1687 349 pars
1717 312 1822 350 gentis
1848 312 1956 341 Banu-

171 375 291 405 Solaim
319 378 408 404 esset
435 379 468 404 et
494 367 626 404 tractum
655 373 919 403 Hadhb-Alkalib
945 373 1109 411 incoleret,
1137 373 1360 413 pervenisset,
1391 373 1540 402 tributum
1569 372 1703 411 accepit.
1754 371 1802 402 Re
1829 379 1958 412 peracta

172 436 210 466 ad
237 436 394 477 Hilalum,
432 436 483 475 qui
511 435 551 465 ad
587 440 717 476 gentem
747 436 959 466 Banu-Simal
995 436 1024 467 b.
1053 435 1143 465 Auhf
1167 418 1360 475 pertineret,
1390 436 1495 475 misit,
1526 438 1559 465 ut
1585 434 1635 463 ille
1663 433 1701 463 ad
1731 433 1833 472 ipsum
1862 432 1956 462 filiam

173 498 324 527 mitteret.
377 498 515 539 Hilalus,
544 498 572 527 si
599 498 628 526 in
655 498 882 527 matrimonium
910 508 978 527 eam
1007 498 1121 529 ducere
1158 498 1188 527 in
1217 497 1319 527 animo
1347 497 1498 537 haberet,
1529 498 1588 536 ipsi
1623 497 1662 527 ad
1694 506 1731 526 se
1766 494 1956 525 veniendum

171 569 247 589 esse
273 560 447 599 respondit,
476 569 512 589 se
541 570 610 589 eam
638 566 854 591 recusaturum
883 571 944 591 non
975 571 1061 599 esse,
1090 570 1183 600 quum
1211 561 1259 590 vir
1286 559 1408 600 origine
1434 560 1575 598 aequalis
1609 560 1661 588 sit.
1715 557 1819 596 Quum
1855 560 1956 587 autem

170 623 250 652 alter
276 632 313 652 se
339 623 379 652 nil
405 623 487 653 aliud
514 624 608 663 velle,
636 624 695 653 nisi
722 627 754 653 ut
780 628 875 662 caput
901 624 961 663 ipsi
989 628 1132 662 pecteret
1159 629 1191 652 et
1220 632 1292 652 cum
1318 623 1388 661 ipso
1417 621 1680 661 confabularetur,
1698 620 1820 650 Hilalus
1848 619 1956 660 legato

169 686 305 716 verbera
333 686 458 716 inflixit.
512 687 603 716 [Iane
643 686 681 715 ob
715 695 843 715 causam
871 687 1130 715 Almokazzazus
1173 688 1272 715 iratus
1311 694 1378 714 cum
1418 684 1518 714 tribus
1556 684 1714 723 equitibus
1753 687 1879 723 gentem
1907 682 1957 710 in-

169 749 264 778 vasit.
317 747 409 779 Gens
437 748 475 778 ad
503 758 572 778 eum
600 749 803 787 convolavit3
829 749 910 778 inter
937 749 1016 778 alios
1045 758 1114 778 cum
1142 749 1245 777 Hitalo
1274 747 1335 777 duo
1362 746 1600 786 adolescentes,
1627 755 1757 786 quorum
1786 754 1867 774 unus
1897 744 1957 773 At-

169 810 389 851 mostaudhih,
427 812 507 840 alter
546 811 689 840 Alliasan
724 812 753 840 b.
780 811 935 841 Alaswad
969 811 1145 850 appellatus
1181 813 1258 839 erat.
1312 809 1351 839 Hi
1396 809 1548 847 paulatim
1583 817 1651 837 eain
1687 808 1831 848 aggressi
1869 811 1954 836 sunt.

169 875 294 904 Hilalus
322 880 440 915 autem,
470 875 499 903 in
526 884 618 913 quem
650 876 729 904 alter
757 873 909 913 impetum
937 873 1077 903 facturus
1106 877 1192 913 erat,
1221 874 1334 902 timens
1365 883 1403 902 ne
1433 872 1525 901 hasta
1553 870 1790 909 confoderetur,
1827 873 1955 907 arrepto

168 947 259 975 veru,
288 936 370 975 quod
398 937 426 965 in
455 937 560 966 cinere
588 936 717 966 infixum
744 937 922 977 invenerat,
949 946 1020 966 eum
1049 936 1135 976 iecit,
1162 939 1195 965 ut
1221 935 1298 965 alter
1326 935 1449 964 occisus
1478 935 1506 964 in
1535 933 1646 963 faciem
1674 937 1846 971 prorueret.
1890 931 1956 960 So-

168 999 317 1030 ciiautem
337 999 365 1027 in
381 998 485 1038 fugam
502 1008 538 1027 se
565 1002 789 1029 convertentes
804 998 1003 1038 Djahdahum
1024 997 1312 1028 ben-Alibd—Allali
1340 1007 1357 1026 e
1385 1002 1480 1036 gente
1497 995 1637 1026 Ghaitlis
1665 995 1692 1025 b.
1718 995 1824 1024 Maleo
1854 994 1882 1023 in
1901 995 1955 1022 via

167 1060 371 1090 trucidarunt.
424 1060 548 1089 Hilalus
576 1069 638 1089 rem
666 1060 872 1099 sequentibus
901 1061 1050 1090 versibus
1078 1061 1221 1090 narravit
1252 1061 1356 1098 (metr.
1387 1059 1546 1099 Redjes):
1592 1059 1763 1099 Pugnae
1797 1062 1835 1086 et
1870 1057 1954 1086 diei

166 1123 361 1163 martyrii
387 1128 427 1152 et
452 1122 704 1157 eventibus,
734 1123 802 1161 qui
829 1127 928 1162 post
956 1122 1063 1152 diem
1091 1125 1338 1152 matutinum
1366 1121 1577 1158 incidunt,
1600 1119 1954 1150 Mostandhihum

166 1189 207 1216 et
233 1185 309 1215 Alh
321 1195 363 1215 as
375 1195 419 1215 an
431 1195 486 1215 um
513 1186 543 1214 b.
574 1185 776 1215 Alaswad
804 1186 963 1225 paravi.
1004 1186 1084 1215 Tum
1111 1187 1203 1215 amici
1231 1185 1464 1215 Almokazzazi
1492 1185 1573 1214 bello
1601 1185 1687 1214 civili
1718 1183 1902 1224 quiescente
1917 1182 1956 1212 ad

166 1246 425 1287 Alhadjdjadjum
453 1256 487 1277 se
515 1248 720 1278 conferentes
747 1258 812 1277 rem
843 1248 934 1277 amici
962 1251 994 1278 et
1022 1248 1227 1279 Ghaithsitae
1253 1248 1281 1277 ei
1305 1253 1532 1288 exposuerunt*
1585 1248 1639 1277 Ille
1669 1248 1819 1277 ultionem
1846 1245 1953 1276 caedis

167 1309 403 1340 Almokozzazi
436 1319 590 1340 recusans
628 1320 685 1350 pro
721 1311 828 1341 occiso
857 1310 1045 1342 Gliaitlisita
1072 1320 1129 1339 eos
1156 1309 1280 1340 occidit.
1317 1310 1417 1340 Soror
1452 1316 1557 1340 autem
1585 1309 1837 1348 Almokazzazi,
1875 1317 1956 1347 quae

166 1371 225 1401 hos
247 1381 366 1403 versus
394 1373 529 1414 dixerat,
557 1374 685 1404 Maisun
713 1374 873 1414 appellata
900 1374 967 1404 fuit.

910 1469 1214 1502 cxxvnn.

448 1534 676 1568 Alunt-ah
706 1535 810 1569 filia
837 1535 1047 1570 lviirdasi
1079 1536 1287 1569 fratrem
1310 1535 1493 1569 deflens
1516 1534 1654 1569 dixit.

498 1606 590 1636 Circa
615 1610 736 1646 tempus
752 1608 983 1638 Mohanimedis
1011 1609 1136 1637 vixisse
1150 1608 1277 1638 videtur
1304 1608 1409 1638 conf.
1440 1609 1530 1649 Ham.
1560 1607 1611 1638 t'li‘.

166 1666 194 1695 I.
238 1666 263 1695 0
287 1666 371 1695 oculi
391 1666 473 1694 mel!
493 1668 632 1705 Perfiditi
654 1677 706 1696 ros
729 1677 791 1696 non
816 1669 930 1704 decepi.
983 1656 1115 1704 Tempus·
1135 1670 1262 1707 diesque
1284 1678 1332 1696 me
1351 1669 1506 1704 patientia.
1526 1670 1573 1697 uti
1594 1668 1771 1697 noluernnl.

263 1735 417 1776 Magnum
453 1745 629 1766 moerorem
667 1736 847 1775 iustumque
881 1737 941 1766 sibi
977 1747 1053 1767 esse
1083 1737 1231 1767 ostendit..
1286 1737 1405 1767 Oculos
1440 1745 1516 1766 suos
1544 1736 1730 1777 alloquitur,
1765 1738 1815 1776 qui
1853 1738 1955 1778 ipsam

166 1797 319 1837 perfidiae
348 1807 499 1829 accusare
525 1799 738 1839 videbantur,
766 1799 849 1839 quod
877 1801 1085 1840 lacrymarum
1113 1802 1191 1840 ipsis
1230 1802 1395 1830 noxiarum
1423 1800 1541 1829 fluxum
1570 1809 1630 1829 non
1660 1800 1846 1841 cohibuerit,
1880 1801 1954 1831 dum

164 1865 212 1891 tot
239 1861 448 1901 lacrymarum
476 1871 574 1892 causa
601 1872 662 1891 non
691 1862 784 1900 adsit,
813 1863 921 1892 dicens
949 1872 985 1892 se
1013 1872 1091 1903 erga
1118 1864 1226 1892 oculos
1256 1862 1375 1902 perfide
1401 1871 1461 1891 non
1488 1863 1600 1903 egisse
1627 1873 1728 1901 neque
1762 1873 1819 1892 eos
1855 1863 1955 1893 dece-

165 1922 264 1962 pisse,
292 1931 385 1961 quum
402 1927 491 1952 tanta
518 1924 684 1954 calamitas
709 1925 772 1963 ipsi
796 1925 1031 1963 supervenerit,
1059 1929 1092 1954 ut
1119 1934 1220 1964 neque
1234 1925 1391 1964 patienter
1417 1935 1487 1955 eam
1506 1924 1591 1954 ferre
1615 1935 1716 1964 neque
1743 1926 1953 1966 lacrymarum

165 1983 287 2014 fluxum
316 1985 487 2023 reprimere
514 1986 662 2025 potuerit.
714 1987 741 2016 A
770 1986 919 2026 lacrymis
948 1987 1026 2016 solis
1055 1988 1084 2017 in
1112 1988 1175 2017 isto
1204 1998 1309 2017 rerum
1341 1992 1428 2018 statu
1457 1987 1607 2017 auxilium
1634 1986 1805 2027 petendum
1840 1987 1953 2018 fuisse.

165 2046 199 2075 In
227 2047 334 2075 verbis
363 2044 446 2093 rw>
464 2046 561 2091 ,spodi
588 2049 792 2087 pleouusnius
820 2055 881 2080 est.
909 2050 1033 2079 Littera
1059 2050 1124 2080 Aiif
1152 2051 1181 2080 in
1210 2049 1272 2080 fine
1300 2060 1418 2080 versus
1445 2050 1683 2081 homoioteleuti
1711 2061 1809 2082 causa
1834 2051 1951 2082 addita.

166 2143 196 2170 2.
239 2142 313 2171 lVon
335 2143 471 2177 verebar,
498 2153 536 2172 ne
558 2149 655 2173 morte
673 2147 790 2184 fratris
812 2148 872 2174 mei
892 2147 1000 2175 dilecti
1010 2148 1162 2176 ›unit-iata
1184 2149 1287 2175 instat·
1309 2147 1535 2179 cameliessenz,
1560 2149 1768 2185 qui-suspirat
1781 2149 1946 2187 fatiqalrts.

261 2212 306 2242 Se
333 2215 405 2241 ante
441 2212 501 2242 hoc
533 2216 658 2252 teinpus
690 2224 813 2244 omnem
841 2214 987 2245 fiduciam
1025 2218 1056 2245 in
1079 2216 1171 2245 animi
1206 2216 1256 2245 sui
1292 2214 1473 2245 fortitudine
1513 2217 1751 2256 constantiaque
1788 2217 1950 2258 posuisse,

165 2273 264 2303 donec
292 2280 391 2304 morte
417 2274 522 2304 fratris
550 2275 796 2314 superveniente
832 2276 891 2304 sibi
929 2279 1150 2317 persuaserit,
1192 2287 1228 2308 se
1269 2281 1374 2307 tantae
1410 2278 1580 2308 calamitati
1616 2278 1767 2309 ferendae
1802 2281 1951 2317 imparem

166 2345 251 2365 esse.
280 2337 502 2366 Calamitatem
528 2346 598 2366 cum
628 2346 744 2377 magno
771 2346 869 2366 onere
895 2339 1106 2378 comparavit,
1133 2338 1217 2378 quod
1243 2339 1384 2369 camelus
1412 2339 1496 2369 ferre
1522 2349 1583 2369 non
1612 2340 1708 2379 valet,
1736 2343 1770 2368 ut
1796 2339 1950 2380 fatigatus

165 2403 197 2427 et
226 2398 334 2428 lassus
360 2398 557 2428 succumbat.
611 2399 753 2428 Verbum
771 2399 862 2443 ἐμὲ
890 2399 1040 2429 camelum
1068 2399 1236 2440 fatigatum
1263 2401 1293 2429 in
1321 2405 1436 2430 terram
1464 2400 1613 2431 decidere
1640 2400 1808 2441 significat.
1844 2401 1948 2431 Scho-

167 2472 277 2501 liastes
304 2481 416 2502 vocem
443 2472 539 2518 &pl
556 2483 596 2503 ex
616 2482 699 2502 voce
723 2462 841 2523 gfff-„⁵52
868 2483 949 2513 quae
976 2473 1039 2514 legi
1067 2474 1180 2512 possit,
1209 2479 1309 2505 ortam
1337 2484 1413 2504 esse
1448 2475 1533 2505 dicit.
1587 2475 1733 2505 Pluribus
1771 2475 1880 2505 litteris
1907 2477 1948 2506 Ia

167 2547 426 2577 convenientibus
456 2556 549 2576 unam
577 2548 730 2577 abiectam
756 2553 789 2578 et
816 2548 961 2578 vocalem
989 2548 1135 2589 Fatliam,
1162 2558 1243 2588 quae
1269 2550 1431 2581 levissima
1455 2551 1485 2580 in
1511 2549 1704 2580 enunciando
1740 2550 1859 2580 vocalis
1894 2553 1947 2588 sit,

184 2627 214 2656 ι)
232 2627 285 2658 (De
303 2631 352 2653 hoe
372 2631 430 2655 viro
450 2632 527 2661 ptura
544 2631 613 2655 scitu
633 2632 713 2662 digna
731 2632 837 2657 invenis
856 2632 882 2656 iu
902 2631 972 2656 libro
990 2631 1024 2656 cl.
1042 2632 1225 2656 Wustenfeidi
1244 2632 1589 2657 Citab-Taiidsihi-I'Asmfii
1607 2640 1633 2663 p.
1653 2633 1731 2661 341.)
