2155 2892
916 134 1181 165 -317-

161 243 221 274 qua
261 235 458 274 excipiatur,
496 236 673 274 praemissa
712 236 754 263 sit
783 233 943 273 exceptio,
987 233 1067 263 idem
1094 241 1168 262 esse
1198 242 1233 262 uc
1260 235 1287 262 si
1315 233 1358 261 rei
1386 236 1445 272 ipsi
1476 234 1701 272 praemittatur.
1753 234 1785 262 ln
1809 232 1943 262 'l'ebrisii

160 295 270 325 codice
297 296 367 325 voci
395 295 520 336 ψυχᾷ,
548 296 627 326 alter
653 294 777 335 legendi
805 294 914 324 modus
943 294 1026 340 Q&
1053 295 1288 334 superscriptus
1317 298 1375 324 est.

159 393 190 421 2.
235 393 389 431 Cordcque
410 403 474 422 meo
494 393 571 423 dimi.
597 401 693 430 quum
716 401 802 419 αηιυν
824 393 852 419 ei
873 392 1058 420 adhaereret
1079 394 1108 419 et
1130 392 1212 428 quod
1229 391 1316 427 serre
1340 400 1400 418 mm
1421 401 1555 427 possem,
1578 392 1654 419 nulii
1674 393 1846 426 imponeret
1857 401 1866 417 .-

158 459 190 489 3.
236 459 352 488 Eheu!
371 470 387 488 o
411 469 472 490 cor.
497 468 585 496 quem
608 468 694 486 amm·
715 459 818 491 duxit,
842 458 884 485 ad
904 467 1014 486 sanum
1037 460 1166 485 'rietatem
1191 457 1269 494 redi,
1294 465 1332 484 ne
1354 460 1383 484 te
1406 458 1493 485 Deus
1516 457 1743 494 tranquillitate
1764 455 1882 484 ‹lonctl

258 529 290 558 ln
319 529 408 558 hisce
435 527 602 566 versibus.
631 527 682 566 qui
705 527 733 556 in
762 527 918 556 Mersukii
945 526 1053 556 codice
1081 525 1308 563 desiderantur,
1338 535 1492 554 summurn
1521 534 1659 554 amorem
1688 534 1778 554 suurn
1799 524 1938 554 ostendit

159 590 315 629 simulque
343 598 396 618 cor
422 593 568 627 tanquam
597 598 762 627 personum
789 588 964 627 alloquens7
997 593 1030 617 ut
1057 587 1255 626 tranquillum
1284 587 1338 626 sit,
1366 587 1516 616 hortatur.
1546 588 1578 616 ln
1610 588 1792 626 posterioris
1820 595 1935 617 versus

161 653 337 692 posteriore
363 656 453 691 parte
481 650 572 681 ruodo
604 651 770 690 improprio
799 650 897 690 cordi,
926 655 1071 690 tanquam
1100 660 1256 690 personae
1283 652 1392 680 oculus
1421 651 1555 681 tributus
1585 655 1645 679 est.

1000 796 1098 829 xx.

690 876 927 910 ,annosam
964 876 1004 909 1».
1029 874 1249 908 Nlothain·
1271 873 1407 907 «lixit.

717 949 784 987 (De
812 954 906 988 poeta
933 947 1037 978 conf.
1064 949 1156 978 llam.
1194 946 1254 985 55⁸0,
1280 946 1368 985 fta).

158 1039 184 1067 1.
228 1037 254 1067 0
279 1047 371 1076 quam
394 1038 505 1066 mirum
528 1038 591 1071 est,
620 1034 703 1073 quod
722 1034 865 1062 homines
888 1043 935 1062 me
957 1032 1218 1069 contemplantur,
1242 1033 1336 1069 quasi
1355 1033 1427 1059 ante
1453 1040 1500 1058 me
1523 1033 1677 1058 amantem
1702 1039 1763 1058 non
1786 1029 1937 1058 vidissent

762 1098 861 1125 neque
881 1091 954 1125 post
974 1097 1022 1115 me
1044 1084 1167 1125 (visuri
1187 1083 1337 1125 esseutjl

267 1160 422 1196 Miratur,
449 1158 533 1199 quod
559 1158 702 1188 homines
730 1158 828 1197 ipsum
856 1156 1121 1196 contemplentur,
1145 1156 1236 1196 quasi
1264 1159 1366 1185 status
1393 1164 1471 1185 suus
1500 1164 1603 1184 novus
1631 1164 1667 1184 ac
1694 1154 1852 1184 inauditus
1881 1154 1933 1186 sit.

154 1224 313 1254 l'articula
340 1219 356 1257 [ᾖ
382 1222 411 1251 in
445 1220 626 1251 admirando
662 1220 826 1250 adhibetur
863 1219 973 1250 Gram.
1007 1219 1063 1249 Ar.
1101 1219 1138 1248 T.
1168 1219 1179 1247 1
1206 1228 1235 1257 p.
1264 1216 1345 1247 537.
1400 1217 1476 1247 Vox
1504 1214 1595 1254 μξὶε
1624 1226 1694 1247 cum
1731 1216 1935 1246 Nunnatione

153 1286 273 1326 (conf.
302 1285 413 1317 Gram.
440 1285 496 1314 Ar.
524 1285 560 1313 T.
588 1285 615 1313 11
643 1294 671 1323 p.
700 1283 788 1323 89),
814 1287 848 1312 ut
874 1282 917 1312 sit
942 1284 1011 1327 αἰεὶ..
1041 1279 1149 1322 &02³⁸
1175 1283 1194 1311 i.
1221 1290 1250 1310 e.
1277 1279 1395 1310 suffixo
1423 1279 1509 1309 haud
1528 1279 1646 1320 addito,
1674 1283 1729 1309 aut
1754 1279 1824 1307 sine
1842 1278 1935 1307 Nun-

151 1349 277 1378 natione
307 1357 363 1387 pro
385 1353 487 1386 25⁵?st
514 1345 621 1376 conf.
646 1344 717 1375 ibid.
745 1355 774 1384 p.
795 1344 853 1385 90,
880 1348 914 1374 ut
940 1346 982 1373 sit
1006 1342 1108 1375 „jhm
1133 1341 1239 1383 250&
1255 1342 1272 1371 i.
1293 1351 1320 1371 e.
1340 1341 1459 1372 suffixo
1487 1341 1603 1379 addito,
1631 1340 1792 1370 enunciari
1819 1343 1936 1379 potest.

152 1410 207 1441 Nil
239 1420 363 1450 quoque
396 1410 523 1447 obstat,
558 1409 632 1450 quin
666 1409 771 1439 littera
797 1408 866 1438 Alif
888 1406 993 1437 addita
1018 1407 1072 1445 sit,
1098 1410 1131 1436 ut
1156 1406 1279 1436 vocalis
1314 1405 1419 1435 Fatha
1447 1404 1638 1434 extendatur
1665 1400 1787 1444 (vy-all
1806 1398 1934 1440 Q).

151 1472 220 1503 Res
247 1478 371 1513 autem,
407 1482 488 1512 quae
515 1472 645 1502 mirandi
672 1481 770 1501 causa
796 1474 847 1500 est
873 1474 928 1500 aut
953 1478 1014 1508 ope
1040 1467 1283 1508 praepositionis
1311 1463 1330 1501 ὁ
1357 1466 1489 1506 (cons.
1519 1465 1661 1497 Grani.
1695 1465 1750 1494 Ar.
1779 1464 1815 1493 T.
1844 1464 1871 1492 11
1899 1473 1928 1503 p.

150 1535 197 1566 92
223 1536 290 1575 sq.)
316 1540 370 1565 aut
396 1545 455 1574 ope
483 1534 729 1574 praepositionis
755 1548 797 1571 ψη
821 1532 1006 1572 exprimitur
1032 1531 1143 1563 cons.
1174 1530 1244 1560 ibid,
1273 1530 1309 1559 T.
1340 1530 1352 1558 Ι
1376 1540 1405 1569 p.
1434 1528 1515 1559 537.
1550 1529 1658 1559 Verbo
1687 1526 1827 1572 ‹nasibi-ul
1857 1535 1932 1565 pro·

151 1598 247 1637 priam
275 1597 541 1638 significationem
568 1597 706 1636 optandi,
734 1601 768 1625 ut
796 1597 825 1625 in
852 1597 920 1625 loco
949 1600 1053 1624 terrae
1081 1594 1165 1623 elato
1192 1594 1245 1630 sit,
1273 1593 1324 1622 ubi
1351 1593 1388 1622 ab
1419 1592 1501 1621 omni
1528 1597 1618 1631 parte
1646 1590 1784 1629 conspici
1813 1589 1929 1628 possit,

150 1670 226 1689 esse
253 1659 444 1690 scholiastes
471 1660 647 1690 adnotavit.
715 1659 823 1689 verba
842 1670 890 1701 35?-
917 1655 947 1701 pl
988 1667 1084 1698 quum
1127 1655 1331 1696 praeteritum
1366 1662 1493 1693 tempus
1529 1652 1721 1693 significent,
1751 1661 1819 1681 cum
1851 1658 1932 1679 voce

150 1726 251 1761 ἑῴα.)
278 1721 361 1751 haud
387 1722 467 1751 bene
494 1722 735 1763 coniunguntur.
790 1720 916 1750 Sensus
942 1720 1064 1750 ratione
1092 1717 1200 1748 habita
1226 1726 1296 1747 cum
1320 1725 1402 1745 voce
1429 1713 1508 1761 0)ae
1533 1713 1754 1754 coniungenda
1778 1717 1861 1749 sunt,
1898 1716 1933 1741 ut

149 1783 318 1812 verborum
346 1783 485 1812 inversio
513 1787 545 1812 et
570 1783 690 1822 ellipsis
717 1787 790 1812 ante
817 1791 928 1811 vocem
955 1785 1056 1821 60⁶²?
1082 1778 1271 1810 statuendae
1297 1778 1370 1808 sint.
1423 1777 1624 1807 Scholiastes
1652 1780 1723 1815 post
1749 1782 1848 1804 voces
1866 1777 1930 1808 04ιρ

148 1848 182 1874 et
207 1844 264 1882 ὑφ’
290 1853 403 1874 vocem
429 1846 493 1888 ἲς»
519 1843 726 1882 supplendam
754 1852 828 1873 esse
858 1848 958 1883 putat.

149 1954 182 1982 2.
225 1951 310 1981 Mihi
329 1952 456 1981 dicunt:
492 1952 531 1981 Te
554 1961 683 1989 separa„
714 1955 750 1980 ut
780 1955 843 1980 tota
871 1961 959 1980 mens
986 1952 1110 1989 redea15
1139 1953 1172 1979 at
1193 1960 1263 1979 vero
1285 1952 1441 1987 separatio
1464 1950 1561 1978 amati
1577 1950 1772 1986 potissimum
1795 1950 1929 1977 mentem

983 2007 1096 2044 aufert.

248 2075 421 2106 Consilium
449 2080 559 2106 contra
584 2075 699 2105 amoris
727 2075 868 2105 morbum
895 2074 999 2105 datum
1027 2073 1151 2104 refellit.
1179 2074 1213 2102 ln
1242 2073 1447 2112 separatione
1474 2075 1592 2102 tantum
1619 2072 1744 2109 abesse,
1759 2076 1794 2101 ut
1814 2070 1929 2101 amoris

147 2136 316 2167 remedium
343 2138 396 2175 sit,
422 2142 456 2167 ut
482 2147 569 2167 amor
595 2143 762 2179 augeatur.
826 2137 930 2167 Maior
961 2136 1238 2177 grammaticorum
1266 2132 1351 2180 {pars
1379 2136 1509 2166 formam
1537 2136 1746 2175 comparativi
1772 2145 1791 2165 a
1817 2139 1928 2174 quarta

145 2199 235 2229 verbi
261 2199 361 2229 forma
387 2199 523 2229 derivari
548 2209 643 2239 posse
669 2204 774 2241 negat,
803 2204 837 2229 ut
863 2199 933 2229 loco
960 2199 1129 2228 verborum
1145 2196 1232 2236 3312ss
1251 2197 1344 2237 ..faa-‚Sl
1363 2199 1527 2229 dicendum
1554 2200 1597 2228 sit
1623 2196 1710 2237 ,μὶ-’.Η
1732 2195 1811 2235 law-Sl
1837 2196 1927 2238 0⁹:³53

146 2266 179 2292 at
205 2271 283 2291 vero
310 2262 535 2302 grammaticus
562 2262 737 2292 Sibawaihi
772 2261 903 2292 mirandi
938 2261 1070 2291 verbum
1103 2271 1121 2291 a
1148 2265 1258 2300 quarta
1283 2262 1372 2291 verbi
1400 2262 1498 2291 forma
1528 2264 1699 2301 provenire
1726 2270 1824 2301 posse
1851 2260 1927 2290 dicit

146 2323 266 2362 (conr.
291 2322 400 2354 Gram.
431 2323 487 2353 Ar.
514 2323 550 2353 T.
577 2324 590 2352 1
617 2334 646 2363 p.
675 2324 755 2354 265.
784 2323 912 2353 Anthol.
940 2332 1039 2364 gram.
1067 2333 1098 2363 p.
1117 2325 1191 2363 θ’θ’).
1219 2323 1309 2362 Quae
1328 2334 1380 2354 res
1406 2327 1435 2355 si
1462 2327 1505 2354 ita
1532 2333 1568 2354 se
1594 2323 1701 2364 habet,
1720 2323 1821 2352 forma
1835 2331 1925 2351 com·

146 2385 317 2424 parationis
346 2385 479 2415 eundem
508 2384 632 2415 modum
659 2385 748 2425 sequi
775 2390 890 2425 potest.

144 2480 177 2510 3.
219 2481 267 2510 Et
288 2491 305 2510 ο
326 2490 418 2519 quam
441 2483 553 2509 mirum
571 2484 626 2516 est,
652 2491 699 2510 me
720 2491 799 2517 eum,
824 2484 880 2520 qui
899 2492 947 2510 me
969 2483 1097 2517 occidat,
1122 2493 1245 2518 amare,
1277 2484 1371 2521 quasi
1390 2484 1420 2511 ei
1437 2491 1495 2519 pro
1520 2482 1614 2510 caede
1633 2483 1813 2518 perpetrata
1835 2489 1922 2508 amo-

894 2546 960 2565 rem
982 2536 1174 2566 retribuam!

255 2603 299 2635 Ut
323 2614 389 2635 vox
414 2619 457 2643 0·
482 2603 597 2635 obiecti
631 2604 734 2634 locum
769 2613 838 2636 cum
873 2614 957 2635 voce
984 2615 1058 2644 ga>
1084 2605 1242 2636 coniuncti
1269 2604 1386 2643 habet,
1420 2604 1467 2634 sic
1499 2613 1623 2644 quoque
1657 2603 1805 2635 suffixum
1832 2605 1924 2634 vocis
