<?xml version="1.0" encoding="UTF-8"?>
<!DOCTYPE html PUBLIC "-//W3C//DTD XHTML 1.0 Transitional//EN"
    "http://www.w3.org/TR/xhtml1/DTD/xhtml1-transitional.dtd">
<html xmlns="http://www.w3.org/1999/xhtml" xml:lang="en" lang="en">
 <head>
  <title>
</title>
<meta http-equiv="Content-Type" content="text/html;charset=utf-8" />
  <meta name='ocr-system' content='tesseract 3.04.00' />
  <meta name='ocr-capabilities' content='ocr_page ocr_carea ocr_par ocr_line ocrx_word'/>
</head>
<body>
  <div class='ocr_page' id='page_1' title='image "./p2hamassaecarmin02abbiuoft_0574.png"; bbox 0 0 2155 2892; ppageno 0'>
   <div class='ocr_carea' id='block_1_1' title="bbox 895 135 1167 166">
    <p class='ocr_par' dir='ltr' id='par_1_1' title="bbox 895 135 1167 166">
     <span class='ocr_line' id='line_1_1' title="bbox 895 135 1167 166; baseline -0.004 0"><span class='ocrx_word' id='word_1_1' title='bbox 895 135 1167 166; x_wconf 78' lang='lat'>-562—</span> 
     </span>
    </p>
   </div>
   <div class='ocr_carea' id='block_1_2' title="bbox 135 235 1929 1276">
    <p class='ocr_par' dir='ltr' id='par_1_2' title="bbox 135 235 1929 1276">
     <span class='ocr_line' id='line_1_2' title="bbox 255 235 1923 279; baseline 0 -10"><span class='ocrx_word' id='word_1_2' title='bbox 255 240 323 271; x_wconf 78' lang='lat' dir='ltr'>Viri</span> <span class='ocrx_word' id='word_1_3' title='bbox 351 239 522 278; x_wconf 87' lang='lat' dir='ltr'>potentiam</span> <span class='ocrx_word' id='word_1_4' title='bbox 549 242 668 268; x_wconf 83' lang='lat' dir='ltr'><strong>tantam</strong></span> <span class='ocrx_word' id='word_1_5' title='bbox 695 248 772 268; x_wconf 88' lang='lat' dir='ltr'>esse</span> <span class='ocrx_word' id='word_1_6' title='bbox 800 238 884 279; x_wconf 80' lang='lat' dir='ltr'>dicit,</span> <span class='ocrx_word' id='word_1_7' title='bbox 912 243 948 268; x_wconf 88' lang='lat' dir='ltr'>ut</span> <span class='ocrx_word' id='word_1_8' title='bbox 973 238 1033 278; x_wconf 89' lang='lat' dir='ltr'>ipsi</span> <span class='ocrx_word' id='word_1_9' title='bbox 1060 237 1190 277; x_wconf 87' lang='lat' dir='ltr'>superbi</span> <span class='ocrx_word' id='word_1_10' title='bbox 1217 247 1254 267; x_wconf 87' lang='lat' dir='ltr'>se</span> <span class='ocrx_word' id='word_1_11' title='bbox 1279 235 1474 267; x_wconf 84' lang='lat' dir='ltr'>submittant.</span> <span class='ocrx_word' id='word_1_12' title='bbox 1536 236 1670 267; x_wconf 75' lang='lat' dir='ltr'><strong>Confert</strong></span> <span class='ocrx_word' id='word_1_13' title='bbox 1696 242 1800 268; x_wconf 90' lang='lat' dir='ltr'>autem</span> <span class='ocrx_word' id='word_1_14' title='bbox 1827 244 1923 279; x_wconf 80' lang='lat' dir='ltr'>poeta</span> 
     </span>
     <span class='ocr_line' id='line_1_3' title="bbox 138 298 1925 340; baseline -0.001 -7"><span class='ocrx_word' id='word_1_15' title='bbox 138 303 340 333; x_wconf 88' lang='lat' dir='ltr'>submittendi</span> <span class='ocrx_word' id='word_1_16' title='bbox 366 302 491 332; x_wconf 91' lang='lat' dir='ltr'>modum</span> <span class='ocrx_word' id='word_1_17' title='bbox 519 311 588 331; x_wconf 88' lang='lat' dir='ltr'>cum</span> <span class='ocrx_word' id='word_1_18' title='bbox 617 300 720 338; x_wconf 90' lang='lat' dir='ltr'>modo,</span> <span class='ocrx_word' id='word_1_19' title='bbox 750 310 811 340; x_wconf 94' lang='lat' dir='ltr'>quo</span> <span class='ocrx_word' id='word_1_20' title='bbox 841 301 950 330; x_wconf 87' lang='lat' dir='ltr'>cameli</span> <span class='ocrx_word' id='word_1_21' title='bbox 977 309 1015 329; x_wconf 91' lang='lat' dir='ltr'>se</span> <span class='ocrx_word' id='word_1_22' title='bbox 1043 300 1081 338; x_wconf 77' lang='lat' dir='ltr'>ei,</span> <span class='ocrx_word' id='word_1_23' title='bbox 1108 299 1159 339; x_wconf 87' lang='lat' dir='ltr'>qui</span> <span class='ocrx_word' id='word_1_24' title='bbox 1187 300 1292 339; x_wconf 83' lang='lat' dir='ltr'>picem</span> <span class='ocrx_word' id='word_1_25' title='bbox 1319 298 1452 328; x_wconf 84' lang='lat' dir='ltr'>illiniens</span> <span class='ocrx_word' id='word_1_26' title='bbox 1479 298 1558 338; x_wconf 92' lang='lat' dir='ltr'>ipsis</span> <span class='ocrx_word' id='word_1_27' title='bbox 1586 298 1754 337; x_wconf 87' lang='lat' dir='ltr'>benefacit,</span> <span class='ocrx_word' id='word_1_28' title='bbox 1791 302 1925 332; x_wconf 89' lang='lat' dir='ltr'>submit-</span> 
     </span>
     <span class='ocr_line' id='line_1_4' title="bbox 138 362 1926 405; baseline 0 -11"><span class='ocrx_word' id='word_1_29' title='bbox 138 369 217 395; x_wconf 87' lang='lat' dir='ltr'>tunt.</span> <span class='ocrx_word' id='word_1_30' title='bbox 272 364 373 402; x_wconf 87' lang='lat' dir='ltr'>Quum</span> <span class='ocrx_word' id='word_1_31' title='bbox 411 364 507 405; x_wconf 83' lang='lat' dir='ltr'>gladii</span> <span class='ocrx_word' id='word_1_32' title='bbox 545 364 739 393; x_wconf 73' lang='lat' dir='ltr'>mentionem</span> <span class='ocrx_word' id='word_1_33' title='bbox 768 364 901 403; x_wconf 84' lang='lat' dir='ltr'>fecerit,</span> <span class='ocrx_word' id='word_1_34' title='bbox 937 373 1007 394; x_wconf 81' lang='lat' dir='ltr'>nuni</span> <span class='ocrx_word' id='word_1_35' title='bbox 1035 363 1303 403; x_wconf 84' lang='lat' dir='ltr'>comparationem</span> <span class='ocrx_word' id='word_1_36' title='bbox 1331 366 1428 402; x_wconf 87' lang='lat' dir='ltr'>poeta</span> <span class='ocrx_word' id='word_1_37' title='bbox 1455 366 1543 392; x_wconf 86' lang='lat' dir='ltr'>recte</span> <span class='ocrx_word' id='word_1_38' title='bbox 1572 362 1756 403; x_wconf 83' lang='lat' dir='ltr'>instituerit,</span> <span class='ocrx_word' id='word_1_39' title='bbox 1784 363 1926 394; x_wconf 86' lang='lat' dir='ltr'>dubitare</span> 
     </span>
     <span class='ocr_line' id='line_1_5' title="bbox 138 424 1927 466; baseline -0.001 -10"><span class='ocrx_word' id='word_1_40' title='bbox 138 426 222 466; x_wconf 77' lang='lat' dir='ltr'>licet,</span> <span class='ocrx_word' id='word_1_41' title='bbox 236 436 307 456; x_wconf 87' lang='lat' dir='ltr'>nam</span> <span class='ocrx_word' id='word_1_42' title='bbox 326 426 351 456; x_wconf 89' lang='lat' dir='ltr'>si</span> <span class='ocrx_word' id='word_1_43' title='bbox 379 426 573 465; x_wconf 87' lang='lat' dir='ltr'>comparatio</span> <span class='ocrx_word' id='word_1_44' title='bbox 604 430 693 456; x_wconf 91' lang='lat' dir='ltr'>recta</span> <span class='ocrx_word' id='word_1_45' title='bbox 721 431 782 462; x_wconf 89' lang='lat' dir='ltr'>est,</span> <span class='ocrx_word' id='word_1_46' title='bbox 796 427 910 461; x_wconf 75' lang='lat' dir='ltr'>virum,</span> <span class='ocrx_word' id='word_1_47' title='bbox 927 425 989 454; x_wconf 85' lang='lat' dir='ltr'>etsi</span> <span class='ocrx_word' id='word_1_48' title='bbox 1016 424 1156 466; x_wconf 82' lang='lat' dir='ltr'>gladium</span> <span class='ocrx_word' id='word_1_49' title='bbox 1171 424 1279 464; x_wconf 81' lang='lat' dir='ltr'>sumit,</span> <span class='ocrx_word' id='word_1_50' title='bbox 1295 427 1399 453; x_wconf 88' lang='lat' dir='ltr'>tamen</span> <span class='ocrx_word' id='word_1_51' title='bbox 1417 424 1563 463; x_wconf 88' lang='lat' dir='ltr'>superbis</span> <span class='ocrx_word' id='word_1_52' title='bbox 1590 424 1790 465; x_wconf 76' lang='lat' dir='ltr'>benefacere,</span> <span class='ocrx_word' id='word_1_53' title='bbox 1801 428 1927 455; x_wconf 87' lang='lat' dir='ltr'>statua·</span> 
     </span>
     <span class='ocr_line' id='line_1_6' title="bbox 137 485 1929 526; baseline 0 -10"><span class='ocrx_word' id='word_1_54' title='bbox 137 491 188 516; x_wconf 88' lang='lat' dir='ltr'>tur</span> <span class='ocrx_word' id='word_1_55' title='bbox 223 496 363 517; x_wconf 90' lang='lat' dir='ltr'>necesse</span> <span class='ocrx_word' id='word_1_56' title='bbox 390 492 451 517; x_wconf 89' lang='lat' dir='ltr'>est.</span> <span class='ocrx_word' id='word_1_57' title='bbox 512 486 717 517; x_wconf 89' lang='lat' dir='ltr'>Scholiastes</span> <span class='ocrx_word' id='word_1_58' title='bbox 755 486 850 525; x_wconf 80' lang='lat' dir='ltr'>dicit,</span> <span class='ocrx_word' id='word_1_59' title='bbox 878 485 1017 526; x_wconf 87' lang='lat' dir='ltr'>gladium</span> <span class='ocrx_word' id='word_1_60' title='bbox 1046 487 1127 515; x_wconf 91' lang='lat' dir='ltr'>sumi</span> <span class='ocrx_word' id='word_1_61' title='bbox 1154 490 1209 516; x_wconf 87' lang='lat' dir='ltr'>aut</span> <span class='ocrx_word' id='word_1_62' title='bbox 1235 490 1267 516; x_wconf 93' lang='lat' dir='ltr'>ut</span> <span class='ocrx_word' id='word_1_63' title='bbox 1292 485 1463 515; x_wconf 79' lang='lat' dir='ltr'>vicinitatis</span> <span class='ocrx_word' id='word_1_64' title='bbox 1491 485 1603 516; x_wconf 89' lang='lat' dir='ltr'>foedus</span> <span class='ocrx_word' id='word_1_65' title='bbox 1630 491 1788 526; x_wconf 83' lang='lat' dir='ltr'>pangatur</span> <span class='ocrx_word' id='word_1_66' title='bbox 1814 491 1867 516; x_wconf 92' lang='lat' dir='ltr'>aut</span> <span class='ocrx_word' id='word_1_67' title='bbox 1894 491 1929 516; x_wconf 89' lang='lat' dir='ltr'>ut</span> 
     </span>
     <span class='ocr_line' id='line_1_7' title="bbox 136 541 1928 588; baseline 0 -10"><span class='ocrx_word' id='word_1_68' title='bbox 136 549 251 579; x_wconf 90' lang='lat' dir='ltr'>bellurn</span> <span class='ocrx_word' id='word_1_69' title='bbox 291 549 347 579; x_wconf 90' lang='lat' dir='ltr'>fiat</span> <span class='ocrx_word' id='word_1_70' title='bbox 383 554 437 580; x_wconf 88' lang='lat' dir='ltr'>aut</span> <span class='ocrx_word' id='word_1_71' title='bbox 476 553 509 580; x_wconf 94' lang='lat' dir='ltr'>ut</span> <span class='ocrx_word' id='word_1_72' title='bbox 544 541 698 588; x_wconf 73' lang='lat' dir='ltr'>princeps</span> <span class='ocrx_word' id='word_1_73' title='bbox 731 553 870 578; x_wconf 76' lang='lat' dir='ltr'>creetur.</span> <span class='ocrx_word' id='word_1_74' title='bbox 937 549 1038 578; x_wconf 86' lang='lat' dir='ltr'>Poeta</span> <span class='ocrx_word' id='word_1_75' title='bbox 1075 548 1178 588; x_wconf 82' lang='lat' dir='ltr'>Djerir</span> <span class='ocrx_word' id='word_1_76' title='bbox 1214 547 1353 577; x_wconf 87' lang='lat' dir='ltr'>foederis</span> <span class='ocrx_word' id='word_1_77' title='bbox 1391 547 1565 578; x_wconf 84' lang='lat' dir='ltr'>vicinitatis</span> <span class='ocrx_word' id='word_1_78' title='bbox 1592 550 1780 579; x_wconf 77' lang='lat' dir='ltr'>mentionem</span> <span class='ocrx_word' id='word_1_79' title='bbox 1808 548 1928 579; x_wconf 87' lang='lat' dir='ltr'>faciens</span> 
     </span>
     <span class='ocr_line' id='line_1_8' title="bbox 136 608 1928 651; baseline -0.001 -10"><span class='ocrx_word' id='word_1_80' title='bbox 136 610 574 651; x_wconf 83' lang='lat' dir='ltr'>dixit(metr.Motakarib):</span> <span class='ocrx_word' id='word_1_81' title='bbox 601 613 641 641; x_wconf 92' lang='lat' dir='ltr'>In</span> <span class='ocrx_word' id='word_1_82' title='bbox 671 612 846 642; x_wconf 84' lang='lat' dir='ltr'>foedere</span> <span class='ocrx_word' id='word_1_83' title='bbox 873 610 1119 641; x_wconf 90' lang='lat' dir='ltr'>vicinitatis</span> <span class='ocrx_word' id='word_1_84' title='bbox 1148 608 1379 650; x_wconf 84' lang='lat' dir='ltr'>pangendo</span> <span class='ocrx_word' id='word_1_85' title='bbox 1407 609 1464 639; x_wconf 90' lang='lat' dir='ltr'>nil</span> <span class='ocrx_word' id='word_1_86' title='bbox 1492 610 1606 640; x_wconf 90' lang='lat' dir='ltr'>aliud</span> <span class='ocrx_word' id='word_1_87' title='bbox 1633 610 1717 640; x_wconf 89' lang='lat' dir='ltr'>nisi</span> <span class='ocrx_word' id='word_1_88' title='bbox 1744 610 1928 651; x_wconf 87' lang='lat' dir='ltr'>gladium</span> 
     </span>
     <span class='ocr_line' id='line_1_9' title="bbox 136 671 1927 714; baseline -0.002 -10"><span class='ocrx_word' id='word_1_89' title='bbox 136 675 261 704; x_wconf 87' lang='lat' dir='ltr'>sumit</span> <span class='ocrx_word' id='word_1_90' title='bbox 290 679 331 705; x_wconf 91' lang='lat' dir='ltr'>et</span> <span class='ocrx_word' id='word_1_91' title='bbox 358 675 496 714; x_wconf 88' lang='lat' dir='ltr'>pallio</span> <span class='ocrx_word' id='word_1_92' title='bbox 533 684 576 704; x_wconf 87' lang='lat' dir='ltr'>se</span> <span class='ocrx_word' id='word_1_93' title='bbox 614 675 721 705; x_wconf 90' lang='lat' dir='ltr'>haud</span> <span class='ocrx_word' id='word_1_94' title='bbox 748 675 899 704; x_wconf 86' lang='lat' dir='ltr'>vestit.</span> <span class='ocrx_word' id='word_1_95' title='bbox 951 673 1154 704; x_wconf 77' lang='lat' dir='ltr'>scholiastes</span> <span class='ocrx_word' id='word_1_96' title='bbox 1181 671 1282 701; x_wconf 88' lang='lat' dir='ltr'>verba</span> <span class='ocrx_word' id='word_1_97' title='bbox 1308 671 1354 700; x_wconf 89' lang='lat' dir='ltr'>ita</span> <span class='ocrx_word' id='word_1_98' title='bbox 1380 671 1550 710; x_wconf 83' lang='lat' dir='ltr'>coniunxit,</span> <span class='ocrx_word' id='word_1_99' title='bbox 1578 677 1611 703; x_wconf 91' lang='lat' dir='ltr'>ut</span> <span class='ocrx_word' id='word_1_100' title='bbox 1637 672 1763 714; x_wconf 86' lang='lat' dir='ltr'>gladius</span> <span class='ocrx_word' id='word_1_101' title='bbox 1789 673 1819 702; x_wconf 91' lang='lat' dir='ltr'>in</span> <span class='ocrx_word' id='word_1_102' title='bbox 1847 681 1927 702; x_wconf 91' lang='lat' dir='ltr'>con-</span> 
     </span>
     <span class='ocr_line' id='line_1_10' title="bbox 135 735 1927 777; baseline -0.001 -11"><span class='ocrx_word' id='word_1_103' title='bbox 135 745 233 766; x_wconf 89' lang='lat' dir='ltr'>sessu</span> <span class='ocrx_word' id='word_1_104' title='bbox 260 742 460 776; x_wconf 78' lang='lat' dir='ltr'>sumeretur-3</span> <span class='ocrx_word' id='word_1_105' title='bbox 489 737 548 766; x_wconf 88' lang='lat' dir='ltr'>sed</span> <span class='ocrx_word' id='word_1_106' title='bbox 576 737 615 766; x_wconf 88' lang='lat' dir='ltr'>nil</span> <span class='ocrx_word' id='word_1_107' title='bbox 644 737 769 766; x_wconf 83' lang='lat' dir='ltr'>obstare</span> <span class='ocrx_word' id='word_1_108' title='bbox 797 737 935 777; x_wconf 77' lang='lat' dir='ltr'>videtui·⁷</span> <span class='ocrx_word' id='word_1_109' title='bbox 966 736 1039 776; x_wconf 93' lang='lat' dir='ltr'>quin</span> <span class='ocrx_word' id='word_1_110' title='bbox 1060 741 1227 775; x_wconf 85' lang='lat' dir='ltr'>utrumque</span> <span class='ocrx_word' id='word_1_111' title='bbox 1254 735 1387 765; x_wconf 88' lang='lat' dir='ltr'>verbum</span> <span class='ocrx_word' id='word_1_112' title='bbox 1415 739 1594 776; x_wconf 74' lang='lat' dir='ltr'>separetur,</span> <span class='ocrx_word' id='word_1_113' title='bbox 1609 737 1652 766; x_wconf 88' lang='lat' dir='ltr'>ita</span> <span class='ocrx_word' id='word_1_114' title='bbox 1675 741 1710 766; x_wconf 90' lang='lat' dir='ltr'>ut</span> <span class='ocrx_word' id='word_1_115' title='bbox 1731 741 1823 767; x_wconf 84' lang='lat' dir='ltr'>extra</span> <span class='ocrx_word' id='word_1_116' title='bbox 1849 745 1927 766; x_wconf 90' lang='lat' dir='ltr'>con-</span> 
     </span>
     <span class='ocr_line' id='line_1_11' title="bbox 135 797 1927 841; baseline -0.002 -11"><span class='ocrx_word' id='word_1_117' title='bbox 135 809 263 830; x_wconf 85' lang='lat' dir='ltr'>sessum</span> <span class='ocrx_word' id='word_1_118' title='bbox 292 800 431 841; x_wconf 84' lang='lat' dir='ltr'>gladium</span> <span class='ocrx_word' id='word_1_119' title='bbox 459 804 572 829; x_wconf 85' lang='lat' dir='ltr'>sumat.</span> <span class='ocrx_word' id='word_1_120' title='bbox 625 800 697 830; x_wconf 88' lang='lat' dir='ltr'>Hoc</span> <span class='ocrx_word' id='word_1_121' title='bbox 728 800 867 829; x_wconf 89' lang='lat' dir='ltr'>admisso</span> <span class='ocrx_word' id='word_1_122' title='bbox 895 804 990 838; x_wconf 86' lang='lat' dir='ltr'>poeta</span> <span class='ocrx_word' id='word_1_123' title='bbox 1017 798 1123 828; x_wconf 83' lang='lat' dir='ltr'>dicere</span> <span class='ocrx_word' id='word_1_124' title='bbox 1150 797 1237 837; x_wconf 79' lang='lat' dir='ltr'>vult,</span> <span class='ocrx_word' id='word_1_125' title='bbox 1277 798 1306 827; x_wconf 88' lang='lat' dir='ltr'>ei</span> <span class='ocrx_word' id='word_1_126' title='bbox 1334 801 1394 827; x_wconf 88' lang='lat' dir='ltr'>tam</span> <span class='ocrx_word' id='word_1_127' title='bbox 1425 801 1571 836; x_wconf 85' lang='lat' dir='ltr'>tempore</span> <span class='ocrx_word' id='word_1_128' title='bbox 1597 798 1682 836; x_wconf 85' lang='lat' dir='ltr'>pacis</span> <span class='ocrx_word' id='word_1_129' title='bbox 1709 798 1738 827; x_wconf 93' lang='lat' dir='ltr'>in</span> <span class='ocrx_word' id='word_1_130' title='bbox 1767 807 1927 827; x_wconf 79' lang='lat' dir='ltr'>consessu</span> 
     </span>
     <span class='ocr_line' id='line_1_12' title="bbox 136 859 1927 909; baseline -0.001 -17"><span class='ocrx_word' id='word_1_131' title='bbox 136 863 254 903; x_wconf 83' lang='lat' dir='ltr'>gentis,</span> <span class='ocrx_word' id='word_1_132' title='bbox 283 871 375 901; x_wconf 89' lang='lat' dir='ltr'>quam</span> <span class='ocrx_word' id='word_1_133' title='bbox 404 866 548 901; x_wconf 85' lang='lat' dir='ltr'>tempore</span> <span class='ocrx_word' id='word_1_134' title='bbox 575 862 646 891; x_wconf 87' lang='lat' dir='ltr'>belli</span> <span class='ocrx_word' id='word_1_135' title='bbox 673 862 831 901; x_wconf 87' lang='lat' dir='ltr'>superbos</span> <span class='ocrx_word' id='word_1_136' title='bbox 857 871 892 892; x_wconf 88' lang='lat' dir='ltr'>se</span> <span class='ocrx_word' id='word_1_137' title='bbox 919 861 1087 891; x_wconf 82' lang='lat' dir='ltr'>subiicere.</span> <span class='ocrx_word' id='word_1_138' title='bbox 1140 859 1215 889; x_wconf 86' lang='lat' dir='ltr'>Vox</span> <span class='ocrx_word' id='word_1_139' title='bbox 1240 860 1346 909; x_wconf 47' lang='grc' dir='ltr'>ἐμὰ</span> <span class='ocrx_word' id='word_1_140' title='bbox 1374 864 1521 898; x_wconf 88' lang='lat' dir='ltr'>tanquam</span> <span class='ocrx_word' id='word_1_141' title='bbox 1550 867 1662 888; x_wconf 89' lang='lat' dir='ltr'>nomen</span> <span class='ocrx_word' id='word_1_142' title='bbox 1689 859 1822 889; x_wconf 85' lang='lat' dir='ltr'>actionis</span> <span class='ocrx_word' id='word_1_143' title='bbox 1859 869 1927 890; x_wconf 81' lang='lat' dir='ltr'>curn</span> 
     </span>
     <span class='ocr_line' id='line_1_13' title="bbox 136 922 1924 967; baseline 0 -15"><span class='ocrx_word' id='word_1_144' title='bbox 136 924 236 953; x_wconf 82' lang='lat' dir='ltr'>verbo</span> <span class='ocrx_word' id='word_1_145' title='bbox 271 922 332 967; x_wconf 65' lang='lat' dir='ltr'>Ol&gt;</span> <span class='ocrx_word' id='word_1_146' title='bbox 366 923 621 964; x_wconf 86' lang='lat' dir='ltr'>coniungendum</span> <span class='ocrx_word' id='word_1_147' title='bbox 651 928 720 965; x_wconf 71' lang='lat' dir='ltr'>est3</span> <span class='ocrx_word' id='word_1_148' title='bbox 748 923 784 953; x_wconf 87' lang='lat' dir='ltr'>fit</span> <span class='ocrx_word' id='word_1_149' title='bbox 811 923 892 953; x_wconf 90' lang='lat' dir='ltr'>enim</span> <span class='ocrx_word' id='word_1_150' title='bbox 920 923 1087 960; x_wconf 82' lang='lat' dir='ltr'>interdum,</span> <span class='ocrx_word' id='word_1_151' title='bbox 1115 926 1149 951; x_wconf 87' lang='lat' dir='ltr'>ut</span> <span class='ocrx_word' id='word_1_152' title='bbox 1177 922 1303 951; x_wconf 83' lang='lat' dir='ltr'>Arabes</span> <span class='ocrx_word' id='word_1_153' title='bbox 1331 931 1442 951; x_wconf 89' lang='lat' dir='ltr'>nomen</span> <span class='ocrx_word' id='word_1_154' title='bbox 1470 922 1607 952; x_wconf 88' lang='lat' dir='ltr'>actionis</span> <span class='ocrx_word' id='word_1_155' title='bbox 1634 931 1702 952; x_wconf 89' lang='lat' dir='ltr'>cum</span> <span class='ocrx_word' id='word_1_156' title='bbox 1726 922 1786 951; x_wconf 91' lang='lat' dir='ltr'>alio</span> <span class='ocrx_word' id='word_1_157' title='bbox 1813 922 1924 959; x_wconf 87' lang='lat' dir='ltr'>verbo,</span> 
     </span>
     <span class='ocr_line' id='line_1_14' title="bbox 136 983 1926 1026; baseline 0 -12"><span class='ocrx_word' id='word_1_158' title='bbox 136 984 218 1024; x_wconf 91' lang='lat' dir='ltr'>quod</span> <span class='ocrx_word' id='word_1_159' title='bbox 247 985 385 1015; x_wconf 81' lang='lat' dir='ltr'>eiusdem</span> <span class='ocrx_word' id='word_1_160' title='bbox 411 984 655 1026; x_wconf 85' lang='lat' dir='ltr'>significationis</span> <span class='ocrx_word' id='word_1_161' title='bbox 683 986 737 1026; x_wconf 73' lang='lat' dir='ltr'>sit,</span> <span class='ocrx_word' id='word_1_162' title='bbox 768 986 972 1026; x_wconf 86' lang='lat' dir='ltr'>coniungant.</span> <span class='ocrx_word' id='word_1_163' title='bbox 1025 985 1083 1015; x_wconf 87' lang='lat' dir='ltr'>Sic</span> <span class='ocrx_word' id='word_1_164' title='bbox 1110 985 1140 1014; x_wconf 94' lang='lat' dir='ltr'>in</span> <span class='ocrx_word' id='word_1_165' title='bbox 1167 986 1196 1013; x_wconf 92' lang='lat' dir='ltr'>in</span> <span class='ocrx_word' id='word_1_166' title='bbox 1225 989 1380 1023; x_wconf 84' lang='lat' dir='ltr'>sequente</span> <span class='ocrx_word' id='word_1_167' title='bbox 1406 983 1607 1013; x_wconf 85' lang='lat' dir='ltr'>hemistichio</span> <span class='ocrx_word' id='word_1_168' title='bbox 1635 983 1745 1022; x_wconf 84' lang='lat' dir='ltr'>(metr.</span> <span class='ocrx_word' id='word_1_169' title='bbox 1764 983 1926 1024; x_wconf 85' lang='lat' dir='ltr'>Thawil):</span> 
     </span>
     <span class='ocr_line' id='line_1_15' title="bbox 135 1045 1925 1088; baseline -0.001 -11"><span class='ocrx_word' id='word_1_170' title='bbox 135 1048 184 1078; x_wconf 83' lang='lat' dir='ltr'>Et</span> <span class='ocrx_word' id='word_1_171' title='bbox 223 1047 504 1078; x_wconf 86' lang='lat' dir='ltr'>condocefeci</span> <span class='ocrx_word' id='word_1_172' title='bbox 534 1047 832 1088; x_wconf 88' lang='lat' dir='ltr'>quodammodo</span> <span class='ocrx_word' id='word_1_173' title='bbox 870 1052 914 1077; x_wconf 88' lang='lat' dir='ltr'>et</span> <span class='ocrx_word' id='word_1_174' title='bbox 953 1049 1147 1086; x_wconf 86' lang='lat' dir='ltr'>quamvis</span> <span class='ocrx_word' id='word_1_175' title='bbox 1186 1045 1390 1076; x_wconf 85' lang='lat' dir='ltr'>difficilis</span> <span class='ocrx_word' id='word_1_176' title='bbox 1430 1049 1537 1086; x_wconf 74' lang='lat' dir='ltr'>erat,</span> <span class='ocrx_word' id='word_1_177' title='bbox 1565 1054 1668 1075; x_wconf 83' lang='lat' dir='ltr'>sese</span> <span class='ocrx_word' id='word_1_178' title='bbox 1707 1046 1925 1076; x_wconf 78' lang='lat' dir='ltr'>submisit.</span> 
     </span>
     <span class='ocr_line' id='line_1_16' title="bbox 136 1107 1926 1150; baseline -0.002 -9"><span class='ocrx_word' id='word_1_179' title='bbox 136 1110 288 1141; x_wconf 88' lang='lat' dir='ltr'>Camelos</span> <span class='ocrx_word' id='word_1_180' title='bbox 317 1110 481 1140; x_wconf 86' lang='lat' dir='ltr'>scabiosos</span> <span class='ocrx_word' id='word_1_181' title='bbox 509 1120 527 1141; x_wconf 89' lang='lat' dir='ltr'>a</span> <span class='ocrx_word' id='word_1_182' title='bbox 556 1111 713 1150; x_wconf 85' lang='lat' dir='ltr'>caeteris,</span> <span class='ocrx_word' id='word_1_183' title='bbox 741 1119 779 1140; x_wconf 92' lang='lat' dir='ltr'>ne</span> <span class='ocrx_word' id='word_1_184' title='bbox 807 1110 915 1139; x_wconf 86' lang='lat' dir='ltr'>morbo</span> <span class='ocrx_word' id='word_1_185' title='bbox 945 1108 1161 1148; x_wconf 82' lang='lat' dir='ltr'>inficerentur,</span> <span class='ocrx_word' id='word_1_186' title='bbox 1189 1117 1342 1147; x_wconf 84' lang='lat' dir='ltr'>separare</span> <span class='ocrx_word' id='word_1_187' title='bbox 1369 1108 1461 1137; x_wconf 87' lang='lat' dir='ltr'>Ham.</span> <span class='ocrx_word' id='word_1_188' title='bbox 1492 1109 1538 1138; x_wconf 63' lang='lat'>8¹00</span> <span class='ocrx_word' id='word_1_189' title='bbox 1565 1117 1597 1140; x_wconf 76' lang='lat' dir='ltr'>v.</span> <span class='ocrx_word' id='word_1_190' title='bbox 1627 1107 1657 1137; x_wconf 93' lang='lat'>1.</span> <span class='ocrx_word' id='word_1_191' title='bbox 1685 1112 1717 1138; x_wconf 90' lang='lat' dir='ltr'>et</span> <span class='ocrx_word' id='word_1_192' title='bbox 1744 1117 1805 1147; x_wconf 91' lang='lat' dir='ltr'>ope</span> <span class='ocrx_word' id='word_1_193' title='bbox 1832 1110 1926 1147; x_wconf 92' lang='lat' dir='ltr'>panni</span> 
     </span>
     <span class='ocr_line' id='line_1_17' title="bbox 136 1169 1923 1212; baseline -0.001 -11"><span class='ocrx_word' id='word_1_194' title='bbox 136 1172 209 1212; x_wconf 89' lang='lat' dir='ltr'>pice</span> <span class='ocrx_word' id='word_1_195' title='bbox 247 1172 358 1201; x_wconf 88' lang='lat' dir='ltr'>illinire</span> <span class='ocrx_word' id='word_1_196' title='bbox 394 1173 538 1202; x_wconf 88' lang='lat' dir='ltr'>solebant</span> <span class='ocrx_word' id='word_1_197' title='bbox 570 1172 662 1202; x_wconf 84' lang='lat' dir='ltr'>Ham.</span> <span class='ocrx_word' id='word_1_198' title='bbox 702 1173 740 1201; x_wconf 74' lang='lat' dir='ltr'>on</span> <span class='ocrx_word' id='word_1_199' title='bbox 776 1183 809 1204; x_wconf 80' lang='lat' dir='ltr'>v.</span> <span class='ocrx_word' id='word_1_200' title='bbox 845 1171 877 1202; x_wconf 83' lang='lat'>3.</span> <span class='ocrx_word' id='word_1_201' title='bbox 916 1171 1013 1201; x_wconf 84' lang='lat' dir='ltr'>Meid.</span> <span class='ocrx_word' id='word_1_202' title='bbox 1049 1170 1087 1201; x_wconf 90' lang='lat' dir='ltr'>C.</span> <span class='ocrx_word' id='word_1_203' title='bbox 1127 1169 1193 1205; x_wconf 78' lang='lat'>27,</span> <span class='ocrx_word' id='word_1_204' title='bbox 1233 1169 1313 1199; x_wconf 85' lang='lat'>159.</span> <span class='ocrx_word' id='word_1_205' title='bbox 1379 1170 1483 1199; x_wconf 91' lang='lat' dir='ltr'>Huius</span> <span class='ocrx_word' id='word_1_206' title='bbox 1511 1179 1636 1209; x_wconf 88' lang='lat' dir='ltr'>quoque</span> <span class='ocrx_word' id='word_1_207' title='bbox 1676 1170 1720 1200; x_wconf 89' lang='lat' dir='ltr'>rei</span> <span class='ocrx_word' id='word_1_208' title='bbox 1756 1170 1786 1199; x_wconf 92' lang='lat' dir='ltr'>in</span> <span class='ocrx_word' id='word_1_209' title='bbox 1823 1179 1923 1200; x_wconf 90' lang='lat' dir='ltr'>versu</span> 
     </span>
     <span class='ocr_line' id='line_1_18' title="bbox 136 1221 1926 1276; baseline -0.001 -12"><span class='ocrx_word' id='word_1_210' title='bbox 136 1221 371 1264; x_wconf 55' lang='lat' dir='ltr'>A¹mru-l&#39;Kaisi</span> <span class='ocrx_word' id='word_1_211' title='bbox 400 1235 515 1265; x_wconf 89' lang='lat' dir='ltr'>mentio</span> <span class='ocrx_word' id='word_1_212' title='bbox 540 1235 575 1265; x_wconf 87' lang='lat' dir='ltr'>fit</span> <span class='ocrx_word' id='word_1_213' title='bbox 596 1236 705 1274; x_wconf 83' lang='lat' dir='ltr'>(metr.</span> <span class='ocrx_word' id='word_1_214' title='bbox 719 1231 878 1276; x_wconf 75' lang='lat' dir='ltr'>Thawil):</span> <span class='ocrx_word' id='word_1_215' title='bbox 908 1233 1253 1272; x_wconf 84' lang='lat' dir='ltr'>Quemadmodum</span> <span class='ocrx_word' id='word_1_216' title='bbox 1284 1233 1352 1262; x_wconf 91' lang='lat' dir='ltr'>vir</span> <span class='ocrx_word' id='word_1_217' title='bbox 1379 1232 1574 1262; x_wconf 90' lang='lat' dir='ltr'>illiniens</span> <span class='ocrx_word' id='word_1_218' title='bbox 1603 1233 1693 1272; x_wconf 88' lang='lat' dir='ltr'>piee</span> <span class='ocrx_word' id='word_1_219' title='bbox 1721 1233 1926 1263; x_wconf 86' lang='lat' dir='ltr'>inunctam</span> 
     </span>
    </p>
   </div>
   <div class='ocr_carea' id='block_1_3' title="bbox 137 1294 1878 1341">
    <p class='ocr_par' dir='ltr' id='par_1_3' title="bbox 137 1294 1878 1341">
     <span class='ocr_line' id='line_1_19' title="bbox 137 1294 1878 1341; baseline -0.001 -13"><span class='ocrx_word' id='word_1_220' title='bbox 137 1294 369 1341; x_wconf 82' lang='lat' dir='ltr'>(camelam)</span> <span class='ocrx_word' id='word_1_221' title='bbox 398 1298 594 1330; x_wconf 87' lang='lat' dir='ltr'>illinivit.</span> <span class='ocrx_word' id='word_1_222' title='bbox 633 1297 745 1328; x_wconf 87' lang='lat' dir='ltr'>conf.</span> <span class='ocrx_word' id='word_1_223' title='bbox 774 1297 815 1327; x_wconf 90' lang='lat' dir='ltr'>ill.</span> <span class='ocrx_word' id='word_1_224' title='bbox 843 1297 892 1327; x_wconf 90' lang='lat' dir='ltr'>De</span> <span class='ocrx_word' id='word_1_225' title='bbox 919 1296 1017 1326; x_wconf 85' lang='lat' dir='ltr'>Slaue</span> <span class='ocrx_word' id='word_1_226' title='bbox 1046 1296 1172 1326; x_wconf 85' lang='lat' dir='ltr'>Diwan.</span> <span class='ocrx_word' id='word_1_227' title='bbox 1202 1306 1231 1335; x_wconf 91' lang='lat' dir='ltr'>p.</span> <span class='ocrx_word' id='word_1_228' title='bbox 1251 1298 1284 1334; x_wconf 68' lang='grc' dir='ltr'>Ἠ,</span> <span class='ocrx_word' id='word_1_229' title='bbox 1313 1296 1364 1326; x_wconf 92' lang='lat' dir='ltr'>ubi</span> <span class='ocrx_word' id='word_1_230' title='bbox 1392 1296 1494 1326; x_wconf 87' lang='lat' dir='ltr'>minus</span> <span class='ocrx_word' id='word_1_231' title='bbox 1521 1296 1603 1325; x_wconf 92' lang='lat' dir='ltr'>bene</span> <span class='ocrx_word' id='word_1_232' title='bbox 1631 1303 1724 1327; x_wconf 56' lang='lat' dir='ltr'><em>Q</em></span> <span class='ocrx_word' id='word_1_233' title='bbox 1752 1295 1878 1337; x_wconf 84' lang='lat' dir='ltr'>legitur.</span> 
     </span>
    </p>
   </div>
   <div class='ocr_carea' id='block_1_4' title="bbox 134 1403 1929 1630">
    <p class='ocr_par' dir='ltr' id='par_1_4' title="bbox 134 1403 1929 1495">
     <span class='ocr_line' id='line_1_20' title="bbox 134 1403 1929 1444; baseline -0.002 -9"><span class='ocrx_word' id='word_1_234' title='bbox 134 1408 167 1437; x_wconf 75' lang='lat'>2.</span> <span class='ocrx_word' id='word_1_235' title='bbox 212 1407 333 1435; x_wconf 76' lang='lat' dir='ltr'>Estne</span> <span class='ocrx_word' id='word_1_236' title='bbox 362 1407 393 1434; x_wconf 78' lang='lat' dir='ltr'>si</span> <span class='ocrx_word' id='word_1_237' title='bbox 422 1416 495 1435; x_wconf 75' lang='lat' dir='ltr'>ares</span> <span class='ocrx_word' id='word_1_238' title='bbox 526 1416 623 1444; x_wconf 75' lang='lat' dir='ltr'>super</span> <span class='ocrx_word' id='word_1_239' title='bbox 653 1416 759 1435; x_wconf 78' lang='lat' dir='ltr'>eorum</span> <span class='ocrx_word' id='word_1_240' title='bbox 782 1405 934 1440; x_wconf 79' lang='lat' dir='ltr'>capitibus</span> <span class='ocrx_word' id='word_1_241' title='bbox 958 1406 1038 1438; x_wconf 77' lang='lat' dir='ltr'>sint,</span> <span class='ocrx_word' id='word_1_242' title='bbox 1075 1413 1137 1432; x_wconf 79' lang='lat' dir='ltr'>non</span> <span class='ocrx_word' id='word_1_243' title='bbox 1171 1405 1206 1433; x_wconf 81' lang='lat' dir='ltr'>ob</span> <span class='ocrx_word' id='word_1_244' title='bbox 1234 1407 1351 1433; x_wconf 84' lang='lat' dir='ltr'>metum</span> <span class='ocrx_word' id='word_1_245' title='bbox 1374 1406 1529 1440; x_wconf 79' lang='lat' dir='ltr'>im&#39;uriae;</span> <span class='ocrx_word' id='word_1_246' title='bbox 1551 1403 1610 1432; x_wconf 77' lang='lat' dir='ltr'>sed</span> <span class='ocrx_word' id='word_1_247' title='bbox 1629 1403 1665 1432; x_wconf 83' lang='lat' dir='ltr'>ob</span> <span class='ocrx_word' id='word_1_248' title='bbox 1689 1405 1812 1437; x_wconf 83' lang='lat' dir='ltr'>metum,</span> <span class='ocrx_word' id='word_1_249' title='bbox 1839 1412 1929 1441; x_wconf 80' lang='lat' dir='ltr'>quem</span> 
     </span>
     <span class='ocr_line' id='line_1_21' title="bbox 857 1458 1225 1495; baseline -0.005 -7"><span class='ocrx_word' id='word_1_250' title='bbox 857 1460 1047 1488; x_wconf 73' lang='lat' dir='ltr'>verecundia</span> <span class='ocrx_word' id='word_1_251' title='bbox 1069 1458 1225 1495; x_wconf 79' lang='lat' dir='ltr'>producit.</span> 
     </span>
    </p>

    <p class='ocr_par' dir='ltr' id='par_1_5' title="bbox 235 1523 1926 1571">
     <span class='ocr_line' id='line_1_22' title="bbox 235 1523 1926 1571; baseline -0.005 -11"><span class='ocrx_word' id='word_1_252' title='bbox 235 1530 376 1571; x_wconf 81' lang='lat' dir='ltr'>Modum,</span> <span class='ocrx_word' id='word_1_253' title='bbox 406 1539 466 1570; x_wconf 84' lang='lat' dir='ltr'>quo</span> <span class='ocrx_word' id='word_1_254' title='bbox 486 1530 632 1560; x_wconf 88' lang='lat' dir='ltr'>homines</span> <span class='ocrx_word' id='word_1_255' title='bbox 659 1529 688 1558; x_wconf 90' lang='lat' dir='ltr'>iu</span> <span class='ocrx_word' id='word_1_256' title='bbox 719 1537 877 1559; x_wconf 86' lang='lat' dir='ltr'>consessu</span> <span class='ocrx_word' id='word_1_257' title='bbox 905 1538 942 1558; x_wconf 89' lang='lat' dir='ltr'>se</span> <span class='ocrx_word' id='word_1_258' title='bbox 969 1531 1095 1569; x_wconf 81' lang='lat' dir='ltr'>gerant,</span> <span class='ocrx_word' id='word_1_259' title='bbox 1113 1527 1271 1557; x_wconf 85' lang='lat' dir='ltr'>describit.</span> <span class='ocrx_word' id='word_1_260' title='bbox 1302 1525 1404 1556; x_wconf 89' lang='lat' dir='ltr'>Cuius</span> <span class='ocrx_word' id='word_1_261' title='bbox 1432 1525 1462 1555; x_wconf 89' lang='lat' dir='ltr'>in</span> <span class='ocrx_word' id='word_1_262' title='bbox 1489 1525 1592 1564; x_wconf 83' lang='lat' dir='ltr'>capite</span> <span class='ocrx_word' id='word_1_263' title='bbox 1621 1526 1691 1554; x_wconf 91' lang='lat' dir='ltr'>avis</span> <span class='ocrx_word' id='word_1_264' title='bbox 1719 1529 1781 1564; x_wconf 78' lang='lat' dir='ltr'>est,</span> <span class='ocrx_word' id='word_1_265' title='bbox 1810 1523 1926 1553; x_wconf 85' lang='lat' dir='ltr'>timens</span> 
     </span>
    </p>

    <p class='ocr_par' dir='ltr' id='par_1_6' title="bbox 136 1586 1926 1630">
     <span class='ocr_line' id='line_1_23' title="bbox 136 1586 1926 1630; baseline -0.003 -9"><span class='ocrx_word' id='word_1_266' title='bbox 136 1601 176 1621; x_wconf 90' lang='lat' dir='ltr'>ue</span> <span class='ocrx_word' id='word_1_267' title='bbox 203 1592 321 1630; x_wconf 84' lang='lat' dir='ltr'>avolet,</span> <span class='ocrx_word' id='word_1_268' title='bbox 350 1602 386 1622; x_wconf 86' lang='lat' dir='ltr'>se</span> <span class='ocrx_word' id='word_1_269' title='bbox 413 1602 544 1622; x_wconf 84' lang='lat' dir='ltr'>movere</span> <span class='ocrx_word' id='word_1_270' title='bbox 574 1601 634 1621; x_wconf 92' lang='lat' dir='ltr'>non</span> <span class='ocrx_word' id='word_1_271' title='bbox 663 1591 769 1621; x_wconf 88' lang='lat' dir='ltr'>audet.</span> <span class='ocrx_word' id='word_1_272' title='bbox 797 1591 938 1622; x_wconf 88' lang='lat' dir='ltr'>Similem</span> <span class='ocrx_word' id='word_1_273' title='bbox 974 1589 1122 1630; x_wconf 85' lang='lat' dir='ltr'>loquendi</span> <span class='ocrx_word' id='word_1_274' title='bbox 1150 1588 1277 1618; x_wconf 90' lang='lat' dir='ltr'>modum</span> <span class='ocrx_word' id='word_1_275' title='bbox 1305 1588 1394 1617; x_wconf 90' lang='lat' dir='ltr'>Harn.</span> <span class='ocrx_word' id='word_1_276' title='bbox 1423 1587 1474 1616; x_wconf 64' lang='lat'>‘13⁸5</span> <span class='ocrx_word' id='word_1_277' title='bbox 1502 1597 1534 1616; x_wconf 92' lang='lat' dir='ltr'>v.</span> <span class='ocrx_word' id='word_1_278' title='bbox 1563 1587 1594 1616; x_wconf 76' lang='lat'>2.</span> <span class='ocrx_word' id='word_1_279' title='bbox 1622 1586 1813 1615; x_wconf 88' lang='lat' dir='ltr'>invenimus.</span> <span class='ocrx_word' id='word_1_280' title='bbox 1874 1586 1926 1616; x_wconf 88' lang='lat' dir='ltr'>Ne</span> 
     </span>
    </p>
   </div>
   <div class='ocr_carea' id='block_1_5' title="bbox 137 1650 1758 1694">
    <p class='ocr_par' dir='ltr' id='par_1_7' title="bbox 137 1650 1758 1694">
     <span class='ocr_line' id='line_1_24' title="bbox 137 1650 1758 1694; baseline -0.002 -11"><span class='ocrx_word' id='word_1_281' title='bbox 137 1658 241 1683; x_wconf 87' lang='lat' dir='ltr'>autem</span> <span class='ocrx_word' id='word_1_282' title='bbox 269 1655 338 1693; x_wconf 83' lang='lat' dir='ltr'>quis</span> <span class='ocrx_word' id='word_1_283' title='bbox 366 1654 469 1683; x_wconf 86' lang='lat' dir='ltr'>virum</span> <span class='ocrx_word' id='word_1_284' title='bbox 497 1658 664 1694; x_wconf 85' lang='lat' dir='ltr'>tyrannum</span> <span class='ocrx_word' id='word_1_285' title='bbox 692 1653 843 1685; x_wconf 88' lang='lat' dir='ltr'>iniustum</span> <span class='ocrx_word' id='word_1_286' title='bbox 871 1663 945 1684; x_wconf 89' lang='lat' dir='ltr'>esse</span> <span class='ocrx_word' id='word_1_287' title='bbox 973 1657 1075 1693; x_wconf 77' lang='lat' dir='ltr'>putet,</span> <span class='ocrx_word' id='word_1_288' title='bbox 1102 1654 1310 1692; x_wconf 81' lang='lat' dir='ltr'>posteriorem</span> <span class='ocrx_word' id='word_1_289' title='bbox 1336 1659 1453 1681; x_wconf 89' lang='lat' dir='ltr'>versus</span> <span class='ocrx_word' id='word_1_290' title='bbox 1478 1655 1601 1691; x_wconf 89' lang='lat' dir='ltr'>partem</span> <span class='ocrx_word' id='word_1_291' title='bbox 1630 1650 1758 1681; x_wconf 88' lang='lat' dir='ltr'>addidit.</span> 
     </span>
    </p>
   </div>
   <div class='ocr_carea' id='block_1_6' title="bbox 136 1794 1926 2659">
    <p class='ocr_par' dir='ltr' id='par_1_8' title="bbox 136 1794 1926 2152">
     <span class='ocr_line' id='line_1_25' title="bbox 910 1794 1161 1827; baseline 0 0"><span class='ocrx_word' id='word_1_292' title='bbox 910 1794 1161 1827; x_wconf 64' lang='lat' dir='ltr'><strong>xxxvln.</strong></span> 
     </span>
     <span class='ocr_line' id='line_1_26' title="bbox 683 1858 1383 1902; baseline -0.004 -7"><span class='ocrx_word' id='word_1_293' title='bbox 683 1859 827 1895; x_wconf 76' lang='lat' dir='ltr'>Laila</span> <span class='ocrx_word' id='word_1_294' title='bbox 850 1860 1220 1902; x_wconf 69' lang='lat' dir='ltr'>Aiaenjalijjah</span> <span class='ocrx_word' id='word_1_295' title='bbox 1245 1858 1383 1893; x_wconf 64' lang='lat' dir='ltr'>«lixit.</span> 
     </span>
     <span class='ocr_line' id='line_1_27' title="bbox 526 1930 1554 1975; baseline 0.001 -13"><span class='ocrx_word' id='word_1_296' title='bbox 526 1930 700 1975; x_wconf 86' lang='lat' dir='ltr'>(Tempore</span> <span class='ocrx_word' id='word_1_297' title='bbox 726 1932 986 1962; x_wconf 79' lang='lat' dir='ltr'>Ahbd-Almalici</span> <span class='ocrx_word' id='word_1_298' title='bbox 1014 1933 1042 1964; x_wconf 91' lang='lat' dir='ltr'>b.</span> <span class='ocrx_word' id='word_1_299' title='bbox 1069 1933 1217 1963; x_wconf 83' lang='lat' dir='ltr'>Merwan</span> <span class='ocrx_word' id='word_1_300' title='bbox 1244 1931 1428 1974; x_wconf 88' lang='lat' dir='ltr'>grandaeva</span> <span class='ocrx_word' id='word_1_301' title='bbox 1455 1931 1554 1969; x_wconf 85' lang='lat' dir='ltr'>erat.)</span> 
     </span>
     <span class='ocr_line' id='line_1_28' title="bbox 140 2003 1926 2043; baseline 0.001 -11"><span class='ocrx_word' id='word_1_302' title='bbox 140 2005 167 2035; x_wconf 74' lang='lat'>1,</span> <span class='ocrx_word' id='word_1_303' title='bbox 213 2004 266 2033; x_wconf 87' lang='lat' dir='ltr'>Ad</span> <span class='ocrx_word' id='word_1_304' title='bbox 285 2008 314 2033; x_wconf 83' lang='lat' dir='ltr'>le</span> <span class='ocrx_word' id='word_1_305' title='bbox 337 2007 392 2034; x_wconf 70' lang='lat' dir='ltr'>ria:</span> <span class='ocrx_word' id='word_1_306' title='bbox 412 2007 499 2040; x_wconf 75' lang='lat' dir='ltr'>reni,</span> <span class='ocrx_word' id='word_1_307' title='bbox 521 2006 593 2034; x_wconf 84' lang='lat' dir='ltr'>dum</span> <span class='ocrx_word' id='word_1_308' title='bbox 623 2004 734 2034; x_wconf 82' lang='lat' dir='ltr'>sellam</span> <span class='ocrx_word' id='word_1_309' title='bbox 757 2015 856 2036; x_wconf 79' lang='lat' dir='ltr'>meam</span> <span class='ocrx_word' id='word_1_310' title='bbox 877 2009 1011 2043; x_wconf 78' lang='lat' dir='ltr'>portans</span> <span class='ocrx_word' id='word_1_311' title='bbox 1034 2005 1178 2033; x_wconf 80' lang='lat' dir='ltr'>celeriter</span> <span class='ocrx_word' id='word_1_312' title='bbox 1199 2005 1255 2032; x_wconf 77' lang='lat' dir='ltr'>ivit</span> <span class='ocrx_word' id='word_1_313' title='bbox 1274 2003 1395 2032; x_wconf 80' lang='lat' dir='ltr'>camela</span> <span class='ocrx_word' id='word_1_314' title='bbox 1417 2011 1540 2031; x_wconf 79' lang='lat' dir='ltr'>annosa</span> <span class='ocrx_word' id='word_1_315' title='bbox 1563 2003 1713 2032; x_wconf 72' lang='lat' dir='ltr'>vertebris</span> <span class='ocrx_word' id='word_1_316' title='bbox 1735 2004 1824 2033; x_wconf 77' lang='lat' dir='ltr'>dorsi</span> <span class='ocrx_word' id='word_1_317' title='bbox 1843 2005 1926 2034; x_wconf 80' lang='lat' dir='ltr'>ultro</span> 
     </span>
     <span class='ocr_line' id='line_1_29' title="bbox 825 2060 1245 2099; baseline -0.005 -10"><span class='ocrx_word' id='word_1_318' title='bbox 825 2063 966 2099; x_wconf 73' lang='lat' dir='ltr'>citroque</span> <span class='ocrx_word' id='word_1_319' title='bbox 987 2070 1022 2089; x_wconf 78' lang='lat' dir='ltr'>se</span> <span class='ocrx_word' id='word_1_320' title='bbox 1043 2060 1245 2095; x_wconf 69' lang='lat' dir='ltr'>moventibus,</span> 
     </span>
     <span class='ocr_line' id='line_1_30' title="bbox 136 2112 1709 2152; baseline 0 -10"><span class='ocrx_word' id='word_1_321' title='bbox 136 2114 168 2143; x_wconf 79' lang='lat'>2.</span> <span class='ocrx_word' id='word_1_322' title='bbox 218 2112 389 2141; x_wconf 72' lang='lat' dir='ltr'>Vulneralo</span> <span class='ocrx_word' id='word_1_323' title='bbox 408 2113 511 2148; x_wconf 78' lang='lat' dir='ltr'>dorso,</span> <span class='ocrx_word' id='word_1_324' title='bbox 534 2117 569 2143; x_wconf 83' lang='lat' dir='ltr'>ut</span> <span class='ocrx_word' id='word_1_325' title='bbox 587 2114 750 2151; x_wconf 68' lang='lat' dir='ltr'>pulvinari</span> <span class='ocrx_word' id='word_1_326' title='bbox 769 2115 906 2152; x_wconf 74' lang='lat' dir='ltr'>deposito</span> <span class='ocrx_word' id='word_1_327' title='bbox 926 2125 994 2144; x_wconf 80' lang='lat' dir='ltr'>eum</span> <span class='ocrx_word' id='word_1_328' title='bbox 1019 2115 1217 2151; x_wconf 78' lang='lat' dir='ltr'>conspiciens</span> <span class='ocrx_word' id='word_1_329' title='bbox 1239 2121 1353 2141; x_wconf 75' lang='lat' dir='ltr'>corvus</span> <span class='ocrx_word' id='word_1_330' title='bbox 1372 2112 1488 2148; x_wconf 59' lang='lat' dir='ltr'>gaudio</span> <span class='ocrx_word' id='word_1_331' title='bbox 1512 2113 1709 2151; x_wconf 77' lang='lat' dir='ltr'>adficeretur.</span> 
     </span>
    </p>

    <p class='ocr_par' dir='ltr' id='par_1_9' title="bbox 139 2181 1926 2659">
     <span class='ocr_line' id='line_1_31' title="bbox 238 2181 1926 2223; baseline 0.001 -13"><span class='ocrx_word' id='word_1_332' title='bbox 238 2182 272 2210; x_wconf 90' lang='lat' dir='ltr'>In</span> <span class='ocrx_word' id='word_1_333' title='bbox 301 2181 409 2210; x_wconf 87' lang='lat' dir='ltr'>verbis</span> <span class='ocrx_word' id='word_1_334' title='bbox 437 2181 547 2211; x_wconf 88' lang='lat' dir='ltr'>horum</span> <span class='ocrx_word' id='word_1_335' title='bbox 574 2192 723 2213; x_wconf 86' lang='lat' dir='ltr'>versuum</span> <span class='ocrx_word' id='word_1_336' title='bbox 752 2183 855 2214; x_wconf 86' lang='lat' dir='ltr'>laudis</span> <span class='ocrx_word' id='word_1_337' title='bbox 883 2184 924 2213; x_wconf 89' lang='lat' dir='ltr'>nil</span> <span class='ocrx_word' id='word_1_338' title='bbox 952 2188 1011 2214; x_wconf 81' lang='lat' dir='ltr'>est.</span> <span class='ocrx_word' id='word_1_339' title='bbox 1072 2183 1218 2223; x_wconf 87' lang='lat' dir='ltr'>Longum</span> <span class='ocrx_word' id='word_1_340' title='bbox 1246 2182 1317 2222; x_wconf 71' lang='lat' dir='ltr'>iter,</span> <span class='ocrx_word' id='word_1_341' title='bbox 1345 2190 1405 2219; x_wconf 86' lang='lat' dir='ltr'>quo</span> <span class='ocrx_word' id='word_1_342' title='bbox 1433 2181 1472 2211; x_wconf 89' lang='lat' dir='ltr'>ad</span> <span class='ocrx_word' id='word_1_343' title='bbox 1500 2181 1653 2220; x_wconf 81' lang='lat' dir='ltr'>quendam</span> <span class='ocrx_word' id='word_1_344' title='bbox 1682 2191 1753 2212; x_wconf 90' lang='lat' dir='ltr'>cum</span> <span class='ocrx_word' id='word_1_345' title='bbox 1780 2182 1926 2212; x_wconf 83' lang='lat' dir='ltr'>molestia</span> 
     </span>
     <span class='ocr_line' id='line_1_32' title="bbox 141 2242 1924 2285; baseline -0.001 -12"><span class='ocrx_word' id='word_1_346' title='bbox 141 2243 336 2282; x_wconf 83' lang='lat' dir='ltr'>pervenerit,</span> <span class='ocrx_word' id='word_1_347' title='bbox 363 2242 521 2274; x_wconf 86' lang='lat' dir='ltr'>describit.</span> <span class='ocrx_word' id='word_1_348' title='bbox 576 2243 668 2281; x_wconf 87' lang='lat' dir='ltr'>Quod</span> <span class='ocrx_word' id='word_1_349' title='bbox 695 2249 799 2274; x_wconf 87' lang='lat' dir='ltr'>autem</span> <span class='ocrx_word' id='word_1_350' title='bbox 828 2245 858 2274; x_wconf 90' lang='lat' dir='ltr'>in</span> <span class='ocrx_word' id='word_1_351' title='bbox 885 2247 999 2285; x_wconf 85' lang='lat' dir='ltr'>capite,</span> <span class='ocrx_word' id='word_1_352' title='bbox 1026 2245 1077 2276; x_wconf 86' lang='lat' dir='ltr'>ubi</span> <span class='ocrx_word' id='word_1_353' title='bbox 1105 2245 1144 2274; x_wconf 86' lang='lat' dir='ltr'>de</span> <span class='ocrx_word' id='word_1_354' title='bbox 1172 2243 1390 2283; x_wconf 83' lang='lat' dir='ltr'>hospitalitate</span> <span class='ocrx_word' id='word_1_355' title='bbox 1420 2243 1576 2282; x_wconf 87' lang='lat' dir='ltr'>laudeque</span> <span class='ocrx_word' id='word_1_356' title='bbox 1604 2253 1711 2273; x_wconf 85' lang='lat' dir='ltr'>sermo</span> <span class='ocrx_word' id='word_1_357' title='bbox 1738 2246 1799 2284; x_wconf 77' lang='lat' dir='ltr'>sit,</span> <span class='ocrx_word' id='word_1_358' title='bbox 1824 2243 1924 2273; x_wconf 84' lang='lat' dir='ltr'>locum</span> 
     </span>
     <span class='ocr_line' id='line_1_33' title="bbox 140 2304 1924 2348; baseline 0 -14"><span class='ocrx_word' id='word_1_359' title='bbox 140 2304 321 2343; x_wconf 81' lang='lat' dir='ltr'>obtinuerit,</span> <span class='ocrx_word' id='word_1_360' title='bbox 348 2304 442 2334; x_wconf 89' lang='lat' dir='ltr'>huius</span> <span class='ocrx_word' id='word_1_361' title='bbox 470 2304 514 2334; x_wconf 89' lang='lat' dir='ltr'>rei</span> <span class='ocrx_word' id='word_1_362' title='bbox 541 2314 670 2335; x_wconf 89' lang='lat' dir='ltr'>causam</span> <span class='ocrx_word' id='word_1_363' title='bbox 697 2307 822 2336; x_wconf 89' lang='lat' dir='ltr'>nonnisi</span> <span class='ocrx_word' id='word_1_364' title='bbox 848 2307 878 2336; x_wconf 93' lang='lat' dir='ltr'>in</span> <span class='ocrx_word' id='word_1_365' title='bbox 907 2317 944 2337; x_wconf 88' lang='lat' dir='ltr'>eo</span> <span class='ocrx_word' id='word_1_366' title='bbox 966 2308 1104 2346; x_wconf 80' lang='lat' dir='ltr'>invenio,</span> <span class='ocrx_word' id='word_1_367' title='bbox 1122 2308 1207 2348; x_wconf 85' lang='lat' dir='ltr'>quod</span> <span class='ocrx_word' id='word_1_368' title='bbox 1233 2308 1373 2337; x_wconf 86' lang='lat' dir='ltr'>fortasse</span> <span class='ocrx_word' id='word_1_369' title='bbox 1401 2316 1472 2336; x_wconf 83' lang='lat' dir='ltr'>cum</span> <span class='ocrx_word' id='word_1_370' title='bbox 1500 2306 1662 2347; x_wconf 68' lang='lat' dir='ltr'>versibus,</span> <span class='ocrx_word' id='word_1_371' title='bbox 1683 2307 1712 2335; x_wconf 90' lang='lat' dir='ltr'>in</span> <span class='ocrx_word' id='word_1_372' title='bbox 1739 2305 1849 2344; x_wconf 90' lang='lat' dir='ltr'>quibus</span> <span class='ocrx_word' id='word_1_373' title='bbox 1871 2308 1924 2334; x_wconf 88' lang='lat' dir='ltr'>aut</span> 
     </span>
     <span class='ocr_line' id='line_1_34' title="bbox 141 2365 1920 2408; baseline -0.001 -11"><span class='ocrx_word' id='word_1_374' title='bbox 141 2377 203 2397; x_wconf 88' lang='lat' dir='ltr'>una</span> <span class='ocrx_word' id='word_1_375' title='bbox 227 2371 281 2397; x_wconf 90' lang='lat' dir='ltr'>aut</span> <span class='ocrx_word' id='word_1_376' title='bbox 309 2367 409 2396; x_wconf 86' lang='lat' dir='ltr'>altera</span> <span class='ocrx_word' id='word_1_377' title='bbox 437 2376 488 2396; x_wconf 85' lang='lat' dir='ltr'>res</span> <span class='ocrx_word' id='word_1_378' title='bbox 516 2371 655 2397; x_wconf 87' lang='lat' dir='ltr'>tractata</span> <span class='ocrx_word' id='word_1_379' title='bbox 682 2372 783 2408; x_wconf 79' lang='lat' dir='ltr'>esset,</span> <span class='ocrx_word' id='word_1_380' title='bbox 800 2367 1020 2399; x_wconf 86' lang='lat' dir='ltr'>cohaererent.</span> <span class='ocrx_word' id='word_1_381' title='bbox 1048 2370 1165 2400; x_wconf 86' lang='lat' dir='ltr'>Verbis</span> <span class='ocrx_word' id='word_1_382' title='bbox 1192 2366 1367 2406; x_wconf 48' lang='grc' dir='ltr'>είς-,Ξὶἱμλίῑ</span> <span class='ocrx_word' id='word_1_383' title='bbox 1384 2365 1408 2400; x_wconf 58' lang='lat'>2&gt;</span> <span class='ocrx_word' id='word_1_384' title='bbox 1436 2367 1583 2398; x_wconf 88' lang='lat' dir='ltr'>molestia</span> <span class='ocrx_word' id='word_1_385' title='bbox 1610 2368 1730 2397; x_wconf 81' lang='lat' dir='ltr'>itineris</span> <span class='ocrx_word' id='word_1_386' title='bbox 1758 2366 1920 2396; x_wconf 87' lang='lat' dir='ltr'>indicatur.</span> 
     </span>
     <span class='ocr_line' id='line_1_35' title="bbox 139 2428 1922 2472; baseline -0.001 -13"><span class='ocrx_word' id='word_1_387' title='bbox 139 2428 241 2459; x_wconf 85' lang='lat' dir='ltr'>conf.</span> <span class='ocrx_word' id='word_1_388' title='bbox 277 2428 386 2460; x_wconf 76' lang='lat' dir='ltr'>Grani.</span> <span class='ocrx_word' id='word_1_389' title='bbox 415 2430 471 2459; x_wconf 87' lang='lat' dir='ltr'>Ar.</span> <span class='ocrx_word' id='word_1_390' title='bbox 499 2430 534 2459; x_wconf 84' lang='grc' dir='ltr'>Τ.</span> <span class='ocrx_word' id='word_1_391' title='bbox 560 2430 599 2469; x_wconf 79' lang='lat'>11,</span> <span class='ocrx_word' id='word_1_392' title='bbox 617 2429 699 2459; x_wconf 80' lang='lat'>214.</span> <span class='ocrx_word' id='word_1_393' title='bbox 726 2430 867 2460; x_wconf 84' lang='lat' dir='ltr'>Verbum</span> <span class='ocrx_word' id='word_1_394' title='bbox 894 2433 980 2472; x_wconf 57' lang='lat'>53³</span> <span class='ocrx_word' id='word_1_395' title='bbox 1007 2431 1156 2461; x_wconf 85' lang='lat' dir='ltr'>celeriter</span> <span class='ocrx_word' id='word_1_396' title='bbox 1183 2431 1275 2461; x_wconf 92' lang='lat' dir='ltr'>eundi</span> <span class='ocrx_word' id='word_1_397' title='bbox 1304 2430 1566 2472; x_wconf 84' lang='lat' dir='ltr'>significationem</span> <span class='ocrx_word' id='word_1_398' title='bbox 1594 2430 1712 2460; x_wconf 88' lang='lat' dir='ltr'>habeus</span> <span class='ocrx_word' id='word_1_399' title='bbox 1740 2438 1799 2468; x_wconf 90' lang='lat' dir='ltr'>ope</span> <span class='ocrx_word' id='word_1_400' title='bbox 1826 2437 1922 2468; x_wconf 85' lang='lat' dir='ltr'>prae-</span> 
     </span>
     <span class='ocr_line' id='line_1_36' title="bbox 140 2489 1921 2536; baseline 0 -16"><span class='ocrx_word' id='word_1_401' title='bbox 140 2491 307 2530; x_wconf 87' lang='lat' dir='ltr'>positionis</span> <span class='ocrx_word' id='word_1_402' title='bbox 336 2492 389 2521; x_wconf 86' lang='lat' dir='ltr'>Ba</span> <span class='ocrx_word' id='word_1_403' title='bbox 417 2491 617 2521; x_wconf 86' lang='lat' dir='ltr'>transitivam</span> <span class='ocrx_word' id='word_1_404' title='bbox 646 2491 915 2533; x_wconf 82' lang='lat' dir='ltr'>significationem</span> <span class='ocrx_word' id='word_1_405' title='bbox 942 2493 1072 2523; x_wconf 89' lang='lat' dir='ltr'>obtinet.</span> <span class='ocrx_word' id='word_1_406' title='bbox 1126 2494 1234 2524; x_wconf 86' lang='lat' dir='ltr'>Voces</span> <span class='ocrx_word' id='word_1_407' title='bbox 1263 2489 1385 2530; x_wconf 37' lang='lat' dir='ltr'>saw-‘0⁸55</span> <span class='ocrx_word' id='word_1_408' title='bbox 1414 2492 1470 2536; x_wconf 58' lang='lat' dir='ltr'>isui)</span> <span class='ocrx_word' id='word_1_409' title='bbox 1499 2492 1623 2522; x_wconf 89' lang='lat' dir='ltr'>omnino</span> <span class='ocrx_word' id='word_1_410' title='bbox 1650 2493 1765 2521; x_wconf 87' lang='lat' dir='ltr'>clarum</span> <span class='ocrx_word' id='word_1_411' title='bbox 1791 2500 1921 2521; x_wconf 87' lang='lat' dir='ltr'>sensum</span> 
     </span>
     <span class='ocr_line' id='line_1_37' title="bbox 139 2553 1922 2602; baseline 0.002 -21"><span class='ocrx_word' id='word_1_412' title='bbox 139 2562 201 2582; x_wconf 87' lang='lat' dir='ltr'>non</span> <span class='ocrx_word' id='word_1_413' title='bbox 228 2553 374 2582; x_wconf 81' lang='lat' dir='ltr'>offerunt.</span> <span class='ocrx_word' id='word_1_414' title='bbox 405 2553 605 2583; x_wconf 84' lang='lat' dir='ltr'>Scholiastes</span> <span class='ocrx_word' id='word_1_415' title='bbox 632 2562 747 2583; x_wconf 89' lang='lat' dir='ltr'>vocem</span> <span class='ocrx_word' id='word_1_416' title='bbox 774 2563 793 2583; x_wconf 85' lang='lat' dir='ltr'>a</span> <span class='ocrx_word' id='word_1_417' title='bbox 821 2554 920 2584; x_wconf 82' lang='lat' dir='ltr'>verbo</span> <span class='ocrx_word' id='word_1_418' title='bbox 946 2561 994 2602; x_wconf 66' lang='lat'>09)</span> <span class='ocrx_word' id='word_1_419' title='bbox 1022 2555 1157 2594; x_wconf 85' lang='lat' dir='ltr'>derivat,</span> <span class='ocrx_word' id='word_1_420' title='bbox 1187 2561 1220 2587; x_wconf 88' lang='lat' dir='ltr'>ut</span> <span class='ocrx_word' id='word_1_421' title='bbox 1248 2565 1304 2596; x_wconf 88' lang='lat' dir='ltr'>pro</span> <span class='ocrx_word' id='word_1_422' title='bbox 1332 2554 1417 2601; x_wconf 57' lang='grc' dir='ltr'>’ὀύ-Ἠ)</span> <span class='ocrx_word' id='word_1_423' title='bbox 1447 2559 1501 2585; x_wconf 90' lang='lat' dir='ltr'>aut</span> <span class='ocrx_word' id='word_1_424' title='bbox 1527 2560 1591 2601; x_wconf 62' lang='lat'>3³2)</span> <span class='ocrx_word' id='word_1_425' title='bbox 1615 2554 1664 2585; x_wconf 92' lang='lat' dir='ltr'>sit.</span> <span class='ocrx_word' id='word_1_426' title='bbox 1693 2553 1772 2582; x_wconf 83' lang='lat' dir='ltr'>Mihi</span> <span class='ocrx_word' id='word_1_427' title='bbox 1798 2553 1922 2582; x_wconf 85' lang='lat' dir='ltr'>nonnisi</span> 
     </span>
     <span class='ocr_line' id='line_1_38' title="bbox 140 2614 1919 2659; baseline 0.002 -17"><span class='ocrx_word' id='word_1_428' title='bbox 140 2614 222 2643; x_wconf 86' lang='lat' dir='ltr'>ultro</span> <span class='ocrx_word' id='word_1_429' title='bbox 248 2614 390 2653; x_wconf 83' lang='lat' dir='ltr'>citroque</span> <span class='ocrx_word' id='word_1_430' title='bbox 425 2624 463 2644; x_wconf 90' lang='lat' dir='ltr'>se</span> <span class='ocrx_word' id='word_1_431' title='bbox 495 2614 643 2645; x_wconf 89' lang='lat' dir='ltr'>movendi</span> <span class='ocrx_word' id='word_1_432' title='bbox 683 2615 897 2658; x_wconf 77' lang='lat' dir='ltr'>significatio,</span> <span class='ocrx_word' id='word_1_433' title='bbox 933 2622 968 2648; x_wconf 93' lang='lat' dir='ltr'>ut</span> <span class='ocrx_word' id='word_1_434' title='bbox 1003 2618 1131 2659; x_wconf 82' lang='lat' dir='ltr'>agilitas</span> <span class='ocrx_word' id='word_1_435' title='bbox 1159 2619 1269 2649; x_wconf 90' lang='lat' dir='ltr'>cameli</span> <span class='ocrx_word' id='word_1_436' title='bbox 1293 2618 1500 2655; x_wconf 87' lang='lat' dir='ltr'>describatur,</span> <span class='ocrx_word' id='word_1_437' title='bbox 1530 2616 1699 2646; x_wconf 86' lang='lat' dir='ltr'>convenire</span> <span class='ocrx_word' id='word_1_438' title='bbox 1728 2615 1854 2646; x_wconf 82' lang='lat' dir='ltr'>videtur</span> <span class='ocrx_word' id='word_1_439' title='bbox 1886 2619 1919 2646; x_wconf 85' lang='lat' dir='ltr'>et</span> 
     </span>
    </p>
   </div>
  </div>
 </body>
</html>
