2155 2892
910 99 1186 130 -110—

143 205 362 246 interrogavit.
416 203 505 241 Eum,
535 210 628 241 quum
657 200 824 231 Colaibum
849 200 1078 237 interfecisset,
1106 199 1244 229 vinctum
1270 207 1357 238 esse,
1386 202 1420 227 ut
1447 196 1626 237 petentibus
1653 197 1841 227 traderetur.
1869 199 1929 227 His

142 269 250 298 verbis
277 266 391 297 auditis
418 264 547 295 Sahdus
574 264 603 293 b.
631 263 736 293 Maleo
763 264 792 292 b.
821 262 987 293 Dhobaiah
1014 263 1043 292 b.
1070 261 1150 291 Kais
1179 261 1274 294 dixit:
1314 261 1376 290 Per
1402 254 1523 289 Deum!
1559 268 1631 288 eum
1658 268 1720 288 non
1746 259 1928 300 trademus3

142 329 202 359 sed
229 327 446 366 defendemus,
474 325 575 355 donec
599 334 710 354 omnes
738 334 796 354 nos
824 333 1004 363 pereamus.
1056 325 1138 353 Tum
1165 323 1285 353 camelo
1319 326 1458 352 mactato
1492 331 1590 360 super
1622 323 1781 362 sanguine
1814 321 1928 352 foedus

145 392 308 432 pepigere.
360 391 402 420 Et
429 398 533 430 quum,
571 393 605 418 ut
634 388 780 428 Djassasi
818 387 911 417 dictis
948 386 1215 427 responderetur,
1257 380 1476 425 postularentl,
1516 383 1687 414 Morrahus
1714 383 1794 413 dixit
1819 384 1928 423 (metr.

144 454 281 493 Wafir):
308 454 365 483 Et
390 455 431 482 si
457 456 631 482 contra
658 460 717 480 me
745 450 922 479 bellum
950 449 1247 489 accendisti3
1276 456 1360 487 ego
1387 455 1539 485 neque
1565 446 1805 484 impotens
1832 454 1928 485 sum,

144 525 298 557 neque
325 525 432 545 arma
458 517 655 544 vetusta
682 512 850 550 habe03
877 511 952 541 sed
979 520 1079 552 eg0,
1106 510 1324 549 quamvis
1352 507 1743 538 imfirmitatibus
1769 506 1928 546 laboro,

144 583 332 609 mortem
360 580 543 617 excito,
579 576 655 614 qui
683 579 900 613 tempore
940 574 1177 604 matutino
1212 570 1461 601 bibendum
1504 570 1584 600 dat.
1639 570 1708 609 Et,
1745 568 1929 608 quando

144 641 342 671 lanceae
374 640 501 670 inter
538 649 583 670 se
622 640 870 679 rixantur,
906 648 923 667 e
951 637 1161 666 vulnere
1199 634 1414 663 lanceam
1442 632 1593 662 traho.
1658 631 1744 661 Per
1786 630 1930 660 vitam

144 698 285 734 tuam!
312 713 393 733 non
419 713 545 742 curo,
583 702 770 742 quando
807 711 888 741 per
923 700 1169 729 decretum
1205 696 1415 726 divinum
1452 694 1629 724 bellum
1663 698 1835 723 contra
1870 702 1930 722 me

145 767 410 797 excitatur.
464 765 579 807 Eius
607 768 797 794 vestem
829 762 1014 792 induam
1051 764 1092 791 et
1127 760 1241 789 diem
1279 757 1536 797 opprobrii
1564 761 1607 787 et
1637 755 1931 797 ignominiae

145 829 426 870 peridame
464 827 721 866 depellam.
786 825 959 854 Etiam
997 823 1206 854 laetitia
1245 826 1404 852 motus
1445 830 1542 850 sum
1579 824 1624 849 et
1668 818 1930 849 desiderio

146 894 339 934 equites
379 894 551 922 contra
592 891 790 920 lanceas
829 886 1119 927 impellendi
1159 885 1327 926 flagra
1393 884 1454 913 His
1487 883 1620 921 aliisque
1652 882 1803 911 versibus
1836 881 1931 912 dictis

145 957 332 996 Djassasum
360 965 378 984 e
405 954 549 984 custodia
576 953 693 983 dimisit
720 956 751 981 et
779 956 955 991 sequentes
982 958 1100 979 versus
1122 947 1340 987 pronuntiavit
1360 948 1470 986 (metr.
1489 945 1631 986 Carnem:
1660 945 1819 974 Insole
1836 944 1932 974 ntia

145 1020 186 1049 in
216 1028 266 1048 eo
293 1022 480 1048 mortem
507 1016 698 1047 adducit
725 1020 767 1044 et
794 1015 915 1044 Deus
944 1012 1169 1053 gentibus
1197 1010 1481 1040 insidiarum
1508 1010 1633 1039 locus
1661 1012 1740 1038 est.
1768 1007 1813 1038 Si
1838 1006 1931 1037 Wa-

140 1081 266 1121 jelus
293 1079 478 1109 iniuria
505 1087 617 1118 erga
645 1086 724 1106 nos
755 1075 1118 1114 abstinuisset,
1146 1073 1249 1102 sine
1277 1071 1525 1101 cervicali
1552 1071 1708 1100 locum
1735 1078 1933 1109 procum-

146 1143 293 1173 bendi
321 1152 407 1172 non
440 1141 726 1170 invenisset
758 1142 797 1177 (i.
825 1149 854 1168 e.
886 1142 985 1168 morte
1013 1141 1147 1166 naturae
1173 1134 1404 1173 exspirasset).
1457 1133 1560 1163 Maior
1588 1137 1694 1162 autem
1721 1131 1831 1162 horum
1856 1140 1933 1161 ver-

146 1214 237 1235 suum
266 1213 417 1234 numerus
441 1208 492 1233 est
511 1208 543 1233 et
567 1202 692 1232 Arabes
714 1201 831 1231 multos
853 1200 891 1230 de
913 1199 1011 1230 caede
1041 1202 1073 1228 et
1099 1197 1253 1227 iniustitia
1280 1195 1402 1226 Colaibi
1428 1204 1544 1225 versus
1572 1194 1741 1234 protulere.

994 1294 1095 1327 LV·

884 1361 1026 1396 Alius
1049 1358 1188 1393 «lixit.

144 1436 172 1465 1.
196 1436 236 1465 In
259 1435 324 1464 loco
349 1434 508 1464 Albaidlaa
531 1444 549 1462 a
568 1433 666 1462 latere
690 1432 839 1462 Allcimae
855 1433 900 1460 vir
913 1433 1055 1459 mortuus
1069 1433 1125 1463 est,
1151 1431 1206 1467 qui
1217 1430 1275 1457 iter
1286 1428 1479 1467 facientibus
1490 1428 1723 1467 bibentibusqne
1739 1427 1845 1456 decori
1856 1430 1932 1456 erut.

242 1506 405 1535 Mortuum
438 1503 546 1533 laudat
583 1507 732 1542 tanquam
766 1501 939 1541 principem
976 1500 1213 1538 liberalemque.
1272 1498 1350 1528 Eum
1386 1498 1446 1527 iter
1482 1497 1671 1528 facientibus
1704 1497 1811 1527 decori
1844 1506 1932 1534 esse,

145 1567 330 1598 Mersukius
359 1566 398 1596 ad
426 1566 630 1605 principatum
659 1564 776 1602 refert3
817 1563 875 1592 sed
903 1563 943 1592 nil
972 1563 1092 1602 obstat,
1120 1562 1191 1601 quin
1222 1561 1442 1590 liberalitatem
1476 1547 1612 1600 spectet.
1666 1559 1729 1598 Qui
1761 1560 1840 1590 enirn
1873 1562 1933 1590 iter

147 1630 268 1677 faciens
295 1630 334 1659 de
364 1638 422 1658 suo
451 1632 624 1657 commeatu
651 1626 794 1665 inopibus
815 1625 985 1664 distribuit,
1013 1626 1039 1654 is
1066 1634 1191 1664 quoque
1213 1624 1271 1653 iter
1300 1623 1479 1653 facientium
1507 1624 1605 1654 decus
1629 1629 1695 1662 qest.
1725 1624 1794 1653 Hoc
1821 1624 1932 1654 melius

145 1703 215 1723 cum
244 1697 401 1732 sequente
429 1701 511 1721 voce
524 1688 642 1733 &js-il,
660 1698 759 1718 sensu
787 1698 900 1718 nexum
931 1698 1004 1717 esse
1032 1693 1128 1728 pute,
1166 1691 1199 1718 ut
1235 1687 1456 1717 liberalitatem
1491 1687 1558 1716 eius
1586 1685 1669 1715 domi
1694 1685 1835 1724 forisque
1862 1686 1932 1715 lau-

145 1757 279 1788 daverit.
330 1757 415 1785 Inter
443 1755 608 1785 bibendum
637 1754 762 1783 Arabes
790 1750 1027 1782 liberalissimos
1054 1759 1090 1778 se
1119 1750 1291 1790 gerebant,
1327 1754 1360 1778 ut
1395 1749 1419 1778 si
1448 1751 1518 1787 quis
1546 1747 1650 1777 ebrius
1678 1756 1756 1786 opes
1783 1756 1856 1777 suas
1884 1747 1932 1776 di-

145 1820 309 1859 lapidaret,
333 1818 364 1848 id
391 1818 475 1848 laudi
502 1822 592 1846 esset
619 1816 727 1846 conf.
758 1816 861 1849 Ham,
892 1824 920 1852 p.
949 1825 981 1841 Λν
1006 1823 1038 1842 v.
1069 1813 1100 1843 3.
1124 1823 1153 1852 p.
1173 1815 1212 1842 0⁴15
1241 1813 1308 1842 v.2
1326 1812 1393 1841 infr.
1446 1811 1558 1841 Plures
1587 1810 1648 1840 loci
1675 1820 1788 1840 nomen
1815 1806 1932 1847 :kt-2945}

145 1882 275 1920 habere,
302 1891 319 1911 e
350 1882 484 1911 Kamusi
511 1889 606 1919 opere
634 1878 780 1908 videmus
846 1878 929 1906 luter
958 1876 1028 1904 illos
1058 1885 1135 1905 unus
1169 1880 1238 1915 est,
1267 1877 1319 1914 qui
1347 1874 1386 1904 ad
1413 1874 1518 1904 locum
1546 1866 1642 1916 '3jS
1669 1882 1757 1918 ὀρ
1787 1873 1932 1912 pertinet.

146 1943 318 1973 Rabadsah
346 1953 457 1972 nomen
486 1942 543 1971 loci
571 1942 599 1970 in
629 1941 800 1979 propinquo
830 1938 934 1977 oppidi
962 1939 1110 1967 Medinae
1137 1943 1197 1967 est.
1251 1938 1343 1967 llunc
1371 1937 1469 1967 locum
1496 1936 1526 1964 in
1560 1945 1658 1964 versu
1692 1934 1931 1975 intelligendum

146 2015 233 2045 esse,
261 2015 278 2034 e
305 2006 413 2034 verbis
442 2004 595 2043 appositis
623 2013 641 2032 a
670 2003 803 2031 latere
832 2001 986 2030 Alhima
1013 1999 1178 2030 concludo.

147 2104 180 2131 2.
203 2101 304 2130 Filiae
324 2102 433 2138 patrui
455 2099 665 2137 aruncnltqne
687 2099 822 2127 inlercliu
845 2108 913 2126 enm
937 2099 1146 2126 circumstant
1166 2098 1315 2127 sitienles,
1342 2105 1475 2133 quarum
1499 2096 1570 2123 silis
1591 2095 1676 2133 aqud
1693 2094 1826 2132 frigyidd,
1849 2093 1934 2121 dulci

891 2160 952 2179 non
975 2153 1192 2187 res-linquitur.

245 2226 413 2264 Lugentes
443 2222 588 2261 feminae,
617 2230 696 2259 quae
724 2231 794 2250 eum
826 2221 1049 2259 circumstant,
1081 2224 1227 2258 tanquam
1261 2219 1409 2248 sitientes
1443 2218 1481 2247 ob
1510 2222 1633 2247 aestum
1659 2217 1689 2246 in
1715 2220 1846 2255 pectore
1874 2216 1932 2245 de-

147 2288 271 2327 scribit3
301 2286 357 2316 sed
386 2296 423 2315 ne
450 2285 517 2324 quis
546 2294 602 2313 eas
630 2294 662 2312 re
690 2294 768 2313 vera
792 2284 941 2312 sitientes
969 2287 1069 2322 putet,
1099 2282 1156 2311 sed
1186 2290 1329 2310 moerore
1356 2280 1522 2320 adflictas,
1550 2288 1605 2309 eas
1631 2279 1711 2318 aqua
1739 2277 1821 2307 dulci
1850 2277 1930 2307 haud

146 2353 257 2383 satiari
284 2351 369 2381 dicit.
423 2350 522 2379 Poeta
551 2347 678 2376 omissis
707 2347 911 2376 substantivis
939 2344 1095 2375 adiectiva
1123 2343 1273 2372 adhibuit.

147 2449 178 2478 3.
203 2448 354 2477 Manibus
374 2446 534 2484 pulverem
557 2454 652 2481 super
675 2453 743 2472 eum
767 2443 948 2481 effundunt:
971 2443 1030 2470 sed
1050 2449 1111 2469 non
1134 2441 1169 2468 ob
1191 2440 1293 2467 odium
1315 2439 1421 2476 pulo-is
1443 2448 1539 2475 super
1561 2446 1630 2466 eum
1653 2438 1820 2465 excitatur.

245 2517 398 2545 Mulieres
426 2515 571 2554 lugentes
600 2519 631 2543 et
660 2512 816 2553 practicae
843 2511 881 2541 ad
910 2516 1065 2541 mortuum
1091 2514 1216 2539 stantes
1232 2509 1393 2548 pulverem
1415 2510 1445 2537 in
1467 2507 1576 2537 faciem
1595 2515 1752 2546 spargere
1769 2505 1929 2543 solebant,

147 2579 228 2618 quod
262 2578 375 2607 summi
413 2577 565 2606 moeroris
600 2575 743 2604 indicium
782 2578 850 2604 erat
888 2571 1001 2604 conf.
1030 2571 1128 2601 Meid.
1157 2570 1221 2611 ²²:
1250 2570 1307 2600 37.
1336 2571 1444 2599 Ham.
1472 2579 1500 2607 p.
1529 2569 1590 2597 ΜΡ·
1617 2577 1647 2596 v.
1681 2567 1710 2596 1.
1763 2566 1797 2596 ld
1825 2572 1929 2596 autem
