2155 2892
891 131 1156 162 —624—

128 235 259 265 verbum
286 231 373 277 bk>,l
402 242 470 263 cum
500 242 538 262 ea
565 232 765 262 coniunctum
791 240 879 271 esse,
907 230 1101 261 scholiastes
1128 228 1305 260 adnotavit.
1359 231 1448 260 Duas
1475 234 1583 260 autem
1609 240 1707 261 voces
1734 234 1915 266 coniunctas

127 296 252 327 modum
280 295 381 324 dualis
408 294 510 333 sequi.
562 294 697 323 Dualem
723 293 847 323 nonnisi
874 293 905 322 in
931 292 1053 322 duabus
1082 292 1178 322 rebus
1207 292 1290 323 haud
1318 293 1457 324 diversis
1485 293 1645 333 adhiberi,
1673 299 1705 324 et
1720 297 1768 325 sic
1792 304 1917 336 quoque

126 360 251 388 nonnisi
278 357 357 387 duas
385 366 438 386 res
466 356 551 386 haud
576 356 724 386 diversas
752 356 913 396 coniungi.
952 356 1064 386 Voces
1089 355 1163 395 &ibe
1189 360 1220 386 et
1244 360 1372 397 «λῆμ’,
1401 366 1495 396 quum
1523 357 1588 387 sint
1616 367 1635 387 a
1661 359 1803 387 numeris
1825 358 1916 388 modo

125 430 144 450 a
171 420 389 461 grammaticis
417 415 492 453 &0⁸2
514 419 673 458 appellato
701 419 889 459 derivatae,
925 418 964 448 ad
997 418 1170 449 secundam
1196 418 1437 449 declinationem
1466 420 1624 459 pertinent
1658 416 1781 462 (conf.
1806 419 1918 451 Gram.

127 482 183 511 Ar.
208 481 245 510 T.
273 481 296 517 1,
325 490 354 520 p.
385 476 482 522 408).
536 480 737 511 Scholiastes
764 481 867 520 dixit,
904 490 961 511 eas
995 491 1015 511 a
1050 480 1161 511 formis
1201 481 1320 511 numeri
1357 481 1434 511 duo
1470 487 1503 513 et
1538 491 1648 513 unus
1684 483 1763 523 (quo
1801 483 1917 524 singuli

127 542 319 581 indicantur)
348 543 387 572 ad
416 543 560 582 formam,
589 551 650 581 qua
678 543 825 582 repetitio
854 542 1004 581 (duorum
1033 548 1064 573 et
1091 543 1200 582 unius)
1236 542 1446 583 designetur,
1483 544 1687 574 transductas
1714 554 1811 584 esse,
1846 555 1916 575 nam

128 610 161 635 ut
191 614 273 634 voce
308 609 412 644 axz-,⁴0
438 605 546 644 plures
581 605 716 646 singuli,
752 606 801 636 sic
835 615 916 636 voce
950 617 1024 644 (ἕψω
1058 606 1165 644 plures
1203 604 1265 634 duo
1300 604 1534 645 significantur.
1589 607 1663 636 Vox
1687 603 1788 637 §.j-ltin
1823 616 1915 646 quum

123 670 246 700 nonnisi
276 669 314 699 ad
333 669 480 699 feminam
495 673 636 709 spectet,
665 678 736 698 cum
754 670 794 699 ea
809 668 945 699 feminini
964 668 1089 707 signum
1111 666 1334 707 coniungatur,
1361 676 1498 697 necesse
1524 677 1585 697 non
1612 672 1673 698 est.
1710 668 1917 700 Grammatici

122 731 152 761 in
179 741 218 761 eo
246 741 374 762 cansam
402 731 522 771 vident,
551 730 631 770 quod
661 739 726 761 vox
751 739 807 770 pro
835 725 929 771 §gbl-1³
956 727 1020 758 033
1046 728 1184 758 adhibita
1211 728 1265 769 sit,
1293 728 1322 758 id
1350 728 1435 769 quod
1462 725 1575 768 &⁹⁸⁸²ss
1603 729 1770 770 adpellant.

907 857 1087 891 xcvi}
1095 858 1126 889 Ι.

880 923 1022 957 Alius
1045 923 1176 957 «fixit.

123 1018 149 1047 l.
194 1018 269 1047 Etsi
288 1028 363 1056 opes
384 1029 471 1048 meae
494 1022 629 1048 naturae
649 1027 739 1047 meae
760 1021 872 1046 metam
895 1027 959 1046 non
984 1020 1161 1055 conlz'yere,
1187 1020 1292 1046 tamen
1314 1027 1411 1055 opes,
1440 1026 1521 1056 quas
1544 1027 1659 1047 manus
1679 1028 1747 1047 mea
1766 1019 1915 1055 possidet,

887 1072 1058 1101 liberaliter
1080 1073 1126 1103 clo,

122 1128 153 1155 2.
197 1126 268 1163 Eyo
289 1136 364 1164 opes
386 1134 448 1154 non
471 1127 608 1160 retineo,
633 1126 699 1154 nesi
718 1128 754 1154 ul
778 1135 833 1154 eas
853 1126 985 1162 perdam
1007 1129 1037 1154 el
1059 1126 1194 1154 conditio
1216 1136 1284 1154 meu
1306 1129 1426 1155 mutata
1448 1127 1492 1156 ad
1511 1127 1606 1156 alium
1629 1128 1745 1164 aqendi
1766 1128 1918 1156 rationem

859 1190 907 1209 me
930 1189 992 1208 mm
1012 1181 1169 1217 perducit.

231 1248 402 1287 Queritur,
436 1258 474 1278 se
506 1258 568 1278 non
596 1252 703 1279 tantas
731 1258 810 1289 opes
838 1249 1030 1289 possidere,
1066 1252 1202 1287 quantae
1229 1247 1350 1278 liberali
1377 1252 1509 1278 naturae
1547 1258 1627 1279 suae
1654 1248 1845 1287 sufficiant;
1877 1258 1915 1278 se

122 1315 227 1342 autem
254 1311 348 1341 nihilo
378 1311 481 1341 minus
508 1311 686 1341 liberalitati
724 1311 768 1341 ita
794 1311 1005 1349 satisfacere,
1040 1315 1073 1341 ut
1106 1311 1218 1350 opibus
1250 1312 1319 1340 suis
1355 1319 1417 1339 non
1453 1314 1596 1349 paroeat.
1648 1309 1694 1339 Se
1730 1313 1819 1339 statu
1854 1317 1915 1338 suo

121 1378 241 1405 mutato
258 1374 296 1404 ab
324 1373 386 1403 ista
404 1372 593 1403 liberalitate
620 1373 804 1402 averti-uon
823 1381 933 1412 posse,
959 1373 1021 1403 etsi
1049 1382 1086 1403 eo
1106 1373 1303 1412 pervenerit,
1331 1377 1364 1403 ut
1384 1382 1503 1412 paucas
1521 1382 1600 1412 opes
1616 1371 1792 1412 possideat,
1812 1376 1917 1401 tamen

126 1447 166 1468 se
194 1437 307 1477 opibus
345 1446 407 1466 non
440 1446 594 1476 parcere,
633 1440 668 1465 ut
695 1440 892 1477 augeantur-3
933 1445 970 1466 se
1006 1436 1112 1475 potius
1145 1435 1255 1465 eodem
1289 1439 1435 1475 tempore
1470 1435 1641 1476 egentibus
1669 1443 1723 1465 eas
1750 1433 1919 1473 impertire.

123 1501 234 1530 Voces
273 1506 378 1530 autem
407 1497 465 1534 §Ui
493 1498 598 1541 &lm-¹⁵5
626 1494 646 1527 “A
687 1503 719 1528 et
757 1499 794 1529 de
828 1500 957 1529 camelis
994 1499 1023 1528 in
1059 1499 1139 1528 atrio
1177 1498 1350 1539 adligatiS,
1392 1502 1427 1528 ut
1461 1501 1515 1528 aut
1561 1497 1643 1527 dono
1682 1496 1830 1527 darentur
1863 1501 1918 1526 aut

122 1562 299 1601 hospitibus
328 1565 556 1599 mactarentur,
584 1560 715 1601 intelligi
742 1565 880 1600 possunt
905 1561 998 1591 Ham.
1027 1562 1081 1591 vi⁴⁴l¹
1104 1570 1137 1590 v.
1164 1560 1196 1590 2.
1224 1561 1282 1590 vo&
1308 1569 1340 1593 v.
1370 1559 1400 1590 1.

936 1665 1108 1699 xcix-¹

673 1733 916 1767 Sawmlah
938 1731 1213 1765 sarh-uinta
1230 1730 1362 1764 «lixit.

120 1828 148 1857 1.
193 1828 308 1857 Nonne
332 1828 437 1866 Anas-'ja
459 1837 551 1857 mane
574 1837 622 1856 me
643 1829 801 1863 vituperat
822 1826 952 1854 dicens.-
975 1825 1089 1853 Nmme
1109 1834 1162 1853 eos
1182 1825 1356 1861 perdidisti,
1383 1834 1461 1862 quos
1483 1824 1569 1853 alere
1590 1825 1750 1854 debuisti?

120 1885 157 1912 2.
201 1882 278 1913 Sine
300 1894 366 1919 me,
397 1892 470 1911 nam
502 1884 636 1911 avaritia
658 1882 735 1910 viris
758 1881 940 1910 diuturnam
962 1882 1056 1908 vilam
1077 1888 1139 1907 non
1158 1882 1253 1916 parat
1277 1882 1307 1907 et
1322 1879 1501 1917 beneficium
1525 1888 1594 1908 eum
1618 1888 1681 1907 non
1707 1880 1830 1917 perdit,
1863 1885 1917 1920 qui

958 1934 991 1961 id
1013 1933 1075 1961 dal.

219 2005 338 2036 Contra
365 2005 511 2036 feminam
539 2005 640 2045 ipsum
670 2005 709 2034 ob
728 2004 852 2034 nimiam
866 2002 1087 2034 liberalitatem
1107 2002 1341 2041 vituperantem
1368 2010 1405 2031 se
1431 1999 1582 2031 defendit.
1619 2000 1738 2031 Similis
1754 2004 1915 2032 sententia

120 2066 210 2096 Ham.
239 2066 290 2096 va
316 2076 347 2096 v.
380 2067 408 2097 1.
436 2067 602 2097 invenitur.

995 2158 1041 2192 (Ἰ.

115 2225 384 2268 llossnajim
408 2225 447 2259 h.
471 2224 660 2260 Jahfor
687 2226 846 2261 frater
867 2226 1120 2261 Alaswadi
1143 2227 1185 2260 1).
1208 2226 1393 2261 Jahror
1418 2224 1766 2259 Naclnschalita
1789 2225 1918 2259 dixit.

874 2298 997 2337 (conf.
1026 2310 1056 2339 p.
1086 2301 1148 2338 ll‘l.)

218 2398 254 2428 Si
289 2397 496 2439 grammatico
525 2397 742 2428 Abu-t'Fath
771 2396 851 2428 fides
889 2401 958 2435 est,
995 2407 1061 2427 vox
1090 2394 1223 2429 joma>
1253 2407 1407 2437 parvum,
1441 2397 1631 2437 depressum
1669 2395 1727 2435 (de
1760 2396 1844 2426 omni
1875 2406 1907 2426 re

117 2457 272 2502 adhibita)
298 2460 470 2502 significat.
490 2461 603 2491 Altera
631 2461 735 2491 littera
751 2461 873 2490 Hamsa
901 2460 931 2490 in
959 2470 1039 2490 voce
1066 2461 1173 2491 addita
1201 2466 1253 2491 est
1280 2465 1313 2491 et
1338 2462 1498 2500 aequalem
1525 2460 1654 2490 formam
1684 2468 1749 2489 vox
1779 2456 1908 2509 ..bd-122„

116 2532 195 2561 quae
222 2532 292 2554 cum
322 2524 374 2553 illa
400 2524 490 2553 simul
518 2524 695 2561 adhibetur,
723 2523 828 2553 habet.
868 2523 925 2553 Sic
953 2523 983 2552 in
1011 2532 1106 2554 versu
1134 2528 1292 2564 sequente
1320 2523 1427 2562 (metr.
1456 2522 1615 2562 Redjes):
1643 2520 1908 2550 »Pudendum

116 2593 241 2615 meum
269 2594 441 2624 parvum
469 2585 562 2626 qnid
590 2589 676 2623 est,
713 2585 833 2617 sicut
871 2586 1071 2617 dorcadis
1103 2585 1354 2627 vestigium
1383 2584 1423 2614 in
1450 2585 1594 2614 latere
1621 2582 1804 2621 parietis
1831 2582 1907 2612 im·-
