2155 2892
896 161 1163 191 -2135-

141 261 198 293 sit:
226 260 365 301 denegat
392 260 530 290 debitum
557 260 680 290 debitor
705 264 759 289 anit
786 259 918 298 (lenique
945 270 1015 290 eum
1045 260 1144 290 forma
1172 259 1293 299 passivi
1318 257 1438 301 (cons.
1466 260 1572 290 Grnm.
1603 262 1657 290 Ar.
1686 262 1721 292 Τ.
1750 262 1810 301 lp.
1839 261 1924 299 144)

143 329 175 356 ut
202 335 315 356 sensus
349 329 410 356 sit:
443 325 596 355 interdum
624 322 772 353 creditori
798 322 933 353 debitum
961 323 1147 363 denegatur.
1213 322 1254 352 Ut
1281 326 1342 352 tuin
1370 323 1484 362 activi,
1522 333 1612 362 qumn
1641 324 1764 362 passivi
1792 324 1924 354 sormam

141 400 372 441 adnotaverint,
388 400 486 430 verba
501 400 530 429 in
546 399 702 429 Mersukii
719 408 814 438 opere
829 408 878 427 mc
893 402 1142 433 commoverunt,
1157 397 1271 437 quippe
1287 397 1315 427 in
1332 406 1391 436 quo
1408 397 1549 438 legatur:
1567 382 1649 439 ὑμὲ
1661 382 1760 440 25)ss
1773 413 1838 445 ὁ»
1851 400 1925 438 03„

141 462 215 493 Vox
247 469 352 493 autem
379 458 468 507 &⁵²³⁸
495 465 528 491 et
555 460 728 491 debitorem
756 465 787 491 et
814 459 1001 490 creditorem
1031 459 1188 499 designat.

159 560 193 589 9.
236 560 408 589 Ina-olentia
431 558 567 587 cultores
592 567 668 586 suos
687 559 868 595 prosternit,
892 560 923 586 el
943 558 1115 585 Iniustitiae
1135 558 1262 592 pratum
1285 557 1418 584 nasicam
1442 558 1498 584 est.

139 630 192 660 10.
236 630 326 660 Fieri
342 632 452 666 potest,
477 632 512 657 ut
532 631 669 657 remotus
687 630 801 668 fratris
820 628 887 657 Ioco
911 629 965 657 tibi
985 630 1036 661 sit,
1061 627 1134 655 dum
1153 628 1353 664 propinquus
1374 629 1402 654 te
1426 627 1550 654 deserit.

251 699 422 728 insolentia
457 708 526 728 cum
562 704 740 739 pugnatore
767 702 988 738 comparatur,
1015 697 1066 736 qui
1093 705 1153 725 non
1181 694 1422 734 adversarium3
1451 695 1507 724 sed
1538 705 1629 726 suum
1657 695 1810 726 cultorem
1838 696 1922 726 lucta

139 760 329 802 prosternit3
359 760 394 791 fit
422 761 515 800 enim,
545 761 654 800 ut,qui
683 760 901 790 adversarium
929 760 968 788 ob
999 759 1121 789 nimium
1147 759 1327 798 superbiam
1355 764 1388 788 et
1415 760 1608 789 insolentiam
1628 759 1794 799 despiciat,
1810 759 1921 789 vinca-

136 827 196 853 tur.
228 823 534 853 Iniustitiamnutem
562 827 749 863 comptam,
766 822 852 852 cuius
880 824 1022 861 gramina
1048 820 1142 852 noxia
1167 828 1253 863 sunt)
1282 823 1412 853 contulit
1439 826 1541 861 poeta.
1578 823 1696 852 Similis
1725 821 1925 861 comparandi

135 885 245 916 modus
273 886 365 915 llam.
396 887 432 915 'l'.
460 887 471 915 1
500 897 529 926 p.
558 885 629 916 373
656 886 825 916 invenitur.
854 884 914 922 Qui
943 885 1125 915 iniustitiam
1153 885 1256 925 insert,
1284 885 1353 915 inde
1381 895 1493 915 noxam
1520 886 1613 925 capit.
1642 886 1676 915 ln
1703 886 1804 915 altero
1823 893 1922 914 versu

135 952 252 984 monet,
281 957 320 977 ne
346 947 376 976 iu
406 947 587 986 propinquis
612 947 705 977 nimia
732 946 846 976 fiducia
873 951 1017 985 ponatur.
1071 947 1221 977 Amicitia
1249 957 1317 976 cnm
1341 947 1415 977 sune
1440 952 1641 986 comparatur
1668 947 1751 977 conf.
1774 947 1866 976 llam.
1886 946 1921 976 P.

137 1010 150 1039 1
177 1019 206 1049 p.
237 1009 318 1040 286.
346 1015 379 1040 et
404 1010 486 1040 lianc
515 1010 553 1039 ob
581 1018 707 1039 causam
735 1009 828 1039 dixit:
858 1004 981 1046 ekahfifl,
1009 1008 1090 1047 quod
1117 1008 1191 1038 milii
1218 1008 1332 1039 dictum
1360 1009 1487 1038 videtur
1514 1018 1569 1048 pro
1594 1004 1795 1055 welze-³
1822 1006 1922 1037 cous

702 1070 715 1084 Γ

137 1072 230 1102 Ham.
258 1081 287 1111 p.
317 1073 368 1101 0³⁸⁸
393 1081 425 1101 v.
454 1072 486 1104 2.
514 1071 535 1102 3
563 1072 608 1100 ot‘v
635 1080 666 1104 v,
699 1080 730 1100 ο.
784 1070 866 1101 voci
893 1068 999 1108 »ὶ-,μιρἷ
1028 1071 1057 1100 iu
1084 1071 1219 1101 Tebrisii
1248 1071 1358 1102 codice
1386 1077 1532 1111 tanquam
1560 1072 1638 1102 aller
1659 1070 1785 1112 legendi
1807 1069 1919 1100 modus

136 1143 202 1164 vox
230 1132 340 1179 ..υᾶῳὶ
367 1134 583 1174 superscripta
611 1138 672 1163 est.

134 1229 185 1258 11.
233 1230 291 1259 Vir
311 1231 347 1260 ob
367 1231 491 1260 divitias
513 1231 686 1259 honoratur
693 1240 705 1267 ;
724 1239 846 1268 panper
868 1234 971 1260 melem
992 1231 1028 1260 ob
1048 1232 1214 1269 penuriam
1236 1231 1417 1268 despicitur.

135 1296 188 1325 12.
232 1295 370 1326 Aledium
394 1300 549 1332 versutus,
571 1297 689 1334 probus
711 1297 867 1326 interdum
885 1307 1007 1335 pauper
1028 1301 1084 1335 est,
1109 1299 1182 1327 dum
1205 1298 1351 1335 stupidus
1371 1298 1500 1335 iniquus
1522 1295 1638 1325 multas
1660 1304 1735 1332 opes
1753 1294 1902 1331 possidet.

208 1366 242 1395 111
269 1366 373 1405 priore
400 1375 497 1396 versu
525 1365 703 1396 divitiarum
731 1367 795 1397 vim
824 1367 853 1397 in
879 1366 1022 1397 homines
1049 1367 1208 1398 describit.
1260 1367 1295 1395 In
1322 1365 1499 1405 posteriore
1526 1365 1610 1404 dicit,
1640 1363 1780 1393 homines
1808 1363 1837 1392 in
1862 1361 1923 1391 ho-

135 1426 282 1457 norandis
317 1426 466 1457 divitibus
505 1432 538 1457 et
565 1427 778 1467 despiciendis
806 1428 997 1468 pauperibus
1023 1428 1175 1459 interdum
1201 1428 1318 1458 iniuste
1345 1437 1461 1469 agere,
1497 1436 1590 1466 quum
1618 1425 1748 1456 divitiae
1774 1424 1878 1464 potius
1905 1432 1924 1453 a

135 1491 261 1521 fortuna
283 1491 448 1530 donentur,
475 1500 566 1531 quam
595 1493 715 1522 meritis
752 1496 985 1531 comparentur.
1048 1491 1251 1521 Scholiastes
1279 1491 1373 1531 dicit,
1401 1494 1538 1531 poetam,
1566 1499 1606 1519 ne
1633 1498 1710 1528 opes
1738 1487 1921 1526 perdantur,

135 1563 285 1594 monere3
311 1554 369 1584 sed
397 1564 468 1585 cum
499 1555 560 1585 hoc
587 1555 766 1585 consentire
793 1564 854 1584 non
883 1564 1026 1594 possum,
1053 1554 1168 1593 quippe
1195 1555 1353 1593 posterior
1380 1561 1498 1582 versus
1526 1551 1663 1581 indicare
1685 1549 1822 1590 videtur,
1849 1556 1920 1577 eum

135 1625 274 1658 monere,
300 1627 339 1647 ne
366 1622 421 1648 aut
447 1617 577 1648 divitem
604 1623 733 1658 propter
761 1618 848 1647 solas
875 1617 1003 1647 divitias
1031 1616 1164 1646 honoret
1190 1620 1243 1646 aut
1269 1624 1441 1655 pauperem
1469 1617 1599 1653 propter
1613 1614 1832 1652 paupertatem
1860 1609 1920 1639 de-

135 1677 261 1717 spiciat.
314 1678 417 1716 Quum
444 1679 620 1709 sententias
648 1679 853 1710 construendi
879 1679 971 1709 modo
999 1685 1032 1710 et
1057 1678 1225 1708 verborum
1244 1677 1352 1707 ordine
1367 1676 1517 1716 aequales
1545 1675 1662 1714 copula
1688 1674 1821 1703 maxime
1841 1680 1920 1702 con-

138 1738 225 1779 iungi
261 1738 407 1780 soleant,
439 1739 632 1770 scholiastes
658 1738 783 1771 silentio
812 1750 872 1771 non
900 1741 1126 1781 praetermisit,
1154 1744 1281 1780 poetam
1308 1739 1486 1769 sententias
1512 1738 1658 1767 subiecto
1685 1741 1719 1766 et
1744 1735 1843 1765 verbo
1871 1733 1921 1763 di-

135 1809 249 1830 versas
276 1801 491 1832 coniunxisse.
541 1801 622 1832 Rem
651 1808 755 1833 autem
782 1805 906 1843 probari
933 1814 994 1834 non
1021 1813 1132 1843 posse,
1159 1803 1218 1832 nisi
1244 1802 1325 1832 inter
1351 1806 1514 1840 utramque
1542 1800 1669 1840 phrasin
1697 1798 1919 1838 propinquita-

136 1862 177 1892 tis
204 1862 357 1901 quaedam
385 1864 464 1892 ratio
490 1863 541 1894 sit.
567 1864 705 1894 Similem
734 1865 879 1904 loquendi
907 1865 1030 1896 modum
1052 1867 1083 1895 in
1099 1869 1255 1904 sequente
1270 1863 1470 1893 hemisticliio
1491 1862 1628 1892 invenit:
1652 1862 1759 1899 (metr.
1776 1857 1918 1896 Thawil)

137 1925 235 1954 Num
262 1926 484 1965 promissis
514 1927 730 1957 loricarum
756 1928 839 1957 filii
866 1927 1084 1958 'l'aibahae
1111 1930 1200 1957 stat
1226 1935 1273 1956 an
1299 1920 1603 1963 vituperaris?
1640 1922 1840 1953 Contrarium
1868 1922 1917 1950 in·

137 1986 238 2015 veniri
263 1986 293 2015 in
321 1987 428 2016 verbis
456 1986 572 2017 Corani
600 1988 692 2026 (bur.
722 1989 753 2027 7,
783 1989 891 2027 192).
956 1990 1062 2019 »Num
1090 1998 1150 2018 vos
1178 1997 1235 2017 eos
1265 1986 1422 2025 vocastis,
1450 1995 1489 2015 an
1517 1994 1577 2014 vos
1607 1985 1737 2015 silentes
1765 1979 1873 2014 estis?
1892 1983 1919 2022 r)

135 2046 333 2077 Scholiastes
352 2058 444 2090 porro
464 2047 639 2090 adnotavit,
652 2051 682 2078 iu
701 2059 783 2082 voce
799 2041 878 2092 Κ5),ὲῖ
894 2060 950 2090 per
975 2051 1153 2091 analogiam
1171 2050 1317 2080 similium
1345 2058 1468 2088 vocum,
1489 2058 1583 2088 quum
1599 2047 1700 2078 media
1716 2049 1918 2093 (affin.)

136 2110 239 2142 littera
264 2110 410 2142 radicalis
441 2111 561 2143 infirma
579 2113 629 2151 sit,
649 2113 784 2143 litteram
807 2130 825 2152 9
853 2113 882 2142 in
910 2113 1045 2143 litteram
1073 2113 1079 2143 l
1108 2111 1284 2142 mutandam
1312 2111 1426 2149 fuisse,
1455 2115 1489 2140 ut
1514 2098 1588 2144 &235
1616 2110 1708 2139 simili
1733 2109 1838 2146 modo,
1857 2117 1917 2147 quo

136 2169 183 2208 dl.-
209 2180 241 2205 et
260 2171 336 2202 cal-eo
350 2173 518 2203 diceretur.
548 2174 708 2204 Interdum
736 2178 838 2204 tamen
866 2174 986 2205 infirma
1013 2175 1064 2205 illa
1091 2175 1196 2205 littera
1222 2178 1364 2204 remanet
1391 2179 1424 2204 ut
1450 2174 1480 2203 in
1506 2173 1639 2203 vocibus
1658 2183 1833 2218 )>z:,)·)-=‚
1851 2168 1918 2217 353-

136 2240 258 2269 Beatus
293 2236 332 2266 de
366 2236 493 2276 Sacyus
530 2244 630 2266 voces
664 2236 736 2283 ῥῷ)
771 2231 865 2278 ε;ῗ[.ῐὲ>5
891 2237 944 2276 &2
970 2246 1025 2276 per
1052 2247 1191 2267 errorem
1217 2238 1247 2266 in
1282 2241 1405 2267 textum
1432 2236 1543 2266 scholii
1569 2235 1741 2274 irrepsisse
1768 2233 1916 2273 putavit3

137 2301 196 2331 sed
221 2308 324 2330 voces
344 2304 408 2330 tam
435 2300 465 2328 in
491 2298 646 2328 Mersukii
674 2308 765 2338 quam
793 2299 822 2328 in
849 2298 985 2330 'l'ebrisii
1012 2299 1122 2330 codice
1148 2300 1307 2341 leguntur.

138 2398 191 2428 13.
234 2396 290 2427 Illi
309 2396 403 2432 Ionqa
425 2395 486 2423 vita
508 2395 688 2424 conceditur
710 2398 740 2424 et
761 2395 812 2424 lu'c
835 2396 1006 2434 infortunio
1029 2396 1199 2435 adstiqitur.
1242 2395 1321 2432 Quis
1343 2405 1448 2425 eorum
1470 2396 1586 2424 iniuria
1608 2393 1753 2431 adflictus
1774 2392 1844 2421 est?

138 2464 191 2495 14.
239 2464 296 2493 Vir
317 2465 351 2493 in
372 2465 483 2503 officiis
506 2466 716 2503 eaesequendis
737 2475 853 2496 avarus
879 2469 928 2495 est
946 2470 977 2496 et
995 2477 1053 2505 pro
1075 2469 1217 2504 coqnate's
1237 2470 1363 2504 pastum
1385 2467 1503 2494 etnittit.

173 2589 204 2622 1)
221 2591 251 2614 In
269 2590 368 2615 curaui
387 2591 475 2621 priore
493 2596 566 2621 parte
586 2592 704 2622 verbum,
722 2592 746 2616 in
766 2592 914 2623 posteriore
932 2593 1112 2625 participium
1131 2593 1156 2617 iu
1167 2592 1320 2617 hemistIchii
1340 2591 1427 2622 priore
1445 2592 1619 2623 participium,
1630 2592 1656 2616 in
1675 2592 1823 2622 posteriore
1842 2594 1915 2622 parte

220 2645 328 2670 verbum
346 2649 395 2670 est.
429 2647 458 2670 ln
477 2646 605 2670 Mersukii
622 2644 710 2670 codice
728 2634 795 2688 fuxi
812 2646 977 2679 (vituperas)
997 2647 1103 2679 legitur.
