2155 2892
872 134 1147 165 -494—

130 238 224 268 funes
252 237 379 276 tribuit,
414 235 498 276 quod
534 236 562 265 ei
598 235 758 276 negotium
793 245 908 266 carnes
941 235 972 265 in
999 234 1128 264 funibus
1154 232 1371 273 suspendendi
1405 232 1513 262 datum
1546 236 1637 268 erat3
1671 232 1816 263 solebant
1841 233 1923 265 enim

132 302 258 331 Arabes
286 310 400 330 carnes
426 299 556 330 mactati
577 298 701 339 cameli,
717 298 797 328 utin
826 297 967 328 futurum
996 305 1089 325 usum
1116 299 1375 331 asservarentur,
1397 294 1427 323 in
1455 293 1563 324 tenuia
1588 299 1759 335 segmenta
1785 294 1925 326 dissecta

130 364 160 393 in
188 363 313 393 funibus
341 363 467 392 tentorii
493 366 592 392 vento
620 361 740 400 solique
766 370 940 400 exponere.

128 460 160 489 3.
205 459 340 489 Cilabsta
362 462 477 494 atatem,
501 460 556 497 qui
579 459 747 495 hospitium
770 458 949 496 quaerebat,
972 459 1097 484 noctem
1117 457 1283 495 infelicem,
1306 454 1440 492 serlum?
1462 456 1617 483 curensem
1643 456 1806 490 lranseyit.

129 515 162 543 4.
206 514 293 543 Λίιηι
313 516 388 547 eius,
415 514 470 551 qui
491 513 631 550 hospites
654 514 838 541 delrimenlo
862 513 978 550 adficit,
1002 511 1194 540 consuetudo
1215 509 1347 537 nobilior
1368 511 1425 544 est,
1449 518 1491 537 an
1514 511 1596 546 eius.
1619 510 1674 547 qui
1694 518 1746 536 eos
1770 508 1886 544 anyel?

241 583 277 613 Si
307 592 374 623 res7
412 593 494 623 quae
533 587 628 622 poeta
655 582 767 612 Atraih
802 584 833 611 in
860 581 965 620 priore
993 581 1130 610 carmine
1161 578 1276 616 retulit,
1303 587 1381 607 vera
1407 582 1493 617 sunt,
1522 582 1617 617 poeta
1641 582 1753 607 noster
1780 577 1925 616 hospites

130 649 256 675 noctem
273 645 431 674 infelicem
448 644 649 685 transegisse
677 643 784 673 dicere
812 646 932 682 potest,
960 642 1074 681 quippe
1101 641 1151 679 qni
1180 640 1275 669 futuri
1303 639 1455 678 temporis
1482 640 1581 680 ignari
1615 645 1746 678 essent3
1777 640 1836 669 sed
1865 639 1926 668 ho-

130 707 233 746 spites
259 706 449 736 detrimento
478 705 624 736 adfectos
652 715 740 745 esse.
769 715 787 734 a
817 706 954 734 veritate
982 704 1117 734 alienum
1145 706 1207 741 est,
1236 711 1328 740 quum
1358 701 1427 740 plus
1454 702 1646 743 acciperent,
1666 712 1758 741 quam
1781 706 1925 741 ereptum

130 773 225 798 esset.
279 768 345 797 Aut
372 767 468 808 igitur
496 771 617 807 noster,
646 767 698 806 qui
728 770 843 805 poetae
871 765 982 795 Alraili
1008 774 1070 794 non
1098 764 1235 804 faveret7
1264 763 1478 802 occasionem,
1497 773 1557 802 qua
1585 774 1656 794 eum
1683 765 1927 805 perstringeret,

131 829 194 873 (11.
211 825 345 872 663.)
374 829 517 870 arripuit,
532 838 637 858 rerum
663 828 732 858 veri
758 832 864 857 status
890 827 1006 857 oblitus
1034 830 1067 856 et
1093 825 1205 863 iratus,
1235 824 1317 864 quod
1346 825 1533 864 iumentum,
1559 834 1621 865 quo
1648 825 1840 866 veheretur,
1868 834 1924 854 oc-

129 894 216 924 cisus
244 897 354 932 esset,
392 896 447 921 aut
474 895 570 930 poeta
597 889 707 920 Alraih
734 899 771 919 se
801 893 1016 920 excusaturus
1044 888 1073 917 in
1101 887 1238 917 carmine
1265 897 1283 917 a
1301 887 1440 916 veritate
1467 888 1615 919 recessit.
1665 887 1774 925 Poeta,
1799 891 1834 916 ut
1861 887 1926 917 vim

131 955 285 986 sermonis
311 956 456 994 augeret,
476 953 506 982 in
534 954 715 993 posteriore
742 962 841 982 versu
868 960 982 981 vocem
1009 947 1141 987 &will
1169 949 1238 979 loco
1267 949 1461 988 pronominis
1489 949 1652 988 repetivit.

131 1067 162 1096 5.
207 1065 310 1102 Quasi
330 1076 394 1102 wS,
419 1074 515 1104 quum
539 1068 661 1094 stantes
682 1074 749 1093 eam
773 1066 964 1101 mactat-elis,
983 1065 1057 1102 equi
1075 1063 1161 1097 viles,
1186 1064 1298 1091 stratis
1319 1063 1470 1091 instructi
1490 1064 1611 1091 essetis.

244 1135 386 1165 Pluriuin
422 1128 612 1164 mentionem
639 1134 732 1173 fecit,
761 1139 932 1174 propterea
960 1133 1044 1174 quod
1072 1134 1178 1173 plures
1207 1131 1330 1162 camelo
1358 1133 1528 1163 mactando
1557 1133 1701 1172 occupati
1729 1137 1829 1163 erant.
1883 1132 1928 1162 De

130 1196 236 1235 modo,
264 1206 326 1237 quo
354 1196 511 1226 camelum
539 1196 718 1226 mactabant
751 1196 866 1226 conf.
906 1197 999 1226 Ham.
1033 1196 1088 1225 w.
1129 1194 1172 1224 Ut
1200 1193 1326 1223 foedum
1354 1196 1557 1225 mactantium
1585 1195 1772 1234 adspectum
1799 1194 1929 1236 signifi-

131 1264 230 1300 caret,
256 1269 313 1289 eos
341 1269 414 1290 cum
442 1261 534 1299 equis
563 1259 694 1297 vilibus,
723 1259 836 1297 quibus
864 1263 965 1288 strata
992 1258 1141 1298 imposita
1167 1262 1253 1299 suut,
1285 1258 1492 1298 comparavit.
1552 1258 1648 1288 Viros
1677 1256 1842 1287 mactando
1870 1266 1929 1287 ca-

131 1323 214 1353 melo
244 1328 422 1362 occupatos
449 1332 487 1352 se
516 1322 712 1363 tegumentis
740 1326 852 1352 contra
880 1321 980 1362 frigus
1009 1320 1192 1351 defendisse
1220 1321 1362 1362 cogitare
1390 1329 1574 1360 possumus,
1629 1320 1719 1350 vites
1747 1329 1815 1350 cum
1842 1318 1930 1358 equis

130 1386 245 1416 vilibus
272 1386 311 1415 ob
339 1386 541 1424 debilitatem,
564 1384 798 1423 lassitudinem,
825 1383 1044 1423 stupiditatem
1074 1387 1260 1425 comparari,
1275 1386 1464 1415 Mersukius
1484 1384 1570 1416 dixit.
1597 1383 1799 1414 Scholiastes
1818 1385 1930 1411 noster

133 1446 336 1486 comparandi
363 1447 489 1477 modum
517 1446 546 1476 iu
577 1456 615 1476 eo
643 1446 777 1486 invenit,
806 1445 888 1484 quod
915 1445 975 1475 viri
1002 1446 1107 1476 carnis
1134 1446 1219 1476 avidi
1245 1447 1320 1487 sint,
1348 1447 1433 1476 sieut
1463 1447 1533 1485 equi
1558 1445 1641 1475 viles
1670 1444 1784 1483 pabuli.
1838 1443 1928 1473 Loco

130 1508 223 1538 vocis
253 1507 401 1552 Larix-<tm
428 1508 458 1538 in
485 1507 644 1538 Mersukii
671 1506 779 1537 codice
810 1504 940 1554 &vj-5⁰
966 1516 1065 1537 sensu
1094 1507 1179 1538 haud
1206 1509 1336 1539 multum
1365 1509 1493 1539 diverso
1520 1508 1691 1537 invenitur.

131 1616 164 1645 6.
208 1617 381 1655 Nunquam
409 1620 511 1646 aulem
535 1617 676 1646 homines
705 1618 799 1654 prarz'
824 1618 908 1655 facti
932 1620 1055 1653 pot-lam
1093 1627 1262 1655 apernere,
1303 1619 1369 1647 nisi
1396 1627 1470 1654 vos,
1499 1627 1516 1646 o
1542 1626 1624 1654 qens
1652 1613 1802 1648 Kallion,
1832 1624 1930 1651 prae-

192 1670 193 1674 ’
910 1674 1015 1698 sentes
1048 1672 1154 1698 eratis.

240 1737 380 1769 Gentem
415 1738 541 1768 Kathan
575 1739 614 1769 ad
649 1749 773 1769 omnem
808 1748 943 1778 pravum
980 1739 1097 1779 agendi
1133 1738 1259 1769 modum
1295 1739 1446 1769 inclinare
1481 1739 1569 1769 dixit.
1635 1738 1762 1780 Agendi
1807 1737 1930 1767 modum

132 1802 237 1828 autem
265 1808 333 1829 cum
362 1800 505 1830 aedificio
535 1801 732 1839 comparavit
760 1805 792 1830 et
819 1801 1007 1830 occasiones
1046 1801 1170 1830 oblatas
1196 1810 1267 1831 cum
1296 1802 1396 1840 portis
1425 1802 1563 1842 apertis,
1591 1810 1647 1840 per
1673 1810 1753 1840 quas
1780 1801 1810 1829 in
1837 1799 1929 1829 aedi-

133 1859 239 1890 ficium
265 1861 391 1894 intrant,
418 1861 478 1899 Qui
507 1863 606 1902 igitur
629 1862 668 1892 ibi
698 1872 850 1902 praesens
879 1868 938 1901 est,
967 1865 995 1893 is
1024 1864 1211 1893 occasiones
1239 1862 1354 1904 agendi
1382 1863 1502 1902 arripit.
1530 1863 1631 1892 Poeta
1659 1859 1749 1908 Γῐρἶῦῐ
1776 1862 1930 1903 (gentes)

137 1922 216 1952 dixit
251 1923 503 1965 significaturus,
532 1934 589 1954 eos
626 1935 686 1954 non
725 1925 825 1955 solum
859 1926 888 1955 in
922 1935 981 1956 sua
1013 1931 1112 1967 gente
1141 1936 1241 1966 prave
1269 1926 1385 1967 agendi
1412 1926 1614 1957 occasionem
1641 1925 1792 1965 arripere,
1820 1932 1932 1953 verum

133 1984 227 2014 etiam
256 1981 287 2015 in
313 1986 457 2016 omuibus
486 1986 565 2016 aliis.
621 1987 820 2027 Praepositio
846 2001 888 2025 U·
917 1987 1081 2026 superflua
1108 1988 1253 2018 habenda
1281 1993 1343 2018 est.

965 2116 1095 2149 XLV.

303 2194 459 2228 Poeta
482 2192 659 2227 Anu-§iili
684 2194 903 2228 carmine
926 2194 1192 2236 responait,
1217 2193 1355 2228 cuius
1379 2203 1495 2236 pars
1517 2197 1775 2237 sequentes

878 2258 1047 2282 versus
1070 2251 1195 2282 siunt.

137 2319 163 2347 1.
208 2317 295 2354 Quid
315 2328 378 2353 vos,
405 2327 452 2347 me
475 2317 628 2346 camelum
650 2319 816 2346 iuvencum
836 2318 943 2354 yleedz'o
963 2321 1130 2352 mactasse,
1145 2319 1259 2358 dicitis,
1274 2319 1347 2347 dum
1368 2318 1506 2357 hospItes
1527 2319 1639 2348 Iziemz's
1661 2322 1755 2348 testes
1778 2318 1931 2346 aderant?

234 2388 280 2418 Se
308 2391 417 2418 contra
444 2387 726 2426 reprehensionem
755 2386 905 2416 defendit.
935 2386 1053 2416 Cameli
1082 2386 1317 2428 iuvenciQ-:aij
1344 2388 1535 2418 mentionem
1563 2388 1639 2418 fecit
1664 2397 1725 2417 non
1750 2391 1825 2427 tam,
1845 2386 1929 2425 quod

137 2451 230 2481 talem
259 2461 293 2481 re
320 2461 400 2482 vera
427 2455 635 2490 mactaverat,
663 2459 734 2479 nam
761 2450 854 2479 Ham.
882 2459 911 2488 p.
935 2449 979 2477 ‘tlt‘
1006 2459 1037 2478 v.
1055 2448 1098 2487 2„
1126 2458 1196 2478 eum
1228 2458 1383 2479 annosum
1410 2449 1522 2489 fuisse,
1550 2449 1697 2488 vidimus,
1724 2456 1817 2487 quam
1845 2446 1931 2486 quod

136 2521 202 2541 vox
229 2510 322 2553 003ss
358 2516 457 2542 metro
494 2512 654 2542 convenit.
714 2512 798 2542 Idem
827 2510 972 2541 iudicium
1000 2511 1039 2541 de
1072 2512 1174 2541 altero
1207 2512 1333 2552 legendi
1361 2512 1450 2541 modo
1477 2511 1545 2559 055
1574 2510 1641 2550 (cui
1670 2510 1708 2538 ob
1737 2509 1931 2548 decrepitam

139 2579 277 2604 aetatem
306 2577 430 2614 periere
458 2573 593 2612 dentes)
631 2572 796 2604 ferendum
823 2579 911 2613 puto.
977 2575 1064 2604 Loco
1091 2574 1183 2603 vocis
1212 2571 1306 2617 qil-5¹
1335 2574 1364 2603 in
1394 2574 1554 2603 Mersukii
1580 2572 1689 2602 codice
1711 2573 1806 2617 ιρι-Ως
1833 2580 1933 2600 sensu
