2155 2892
913 165 1183 198 —473—

159 266 191 295 5.
235 264 301 296 Sed
321 274 377 304 eqo
396 266 499 303 pueris
525 265 611 304 filim
640 272 703 294 non
723 273 808 299 eum,
840 274 859 293 a
882 273 942 302 quo
963 266 1113 301 originem
1135 263 1270 292 dimisse
1291 263 1391 301 dicor,
1415 265 1444 292 ει·
1459 263 1630 302 furunculi
1647 266 1678 292 e!
1698 263 1808 293 ulcera
1827 265 1946 300 podicis

823 321 892 348 eius
913 319 949 347 ob
971 320 1004 347 id
1023 319 1274 355 disrumpunlur.

281 390 323 420 Hi
349 398 466 421 versus
493 389 543 430 id,
569 387 651 428 quod
678 387 718 418 ad
745 388 875 427 primum
906 396 1035 418 versum
1064 386 1244 427 adtulimus,
1278 391 1428 426 spectare
1464 386 1632 427 videntur,
1661 386 1944 418 Ahbd-Allahum

159 459 272 490 nempe
299 460 317 481 a
344 450 470 488 seiniua,
498 459 588 490 quam
615 450 645 479 in
672 450 902 480 matrimonium
930 448 1088 485 duxisset,
1114 448 1312 487 repudiatum
1339 458 1425 478 esse.
1465 450 1580 488 Neque
1607 454 1736 489 gentem
1764 459 1865 488 neque
1891 450 1943 480 vi-

159 522 227 542 rum
255 513 317 542 ista
345 523 379 543 re
407 512 509 550 adfici,
539 517 632 552 poeta
661 513 744 550 dicit,
769 513 830 543 etsi
858 512 908 542 alii
934 512 972 542 ob
1002 512 1093 541 istam
1120 520 1186 540 rem
1217 510 1286 539 irati
1313 510 1386 542 sint,
1438 510 1641 540 scholiastes
1668 511 1757 549 dixit,
1786 523 1827 542 ex
1855 512 1943 544 hisce

160 576 308 605 versibus
342 575 495 616 cognosci
532 585 647 615 posse,
691 580 815 615 poetam
841 584 912 604 eum
939 583 1032 613 esse,
1061 583 1079 603 a
1107 582 1168 612 quo
1195 572 1312 603 semina
1338 573 1368 602 in
1395 575 1624 604 matrimonium
1653 574 1751 612 petita
1778 575 1830 604 sit.
1884 576 1944 606 llic

158 637 253 678 igitur
279 642 333 668 aut
359 639 428 678 ipse
455 641 685 669 matrimonium
713 648 904 683 recusasse,
933 643 987 668 aut
1015 637 1096 678 filia,
1132 647 1212 676 quae
1240 646 1259 666 a
1286 640 1375 675 patre
1401 636 1632 666 Alihd-Allaho
1658 638 1688 666 in
1715 638 1941 667 matrimonium

156 708 311 730 concessa
329 706 410 741 erat,
424 702 535 731 marito
565 702 695 742 obsequi
722 702 865 731 noluisse
890 702 1028 742 videtur,
1056 706 1087 732 ut
1115 701 1346 731 matrimonium
1372 700 1490 729 irritum
1517 698 1619 728 fieret.
1648 700 1736 730 Loco
1758 701 1850 729 vocis
1875 697 1943 736 &aab

157 761 187 790 in
205 761 315 792 codice
331 763 467 794 Tebrisii
483 765 563 794 alter
581 765 708 805 legendi
739 765 850 796 modus
864 764 966 794 aus-§xia
998 766 1058 795 »ob
1088 764 1236 795 barbam«
1267 762 1422 791 indicatus
1449 765 1509 800 est,
1529 761 1580 799 qui
1602 761 1631 789 in
1650 762 1808 790 Mersukii
1821 761 1943 814 'codice

157 834 219 854 non
245 825 374 866 legitur.
402 826 484 864 Quid
512 827 779 868 significet,111ilii
805 828 923 858 clarum
952 838 1013 858 non
1043 832 1105 858 est.
1133 825 1290 856 Suffixum
1318 825 1348 853 in
1374 823 1594 863 voceqaffss..
1617 823 1741 853 nonnisi
1768 823 1807 852 ad
1827 833 1943 854 vocem

156 886 219 922 &qi
248 887 359 917 referri
393 894 511 928 potest,
540 889 583 919 ita
610 894 644 919 ut
672 887 741 925 &ab
767 890 808 920 sit
835 899 889 928 pro
917 888 1108 929 &qimam-a.
1136 890 1169 919 ln
1196 888 1371 928 posteriore
1398 896 1497 916 versu
1521 895 1638 916 sensus
1660 886 1768 916 verbis
1787 886 1944 926 tribuitur,

157 957 218 987 quo
254 949 411 989 affirmat,
453 960 491 981 se
518 951 599 982 illius
625 952 685 982 viri
711 952 869 982 voluntati
896 952 978 982 haud
1004 953 1242 983 satisfacturum
1273 962 1360 992 esse,
1389 956 1423 981 ut
1449 950 1540 980 filiam
1567 953 1597 980 in
1622 950 1847 980 matrimonium
1881 950 1941 979 det.

158 1009 272 1040 Status
290 1012 351 1040 viri
377 1021 478 1042 uxore
505 1013 644 1042 carentis
677 1021 745 1042 cum
774 1014 893 1054 morbo,
920 1013 1096 1044 furunculis
1123 1019 1156 1044 et
1189 1014 1344 1044 ulceribus
1371 1014 1400 1042 in
1428 1012 1539 1052 podice
1566 1016 1775 1052 comparatur.
1817 1013 1944 1043 Furun-

159 1072 221 1102 culi
248 1077 353 1103 autem
386 1073 522 1113 disrupti
556 1083 649 1113 quum
678 1080 849 1115 sanentur,
887 1080 982 1115 poeta
1018 1076 1108 1115 dicit,
1146 1086 1184 1107 se
1210 1077 1317 1116 puella
1343 1076 1372 1106 in
1400 1077 1627 1105 matrimonium
1655 1075 1730 1105 data
1757 1076 1944 1106 effecturum

158 1142 220 1163 non
247 1142 346 1172 esse,
384 1138 419 1164 ut
454 1134 610 1166 furunculi
645 1135 881 1175 disrumpantur
917 1141 949 1167 et
974 1143 1136 1168 sanentur.
1189 1138 1316 1169 Pedieis
1343 1143 1448 1168 autem
1477 1137 1708 1168 furunculorum
1737 1137 1944 1167 contumeliae

157 1205 255 1226 causa
283 1198 472 1228 mentionem
500 1199 616 1229 secisse
642 1199 779 1229 videtur.
807 1200 841 1229 ln
867 1199 978 1231 scholii
1005 1201 1086 1231 linea
1112 1206 1225 1242 quarta
1252 1210 1350 1230 voces
1377 1199 1438 1228 ιώ
1464 1203 1576 1231 ω»)
1603 1197 1652 1244 03
1679 1199 1831 1229 delendae
1859 1205 1942 1229 sunt.

158 1259 280 1289 Vocem
307 1258 418 1298 wia.)
444 1269 500 1299 pro
526 1259 619 1298 duel-00
646 1261 761 1292 dictam
790 1272 866 1293 esse
893 1263 1095 1294 contendunt.
1149 1262 1359 1293 Grammatiei
1387 1262 1549 1292 Cufenses
1576 1262 1605 1291 in
1631 1270 1713 1291 voce
1730 1267 1863 1300 quatuor
1890 1261 1945 1290 lit-

158 1322 236 1351 teris
266 1325 451 1362 constante,
487 1323 514 1352 si
548 1324 708 1362 posterior
740 1326 809 1355 eius
843 1326 948 1356 littera
983 1326 1088 1356 vocali
1115 1331 1201 1356 mota
1227 1326 1279 1364 sit,
1307 1326 1442 1356 litteram
1469 1325 1511 1355 Ja
1540 1325 1611 1355 addi
1637 1334 1736 1364 posse
1765 1325 1883 1362 dicunt,
1910 1330 1945 1355 ut

159 1384 272 1430 3495)
299 1383 414 1421 dicant,
443 1384 515 1414 dum
543 1387 740 1425 grammatici
766 1387 950 1418 Bazrenses
977 1399 1043 1419 rem
1072 1394 1231 1430 negantes
1259 1387 1350 1435 22⁸9)
1378 1387 1563 1428 proferunt3
1594 1388 1642 1417 sin
1661 1393 1766 1418 autem
1786 1391 1945 1428 posterior

158 1445 265 1476 littera
290 1446 395 1476 vocali
422 1451 502 1477 mota
527 1456 589 1477 non
617 1453 680 1490 est,
699 1454 732 1479 ut
759 1449 789 1479 in
815 1451 946 1481 vocibus
964 1447 1055 1496 ἅλα-μ.
1075 1456 1107 1481 et
1117 1448 1199 1496 51:243
1211 1452 1371 1484 Cufenses
1388 1460 1516 1493 quoque
1529 1461 1594 1482 rem
1613 1451 1681 1482 fieri
1698 1462 1797 1493 posse
1814 1457 1943 1494 negant.

977 1580 1123 1614 xxx.

567 1648 775 1684 non-aits
798 1651 843 1684 b.
866 1650 1079 1686 Alnmab
1102 1651 1384 1687 Nahlianita
1407 1653 1542 1687 «lixit.

821 1724 888 1763 (De
916 1729 1011 1763 poeta
1037 1724 1118 1754 cons.
1147 1735 1176 1764 p.
1206 1725 1282 1764 tw.)

159 1790 186 1818 1.
232 1789 259 1820 0
278 1800 359 1828 qens
385 1791 508 1827 Tsotrltl,
529 1802 610 1829 qens
632 1796 772 1831 turpium
793 1796 955 1824 verborum
964 1795 978 1824 !
1006 1795 1070 1832 Qui
1090 1806 1192 1825 sermo
1213 1800 1315 1826 vester
1334 1797 1404 1826 est?
1453 1798 1546 1827 Vobis
1568 1802 1616 1827 est
1638 1798 1761 1838 loquela
1782 1809 1896 1829 errans
1917 1803 1948 1829 el

852 1849 1029 1880 hominibus
1050 1851 1173 1890 loquela
1195 1854 1251 1880 est.

292 1912 443 1944 Secunda
481 1914 607 1953 species
639 1916 729 1946 metri
765 1916 891 1948 Thawil
918 1920 1077 1958 appellati.
1137 1919 1275 1950 Gentem
1312 1919 1581 1961 Banu-Tsoahl,
1617 1930 1699 1960 quae
1734 1931 1808 1961 pars
1841 1923 1946 1963 gentis

159 1973 240 2004 Thai
267 1981 347 2016 erat,
363 1977 402 2006 ob
428 1977 527 2006 verba
555 1977 656 2017 turpia
683 1978 886 2017 reprehendit
914 1985 946 2009 et
965 1981 1118 2019 loquelam
1139 1981 1176 2012 ab
1203 1981 1333 2011 aliorum
1360 1982 1487 2021 loquela
1513 1983 1671 2013 diversam
1684 1983 1806 2015 'obiicit.
1834 1985 1945 2015 Voces

160 2026 228 2065 Lassi
254 2036 313 2075 μς
340 2042 395 2068 aut
422 2038 504 2076 quod
532 2044 627 2078 poeta
656 2039 694 2068 iis
722 2040 750 2068 in
778 2039 964 2079 alloquendo
993 2051 1071 2072 usus
1098 2043 1138 2072 sit
1166 2042 1271 2074 cons.
1303 2041 1410 2073 Gram.
1438 2045 1494 2074 Ar.
1522 2046 1557 2074 Τ.
1586 2046 1613 2075 ΙΙ
1640 2058 1669 2086 p.
1698 2048 1755 2078 91.
1784 2052 1837 2078 aut
1863 2048 1944 2088 quod

159 2099 368 2138 vituperando
395 2100 569 2130 inserviant
595 2101 665 2131 ibid.
694 2111 723 2140 p.
753 2102 810 2132 94.
839 2112 948 2132 casum
977 2104 1196 2134 accusativum
1213 2106 1390 2136 obtinuisse
1407 2106 1597 2137 scholiastes
1613 2109 1786 2140 adnotavit.
1826 2111 1944 2140 Vocem

158 2156 296 2204 ‘Xe-x>
323 2166 378 2190 aut
401 2171 592 2203 sermonem,
619 2168 674 2192 aut
700 2173 765 2194 rem
793 2164 978 2204 significare
1005 2175 1103 2204 posse
1130 2171 1163 2196 et
1189 2171 1314 2206 poetam
1341 2178 1450 2198 eorum
1478 2170 1634 2210 loquelam
1652 2180 1724 2200 cum
1739 2172 1946 2202 Nabathaeo-

159 2231 225 2252 rum
255 2222 379 2260 loquela
406 2223 581 2253 contulisse
608 2234 667 2255 nec
693 2234 755 2255 non
783 2226 922 2262 Arabum
949 2227 1095 2266 loquelae
1122 2229 1324 2267 opposuisse.
1351 2230 1610 2262 Nabathaeorum
1625 2242 1707 2272 gens
1727 2233 1806 2262 inter
1823 2239 1944 2262 utram-

159 2294 222 2325 que
254 2285 376 2315 lracam
414 2286 525 2316 sedem
558 2287 676 2318 habeus
712 2298 791 2328 pura
824 2289 932 2330 lingua
967 2290 1106 2320 Arabica
1133 2290 1216 2321 haud
1244 2292 1402 2322 utebatur.
1456 2292 1547 2323 Gens
1575 2294 1692 2323 Tsoahl
1721 2299 1823 2324 autem
1852 2304 1944 2333 quum

159 2356 234 2386 pars
268 2348 375 2388 gentis
402 2348 482 2378 Thai
509 2355 611 2390 esset,
639 2360 710 2380 num
737 2357 831 2390 poeta
859 2351 953 2382 istam
980 2356 1110 2393 gentem
1136 2354 1328 2395 respexerit,
1356 2365 1395 2385 au
1424 2357 1616 2396 generaliter
1643 2365 1820 2386 sermonem
1853 2357 1946 2386 istius

159 2410 266 2450 gentis
292 2411 538 2450 vituperaverit,
570 2412 712 2443 dubitare
738 2413 824 2444 licet.

161 2507 192 2535 2.
239 2505 341 2542 Quasi
360 2517 413 2536 vos
444 2518 560 2546 caprae
586 2509 798 2541 vehementius
827 2514 1073 2552 manducantes,
1096 2515 1221 2554 quueld
1243 2517 1332 2545 haud
1351 2518 1501 2546 ‹lislinclu‘
1524 2521 1720 2547 ruminantes
1743 2522 1798 2548 aut
1819 2528 1892 2547 aves
1915 2520 1946 2546 in

793 2565 860 2595 loco
883 2567 1017 2607 Clioffan
1039 2572 1211 2599 crovienles
1241 2573 1324 2599 sitis.

284 2616 455 2656 Loquelam
490 2627 559 2649 cum
593 2628 755 2660 caprarum
785 2622 992 2654 ruminatione
1031 2630 1064 2655 et
1098 2635 1262 2657 corvorum
1294 2627 1413 2656 crocitu
1443 2626 1574 2656 confert.
1629 2627 1740 2657 Dicere
1773 2628 1852 2667 vult,
1885 2637 1943 2658 eos
