<?xml version="1.0" encoding="UTF-8"?>
<!DOCTYPE html PUBLIC "-//W3C//DTD XHTML 1.0 Transitional//EN"
    "http://www.w3.org/TR/xhtml1/DTD/xhtml1-transitional.dtd">
<html xmlns="http://www.w3.org/1999/xhtml" xml:lang="en" lang="en">
 <head>
  <title>
</title>
<meta http-equiv="Content-Type" content="text/html;charset=utf-8" />
  <meta name='ocr-system' content='tesseract 3.04.00' />
  <meta name='ocr-capabilities' content='ocr_page ocr_carea ocr_par ocr_line ocrx_word'/>
</head>
<body>
  <div class='ocr_page' id='page_1' title='image "./p2hamassaecarmin02abbiuoft_0055.png"; bbox 0 0 2155 2892; ppageno 0'>
   <div class='ocr_carea' id='block_1_1' title="bbox 961 129 1205 160">
    <p class='ocr_par' dir='ltr' id='par_1_1' title="bbox 961 129 1205 160">
     <span class='ocr_line' id='line_1_1' title="bbox 961 129 1205 160; baseline 0.004 -7"><span class='ocrx_word' id='word_1_1' title='bbox 961 129 1205 160; x_wconf 72' lang='grc'>..45-</span> 
     </span>
    </p>
   </div>
   <div class='ocr_carea' id='block_1_2' title="bbox 191 226 1977 893">
    <p class='ocr_par' dir='ltr' id='par_1_2' title="bbox 192 226 1977 319">
     <span class='ocr_line' id='line_1_2' title="bbox 192 226 1977 268; baseline -0.002 -10"><span class='ocrx_word' id='word_1_2' title='bbox 192 229 246 260; x_wconf 83' lang='grc'><strong>18.</strong></span> <span class='ocrx_word' id='word_1_3' title='bbox 270 229 315 258; x_wconf 78' lang='grc' dir='ltr'><strong>ΕΙ</strong></span> <span class='ocrx_word' id='word_1_4' title='bbox 332 228 497 268; x_wconf 75' lang='lat' dir='ltr'><strong>profecto!</strong></span> <span class='ocrx_word' id='word_1_5' title='bbox 516 231 546 258; x_wconf 73' lang='grc' dir='ltr'><strong>εί</strong></span> <span class='ocrx_word' id='word_1_6' title='bbox 562 237 643 266; x_wconf 66' lang='lat' dir='ltr'><strong>qens</strong></span> <span class='ocrx_word' id='word_1_7' title='bbox 666 227 802 256; x_wconf 70' lang='lat' dir='ltr'><strong>Hodsm&#39;l</strong></span> <span class='ocrx_word' id='word_1_8' title='bbox 821 228 891 256; x_wconf 67' lang='lat' dir='ltr'><strong>eiua</strong></span> <span class='ocrx_word' id='word_1_9' title='bbox 913 227 1058 264; x_wconf 70' lang='lat' dir='ltr'><strong>cuspides</strong></span> <span class='ocrx_word' id='word_1_10' title='bbox 1076 227 1184 264; x_wconf 77' lang='lat' dir='ltr'><strong>sreqil,</strong></span> <span class='ocrx_word' id='word_1_11' title='bbox 1205 227 1328 264; x_wconf 76' lang='lat' dir='ltr'><strong>saelum</strong></span> <span class='ocrx_word' id='word_1_12' title='bbox 1351 230 1406 261; x_wconf 71' lang='lat' dir='ltr'><strong>eet,</strong></span> <span class='ocrx_word' id='word_1_13' title='bbox 1431 231 1596 263; x_wconf 78' lang='lat' dir='ltr'><strong>propterea</strong></span> <span class='ocrx_word' id='word_1_14' title='bbox 1611 227 1827 264; x_wconf 67' lang='lat' dir='ltr'><strong>quodymtem</strong></span> <span class='ocrx_word' id='word_1_15' title='bbox 1842 226 1977 256; x_wconf 70' lang='lat' dir='ltr'><strong>llodead</strong></span> 
     </span>
     <span class='ocr_line' id='line_1_3' title="bbox 1002 280 1180 319; baseline 0 -10"><span class='ocrx_word' id='word_1_16' title='bbox 1002 280 1180 319; x_wconf 59' lang='lat' dir='ltr'><strong>[renuebat.</strong></span> 
     </span>
    </p>

    <p class='ocr_par' dir='ltr' id='par_1_3' title="bbox 191 348 1976 893">
     <span class='ocr_line' id='line_1_4' title="bbox 291 348 1975 391; baseline -0.002 -8"><span class='ocrx_word' id='word_1_17' title='bbox 291 354 323 382; x_wconf 86' lang='lat' dir='ltr'><strong>ln</strong></span> <span class='ocrx_word' id='word_1_18' title='bbox 352 358 488 383; x_wconf 83' lang='lat' dir='ltr'><strong>mentem</strong></span> <span class='ocrx_word' id='word_1_19' title='bbox 514 356 658 391; x_wconf 85' lang='lat' dir='ltr'><strong>revocat,</strong></span> <span class='ocrx_word' id='word_1_20' title='bbox 684 351 822 381; x_wconf 87' lang='lat' dir='ltr'><strong>occisum</strong></span> <span class='ocrx_word' id='word_1_21' title='bbox 849 351 961 381; x_wconf 88' lang='lat' dir='ltr'><strong>hostes</strong></span> <span class='ocrx_word' id='word_1_22' title='bbox 987 358 1084 390; x_wconf 89' lang='lat' dir='ltr'><strong>suos,</strong></span> <span class='ocrx_word' id='word_1_23' title='bbox 1114 353 1242 389; x_wconf 84' lang='lat' dir='ltr'><strong>gentem</strong></span> <span class='ocrx_word' id='word_1_24' title='bbox 1270 348 1416 388; x_wconf 81' lang='lat' dir='ltr'><strong>Hodsail,</strong></span> <span class='ocrx_word' id='word_1_25' title='bbox 1443 350 1548 389; x_wconf 69' lang='lat' dir='ltr'><strong>pugna</strong></span> <span class='ocrx_word' id='word_1_26' title='bbox 1574 359 1674 388; x_wconf 84' lang='lat' dir='ltr'><strong>saepe</strong></span> <span class='ocrx_word' id='word_1_27' title='bbox 1702 350 1858 390; x_wconf 78' lang='lat' dir='ltr'>fregisse,</span> <span class='ocrx_word' id='word_1_28' title='bbox 1894 359 1975 390; x_wconf 85' lang='lat' dir='ltr'><strong>quae</strong></span> 
     </span>
     <span class='ocr_line' id='line_1_5' title="bbox 191 410 1974 456; baseline -0.002 -11"><span class='ocrx_word' id='word_1_29' title='bbox 191 424 245 445; x_wconf 83' lang='lat' dir='ltr'><strong>res</strong></span> <span class='ocrx_word' id='word_1_30' title='bbox 271 416 299 446; x_wconf 87' lang='lat' dir='ltr'><strong>ei</strong></span> <span class='ocrx_word' id='word_1_31' title='bbox 326 416 441 445; x_wconf 82' lang='lat' dir='ltr'><strong>solatio</strong></span> <span class='ocrx_word' id='word_1_32' title='bbox 468 418 531 454; x_wconf 86' lang='lat' dir='ltr'><strong>est,</strong></span> <span class='ocrx_word' id='word_1_33' title='bbox 557 413 639 452; x_wconf 89' lang='lat' dir='ltr'><strong>quod</strong></span> <span class='ocrx_word' id='word_1_34' title='bbox 667 413 788 443; x_wconf 88' lang='lat' dir='ltr'><strong>nonnisi</strong></span> <span class='ocrx_word' id='word_1_35' title='bbox 817 412 934 442; x_wconf 84' lang='lat' dir='ltr'><strong>caedes</strong></span> <span class='ocrx_word' id='word_1_36' title='bbox 961 411 1061 442; x_wconf 85' lang='lat' dir='ltr'><strong>caede</strong></span> <span class='ocrx_word' id='word_1_37' title='bbox 1089 420 1225 450; x_wconf 82' lang='lat' dir='ltr'>repensa</span> <span class='ocrx_word' id='word_1_38' title='bbox 1250 412 1303 440; x_wconf 88' lang='lat' dir='ltr'><strong>sit.</strong></span> <span class='ocrx_word' id='word_1_39' title='bbox 1331 411 1379 440; x_wconf 88' lang='lat' dir='ltr'><strong>De</strong></span> <span class='ocrx_word' id='word_1_40' title='bbox 1395 410 1541 450; x_wconf 88' lang='lat' dir='ltr'><strong>loquendi</strong></span> <span class='ocrx_word' id='word_1_41' title='bbox 1558 410 1718 456; x_wconf 57' lang='lat' dir='ltr'><strong>modoossl</strong></span> <span class='ocrx_word' id='word_1_42' title='bbox 1734 412 1816 441; x_wconf 78' lang='lat' dir='ltr'><strong>cons.</strong></span> <span class='ocrx_word' id='word_1_43' title='bbox 1846 412 1974 442; x_wconf 68' lang='lat' dir='ltr'><strong>[lamas.</strong></span> 
     </span>
     <span class='ocr_line' id='line_1_6' title="bbox 193 473 1975 518; baseline -0.003 -8"><span class='ocrx_word' id='word_1_44' title='bbox 193 489 223 518; x_wconf 86' lang='lat' dir='ltr'><strong>p.</strong></span> <span class='ocrx_word' id='word_1_45' title='bbox 252 481 300 509; x_wconf 57' lang='grc' dir='ltr'><strong>θ’.)</strong></span> <span class='ocrx_word' id='word_1_46' title='bbox 327 489 358 509; x_wconf 91' lang='lat' dir='ltr'><strong>v.</strong></span> <span class='ocrx_word' id='word_1_47' title='bbox 391 479 419 509; x_wconf 87' lang='grc'><strong>1.</strong></span> <span class='ocrx_word' id='word_1_48' title='bbox 471 478 546 509; x_wconf 74' lang='lat' dir='ltr'><strong>Vox</strong></span> <span class='ocrx_word' id='word_1_49' title='bbox 573 483 680 508; x_wconf 80' lang='lat' dir='ltr'><strong>autem</strong></span> <span class='ocrx_word' id='word_1_50' title='bbox 714 475 783 514; x_wconf 60' lang='lat' dir='ltr'><strong>tit-‚32</strong></span> <span class='ocrx_word' id='word_1_51' title='bbox 821 485 914 515; x_wconf 83' lang='lat' dir='ltr'><strong>quum</strong></span> <span class='ocrx_word' id='word_1_52' title='bbox 952 475 1093 504; x_wconf 77' lang='lat' dir='ltr'><strong>aculeum</strong></span> <span class='ocrx_word' id='word_1_53' title='bbox 1129 473 1311 512; x_wconf 80' lang='lat' dir='ltr'>scorpionis</span> <span class='ocrx_word' id='word_1_54' title='bbox 1345 473 1510 513; x_wconf 68' lang='lat' dir='ltr'><strong>designet,</strong></span> <span class='ocrx_word' id='word_1_55' title='bbox 1551 478 1645 512; x_wconf 86' lang='lat' dir='ltr'><strong>poeta</strong></span> <span class='ocrx_word' id='word_1_56' title='bbox 1681 482 1784 503; x_wconf 81' lang='lat' dir='ltr'><strong>noxae</strong></span> <span class='ocrx_word' id='word_1_57' title='bbox 1821 477 1975 505; x_wconf 85' lang='lat' dir='ltr'><strong>rationem</strong></span> 
     </span>
     <span class='ocr_line' id='line_1_7' title="bbox 193 533 1974 580; baseline -0.003 -10"><span class='ocrx_word' id='word_1_58' title='bbox 193 540 332 578; x_wconf 80' lang='lat' dir='ltr'><strong>habens,</strong></span> <span class='ocrx_word' id='word_1_59' title='bbox 373 549 467 580; x_wconf 87' lang='lat' dir='ltr'><strong>quam</strong></span> <span class='ocrx_word' id='word_1_60' title='bbox 499 538 645 569; x_wconf 89' lang='lat' dir='ltr'><strong>hostibus</strong></span> <span class='ocrx_word' id='word_1_61' title='bbox 680 538 850 575; x_wconf 81' lang='lat' dir='ltr'><strong>inferebat,</strong></span> <span class='ocrx_word' id='word_1_62' title='bbox 888 541 1045 566; x_wconf 90' lang='lat' dir='ltr'><strong>mortuum</strong></span> <span class='ocrx_word' id='word_1_63' title='bbox 1081 544 1150 565; x_wconf 91' lang='lat' dir='ltr'><strong>cum</strong></span> <span class='ocrx_word' id='word_1_64' title='bbox 1187 535 1355 574; x_wconf 84' lang='lat' dir='ltr'><strong>scorpione</strong></span> <span class='ocrx_word' id='word_1_65' title='bbox 1394 543 1599 573; x_wconf 78' lang='lat' dir='ltr'><strong>comparasse</strong></span> <span class='ocrx_word' id='word_1_66' title='bbox 1629 533 1766 563; x_wconf 83' lang='lat' dir='ltr'><strong>videtur.</strong></span> <span class='ocrx_word' id='word_1_67' title='bbox 1820 534 1919 564; x_wconf 88' lang='lat' dir='ltr'><strong>Cuius</strong></span> <span class='ocrx_word' id='word_1_68' title='bbox 1946 537 1974 564; x_wconf 87' lang='lat' dir='ltr'><strong>sl</strong></span> 
     </span>
     <span class='ocr_line' id='line_1_8' title="bbox 193 597 1976 642; baseline -0.003 -10"><span class='ocrx_word' id='word_1_69' title='bbox 193 603 324 633; x_wconf 86' lang='lat' dir='ltr'><strong>aculeus</strong></span> <span class='ocrx_word' id='word_1_70' title='bbox 352 608 464 642; x_wconf 90' lang='lat' dir='ltr'><strong>ruptus</strong></span> <span class='ocrx_word' id='word_1_71' title='bbox 493 608 557 641; x_wconf 88' lang='lat' dir='ltr'><strong>est,</strong></span> <span class='ocrx_word' id='word_1_72' title='bbox 586 602 725 632; x_wconf 82' lang='lat' dir='ltr'><strong>hostibus</strong></span> <span class='ocrx_word' id='word_1_73' title='bbox 752 610 812 630; x_wconf 89' lang='lat' dir='ltr'><strong>non</strong></span> <span class='ocrx_word' id='word_1_74' title='bbox 838 601 972 640; x_wconf 83' lang='lat' dir='ltr'><strong>amplius</strong></span> <span class='ocrx_word' id='word_1_75' title='bbox 1000 609 1113 629; x_wconf 77' lang='lat' dir='ltr'><strong>nocere</strong></span> <span class='ocrx_word' id='word_1_76' title='bbox 1139 603 1258 638; x_wconf 89' lang='lat' dir='ltr'><strong>potest.</strong></span> <span class='ocrx_word' id='word_1_77' title='bbox 1310 599 1344 627; x_wconf 90' lang='lat' dir='ltr'><strong>ln</strong></span> <span class='ocrx_word' id='word_1_78' title='bbox 1371 598 1430 627; x_wconf 90' lang='lat' dir='ltr'><strong>hoc</strong></span> <span class='ocrx_word' id='word_1_79' title='bbox 1458 597 1527 636; x_wconf 90' lang='lat' dir='ltr'><strong>ipso</strong></span> <span class='ocrx_word' id='word_1_80' title='bbox 1555 597 1691 626; x_wconf 84' lang='lat' dir='ltr'><strong>carmine</strong></span> <span class='ocrx_word' id='word_1_81' title='bbox 1719 597 1830 636; x_wconf 71' lang='lat' dir='ltr'><strong>(llam.</strong></span> <span class='ocrx_word' id='word_1_82' title='bbox 1856 607 1885 635; x_wconf 95' lang='lat' dir='ltr'><strong>p.</strong></span> <span class='ocrx_word' id='word_1_83' title='bbox 1913 598 1976 627; x_wconf 58' lang='lat' dir='ltr'><strong>fflt‘·</strong></span> 
     </span>
     <span class='ocr_line' id='line_1_9' title="bbox 193 659 1972 702; baseline -0.003 -9"><span class='ocrx_word' id='word_1_84' title='bbox 193 673 224 693; x_wconf 87' lang='lat' dir='ltr'><strong>v.</strong></span> <span class='ocrx_word' id='word_1_85' title='bbox 256 663 304 702; x_wconf 83' lang='lat' dir='ltr'><strong>l.)</strong></span> <span class='ocrx_word' id='word_1_86' title='bbox 344 663 439 692; x_wconf 86' lang='lat' dir='ltr'><strong>heros</strong></span> <span class='ocrx_word' id='word_1_87' title='bbox 475 673 545 693; x_wconf 87' lang='lat' dir='ltr'><strong>cum</strong></span> <span class='ocrx_word' id='word_1_88' title='bbox 581 668 733 702; x_wconf 73' lang='lat' dir='ltr'><strong>serpente</strong></span> <span class='ocrx_word' id='word_1_89' title='bbox 768 667 970 701; x_wconf 86' lang='lat' dir='ltr'><strong>comparatus</strong></span> <span class='ocrx_word' id='word_1_90' title='bbox 1006 667 1057 692; x_wconf 90' lang='lat' dir='ltr'><strong>est</strong></span> <span class='ocrx_word' id='word_1_91' title='bbox 1091 666 1124 690; x_wconf 90' lang='lat' dir='ltr'><strong>et</strong></span> <span class='ocrx_word' id='word_1_92' title='bbox 1161 666 1331 699; x_wconf 83' lang='lat' dir='ltr'><strong>serpentes</strong></span> <span class='ocrx_word' id='word_1_93' title='bbox 1369 663 1399 690; x_wconf 84' lang='lat' dir='ltr'><strong>et</strong></span> <span class='ocrx_word' id='word_1_94' title='bbox 1425 660 1611 698; x_wconf 83' lang='lat' dir='ltr'><strong>scorpiones</strong></span> <span class='ocrx_word' id='word_1_95' title='bbox 1640 659 1729 691; x_wconf 82' lang='lat' dir='ltr'><strong>llam,</strong></span> <span class='ocrx_word' id='word_1_96' title='bbox 1759 668 1786 697; x_wconf 85' lang='lat' dir='ltr'><strong>p.</strong></span> <span class='ocrx_word' id='word_1_97' title='bbox 1817 662 1853 688; x_wconf 70' lang='lat' dir='ltr'><strong>ro</strong></span> <span class='ocrx_word' id='word_1_98' title='bbox 1881 669 1911 687; x_wconf 92' lang='lat' dir='ltr'><strong>v.</strong></span> <span class='ocrx_word' id='word_1_99' title='bbox 1945 660 1972 688; x_wconf 81' lang='lat' dir='ltr'><strong>l.</strong></span> 
     </span>
     <span class='ocr_line' id='line_1_10' title="bbox 193 714 1975 766; baseline -0.003 -13"><span class='ocrx_word' id='word_1_100' title='bbox 193 724 305 754; x_wconf 87' lang='lat' dir='ltr'><strong>hostes</strong></span> <span class='ocrx_word' id='word_1_101' title='bbox 340 725 509 766; x_wconf 85' lang='lat' dir='ltr'><strong>designant</strong></span> <span class='ocrx_word' id='word_1_102' title='bbox 543 725 645 755; x_wconf 81' lang='lat' dir='ltr'><strong>conf.</strong></span> <span class='ocrx_word' id='word_1_103' title='bbox 677 727 769 755; x_wconf 84' lang='lat' dir='ltr'><strong>Ham.</strong></span> <span class='ocrx_word' id='word_1_104' title='bbox 797 735 826 765; x_wconf 81' lang='lat' dir='ltr'><strong>p.</strong></span> <span class='ocrx_word' id='word_1_105' title='bbox 854 726 893 754; x_wconf 66' lang='lat'><strong>⁸0⁴¹</strong></span> <span class='ocrx_word' id='word_1_106' title='bbox 922 733 953 753; x_wconf 83' lang='lat' dir='ltr'><strong>v.</strong></span> <span class='ocrx_word' id='word_1_107' title='bbox 985 723 1013 753; x_wconf 83' lang='lat'><strong>¹.</strong></span> <span class='ocrx_word' id='word_1_108' title='bbox 1075 724 1196 754; x_wconf 82' lang='lat' dir='ltr'><strong>Vocem</strong></span> <span class='ocrx_word' id='word_1_109' title='bbox 1230 721 1300 751; x_wconf 60' lang='lat' dir='ltr'><strong>til-002⁴»</strong></span> <span class='ocrx_word' id='word_1_110' title='bbox 1333 722 1363 751; x_wconf 86' lang='lat' dir='ltr'><strong>in</strong></span> <span class='ocrx_word' id='word_1_111' title='bbox 1397 722 1528 752; x_wconf 82' lang='lat' dir='ltr'><strong>lanceae</strong></span> <span class='ocrx_word' id='word_1_112' title='bbox 1559 721 1722 760; x_wconf 75' lang='lat' dir='ltr'><strong>cuspidem</strong></span> <span class='ocrx_word' id='word_1_113' title='bbox 1757 715 1821 756; x_wconf 70' lang='grc' dir='ltr'><strong>(Ι).</strong></span> <span class='ocrx_word' id='word_1_114' title='bbox 1844 714 1975 757; x_wconf 68' lang='grc'><strong>385.)</strong></span> 
     </span>
     <span class='ocr_line' id='line_1_11' title="bbox 194 781 1974 829; baseline -0.003 -11"><span class='ocrx_word' id='word_1_115' title='bbox 194 788 380 818; x_wconf 76' lang='lat' dir='ltr'><strong>translatam</strong></span> <span class='ocrx_word' id='word_1_116' title='bbox 416 798 509 829; x_wconf 85' lang='lat' dir='ltr'><strong>esse,</strong></span> <span class='ocrx_word' id='word_1_117' title='bbox 549 789 651 818; x_wconf 84' lang='lat' dir='ltr'><strong>minus</strong></span> <span class='ocrx_word' id='word_1_118' title='bbox 688 789 802 828; x_wconf 81' lang='lat' dir='ltr'><strong>placet.</strong></span> <span class='ocrx_word' id='word_1_119' title='bbox 865 788 968 825; x_wconf 82' lang='lat' dir='ltr'><strong>Quum</strong></span> <span class='ocrx_word' id='word_1_120' title='bbox 999 791 1102 816; x_wconf 87' lang='lat' dir='ltr'><strong>autem</strong></span> <span class='ocrx_word' id='word_1_121' title='bbox 1134 787 1233 816; x_wconf 89' lang='lat' dir='ltr'><strong>verbo</strong></span> <span class='ocrx_word' id='word_1_122' title='bbox 1263 782 1335 817; x_wconf 43' lang='lat' dir='ltr'><strong>mh</strong></span> <span class='ocrx_word' id='word_1_123' title='bbox 1371 790 1444 824; x_wconf 84' lang='lat' dir='ltr'><strong>post</strong></span> <span class='ocrx_word' id='word_1_124' title='bbox 1477 784 1729 814; x_wconf 88' lang='lat' dir='ltr'><strong>coniunctionem</strong></span> <span class='ocrx_word' id='word_1_125' title='bbox 1756 781 1794 828; x_wconf 70' lang='lat' dir='ltr'><strong>c,l</strong></span> <span class='ocrx_word' id='word_1_126' title='bbox 1822 785 1974 823; x_wconf 89' lang='lat' dir='ltr'><strong>temporis</strong></span> 
     </span>
     <span class='ocr_line' id='line_1_12' title="bbox 194 846 1974 893; baseline -0.005 -10"><span class='ocrx_word' id='word_1_127' title='bbox 194 852 288 883; x_wconf 81' lang='lat' dir='ltr'><strong>futuri</strong></span> <span class='ocrx_word' id='word_1_128' title='bbox 315 863 430 884; x_wconf 86' lang='lat' dir='ltr'><strong>sensus</strong></span> <span class='ocrx_word' id='word_1_129' title='bbox 458 852 642 883; x_wconf 84' lang='lat' dir='ltr'><strong>tribuendus</strong></span> <span class='ocrx_word' id='word_1_130' title='bbox 669 853 721 891; x_wconf 80' lang='lat' dir='ltr'><strong>sit,</strong></span> <span class='ocrx_word' id='word_1_131' title='bbox 749 851 940 881; x_wconf 79' lang='lat' dir='ltr'><strong>scholiastes</strong></span> <span class='ocrx_word' id='word_1_132' title='bbox 966 850 1090 889; x_wconf 83' lang='lat' dir='ltr'><strong>ellipsin</strong></span> <span class='ocrx_word' id='word_1_133' title='bbox 1117 849 1206 878; x_wconf 83' lang='lat' dir='ltr'><strong>verbi</strong></span> <span class='ocrx_word' id='word_1_134' title='bbox 1241 848 1302 893; x_wconf 63' lang='lat'><strong>06</strong></span> <span class='ocrx_word' id='word_1_135' title='bbox 1333 852 1404 887; x_wconf 92' lang='lat' dir='ltr'><strong>post</strong></span> <span class='ocrx_word' id='word_1_136' title='bbox 1440 846 1469 877; x_wconf 91' lang='lat' dir='ltr'><strong>id</strong></span> <span class='ocrx_word' id='word_1_137' title='bbox 1505 849 1639 885; x_wconf 78' lang='lat' dir='ltr'><strong>statuit,</strong></span> <span class='ocrx_word' id='word_1_138' title='bbox 1676 855 1737 884; x_wconf 84' lang='lat' dir='ltr'><strong>quo</strong></span> <span class='ocrx_word' id='word_1_139' title='bbox 1766 846 1820 885; x_wconf 79' lang='lat' dir='ltr'><strong>tit,</strong></span> <span class='ocrx_word' id='word_1_140' title='bbox 1860 850 1893 875; x_wconf 85' lang='lat' dir='ltr'><strong>ut</strong></span> <span class='ocrx_word' id='word_1_141' title='bbox 1925 846 1974 874; x_wconf 87' lang='lat' dir='ltr'><strong>vis</strong></span> 
     </span>
    </p>
   </div>
   <div class='ocr_carea' id='block_1_3' title="bbox 197 908 1976 954">
    <p class='ocr_par' dir='ltr' id='par_1_4' title="bbox 197 908 1976 954">
     <span class='ocr_line' id='line_1_13' title="bbox 197 908 1976 954; baseline -0.004 -9"><span class='ocrx_word' id='word_1_142' title='bbox 197 916 427 946; x_wconf 86' lang='lat' dir='ltr'><strong>coniunctionis</strong></span> <span class='ocrx_word' id='word_1_143' title='bbox 455 925 473 945; x_wconf 92' lang='lat' dir='ltr'><strong>a</strong></span> <span class='ocrx_word' id='word_1_144' title='bbox 511 920 667 954; x_wconf 83' lang='lat' dir='ltr'><strong>sequente</strong></span> <span class='ocrx_word' id='word_1_145' title='bbox 704 914 803 944; x_wconf 77' lang='lat' dir='ltr'><strong>verbo</strong></span> <span class='ocrx_word' id='word_1_146' title='bbox 842 918 1045 943; x_wconf 85' lang='lat' dir='ltr'><strong>removeatur</strong></span> <span class='ocrx_word' id='word_1_147' title='bbox 1083 912 1203 951; x_wconf 86' lang='lat' dir='ltr'><strong>(cons.</strong></span> <span class='ocrx_word' id='word_1_148' title='bbox 1231 910 1362 942; x_wconf 85' lang='lat' dir='ltr'><strong>Gram.</strong></span> <span class='ocrx_word' id='word_1_149' title='bbox 1388 911 1451 940; x_wconf 84' lang='lat' dir='ltr'><strong>Ar.</strong></span> <span class='ocrx_word' id='word_1_150' title='bbox 1479 910 1516 939; x_wconf 82' lang='grc' dir='ltr'><strong>Τ.</strong></span> <span class='ocrx_word' id='word_1_151' title='bbox 1544 910 1566 938; x_wconf 92' lang='lat'><strong>1.</strong></span> <span class='ocrx_word' id='word_1_152' title='bbox 1596 919 1623 948; x_wconf 89' lang='lat' dir='ltr'><strong>p.</strong></span> <span class='ocrx_word' id='word_1_153' title='bbox 1661 910 1720 939; x_wconf 72' lang='lat' dir='ltr'><strong>tst</strong></span> <span class='ocrx_word' id='word_1_154' title='bbox 1756 910 1836 949; x_wconf 87' lang='lat' dir='ltr'><strong>sq.).</strong></span> <span class='ocrx_word' id='word_1_155' title='bbox 1900 908 1976 938; x_wconf 89' lang='lat' dir='ltr'><strong>lnde</strong></span> 
     </span>
    </p>
   </div>
   <div class='ocr_carea' id='block_1_4' title="bbox 194 985 1609 1028">
    <p class='ocr_par' dir='ltr' id='par_1_5' title="bbox 194 980 1609 1028">
     <span class='ocr_line' id='line_1_14' title="bbox 194 985 1609 1028; baseline -0.005 -8"><span class='ocrx_word' id='word_1_156' title='bbox 194 990 224 1019; x_wconf 82' lang='lat' dir='ltr'><strong>iu</strong></span> <span class='ocrx_word' id='word_1_157' title='bbox 251 990 361 1020; x_wconf 87' lang='lat' dir='ltr'><strong>codice</strong></span> <span class='ocrx_word' id='word_1_158' title='bbox 387 991 522 1020; x_wconf 81' lang='lat' dir='ltr'><strong>&#39;l&#39;ebrisii</strong></span> <span class='ocrx_word' id='word_1_159' title='bbox 548 1000 613 1019; x_wconf 79' lang='lat' dir='ltr'><strong>vox</strong></span> <span class='ocrx_word' id='word_1_160' title='bbox 640 990 737 1028; x_wconf 53' lang='grc' dir='ltr'><strong>ῥωκλφ</strong></span> <span class='ocrx_word' id='word_1_161' title='bbox 764 994 910 1027; x_wconf 87' lang='lat' dir='ltr'><strong>tanquam</strong></span> <span class='ocrx_word' id='word_1_162' title='bbox 938 988 1018 1018; x_wconf 92' lang='lat' dir='ltr'><strong>alter</strong></span> <span class='ocrx_word' id='word_1_163' title='bbox 1047 986 1173 1028; x_wconf 82' lang='lat' dir='ltr'><strong>legendi</strong></span> <span class='ocrx_word' id='word_1_164' title='bbox 1200 985 1313 1016; x_wconf 90' lang='lat' dir='ltr'><strong>modus</strong></span> <span class='ocrx_word' id='word_1_165' title='bbox 1340 985 1521 1024; x_wconf 88' lang='lat' dir='ltr'><strong>subscripta</strong></span> <span class='ocrx_word' id='word_1_166' title='bbox 1551 989 1609 1014; x_wconf 90' lang='lat' dir='ltr'><strong>est.</strong></span> 
     </span>
    </p>
   </div>
   <div class='ocr_carea' id='block_1_5' title="bbox 194 1081 1933 1126">
    <p class='ocr_par' dir='ltr' id='par_1_6' title="bbox 194 1081 1933 1126">
     <span class='ocr_line' id='line_1_15' title="bbox 194 1081 1933 1126; baseline -0.005 -9"><span class='ocrx_word' id='word_1_167' title='bbox 194 1087 248 1117; x_wconf 80' lang='lat'><strong>19.</strong></span> <span class='ocrx_word' id='word_1_168' title='bbox 274 1088 316 1116; x_wconf 78' lang='lat' dir='ltr'><strong>Et</strong></span> <span class='ocrx_word' id='word_1_169' title='bbox 338 1089 421 1126; x_wconf 81' lang='lat' dir='ltr'><strong>quod</strong></span> <span class='ocrx_word' id='word_1_170' title='bbox 440 1097 507 1116; x_wconf 79' lang='lat' dir='ltr'><strong>eam</strong></span> <span class='ocrx_word' id='word_1_171' title='bbox 530 1090 562 1116; x_wconf 84' lang='lat' dir='ltr'><strong>in</strong></span> <span class='ocrx_word' id='word_1_172' title='bbox 585 1088 648 1116; x_wconf 82' lang='lat' dir='ltr'><strong>Ioco</strong></span> <span class='ocrx_word' id='word_1_173' title='bbox 670 1096 781 1124; x_wconf 79' lang='lat' dir='ltr'><strong>aspero</strong></span> <span class='ocrx_word' id='word_1_174' title='bbox 801 1086 1004 1122; x_wconf 77' lang='lat' dir='ltr'><strong>procumbere</strong></span> <span class='ocrx_word' id='word_1_175' title='bbox 1025 1087 1171 1120; x_wconf 71' lang='lat' dir='ltr'><strong>Iusserat,</strong></span> <span class='ocrx_word' id='word_1_176' title='bbox 1196 1086 1229 1111; x_wconf 85' lang='lat' dir='ltr'><strong>in</strong></span> <span class='ocrx_word' id='word_1_177' title='bbox 1250 1092 1310 1122; x_wconf 82' lang='lat' dir='ltr'><strong>quo</strong></span> <span class='ocrx_word' id='word_1_178' title='bbox 1330 1084 1459 1110; x_wconf 77' lang='lat' dir='ltr'><strong>interior</strong></span> <span class='ocrx_word' id='word_1_179' title='bbox 1481 1081 1620 1118; x_wconf 72' lang='lat' dir='ltr'><strong>unffldue</strong></span> <span class='ocrx_word' id='word_1_180' title='bbox 1639 1091 1717 1117; x_wconf 74' lang='lat' dir='ltr'><strong>pars</strong></span> <span class='ocrx_word' id='word_1_181' title='bbox 1739 1081 1933 1110; x_wconf 73' lang='lat' dir='ltr'><strong>vulneratur.</strong></span> 
     </span>
    </p>
   </div>
   <div class='ocr_carea' id='block_1_6' title="bbox 193 1150 1977 1817">
    <p class='ocr_par' dir='ltr' id='par_1_7' title="bbox 193 1150 1977 1817">
     <span class='ocr_line' id='line_1_16' title="bbox 294 1150 1975 1196; baseline -0.004 -10"><span class='ocrx_word' id='word_1_182' title='bbox 294 1157 365 1186; x_wconf 87' lang='lat' dir='ltr'><strong>Alia</strong></span> <span class='ocrx_word' id='word_1_183' title='bbox 392 1157 627 1196; x_wconf 83' lang='lat' dir='ltr'><strong>comparatione</strong></span> <span class='ocrx_word' id='word_1_184' title='bbox 655 1165 732 1186; x_wconf 91' lang='lat' dir='ltr'><strong>usus</strong></span> <span class='ocrx_word' id='word_1_185' title='bbox 761 1165 825 1185; x_wconf 89' lang='lat' dir='ltr'><strong>rem</strong></span> <span class='ocrx_word' id='word_1_186' title='bbox 853 1164 1012 1185; x_wconf 86' lang='lat' dir='ltr'><strong>exornans</strong></span> <span class='ocrx_word' id='word_1_187' title='bbox 1040 1154 1125 1194; x_wconf 91' lang='lat' dir='ltr'><strong>dicit,</strong></span> <span class='ocrx_word' id='word_1_188' title='bbox 1152 1163 1224 1183; x_wconf 92' lang='lat' dir='ltr'><strong>eum</strong></span> <span class='ocrx_word' id='word_1_189' title='bbox 1251 1155 1380 1193; x_wconf 85' lang='lat' dir='ltr'><strong>gentem</strong></span> <span class='ocrx_word' id='word_1_190' title='bbox 1398 1150 1532 1181; x_wconf 84' lang='lat' dir='ltr'><strong>Hodsail</strong></span> <span class='ocrx_word' id='word_1_191' title='bbox 1553 1150 1640 1180; x_wconf 87' lang='lat' dir='ltr'><strong>malis</strong></span> <span class='ocrx_word' id='word_1_192' title='bbox 1659 1150 1838 1180; x_wconf 82' lang='lat' dir='ltr'><strong>adflixisse.</strong></span> <span class='ocrx_word' id='word_1_193' title='bbox 1866 1150 1975 1180; x_wconf 85' lang='lat' dir='ltr'><strong>Totam</strong></span> 
     </span>
     <span class='ocr_line' id='line_1_17' title="bbox 194 1212 1975 1260; baseline -0.004 -12"><span class='ocrx_word' id='word_1_194' title='bbox 194 1223 322 1259; x_wconf 83' lang='lat' dir='ltr'><strong>gentem</strong></span> <span class='ocrx_word' id='word_1_195' title='bbox 349 1228 418 1248; x_wconf 91' lang='lat' dir='ltr'><strong>cum</strong></span> <span class='ocrx_word' id='word_1_196' title='bbox 446 1219 638 1248; x_wconf 92' lang='lat' dir='ltr'><strong>camelorum</strong></span> <span class='ocrx_word' id='word_1_197' title='bbox 666 1227 767 1260; x_wconf 82' lang='lat' dir='ltr'><strong>grege</strong></span> <span class='ocrx_word' id='word_1_198' title='bbox 793 1218 898 1248; x_wconf 79' lang='lat' dir='ltr'><strong>conf.</strong></span> <span class='ocrx_word' id='word_1_199' title='bbox 928 1218 1019 1248; x_wconf 86' lang='lat' dir='ltr'><strong>Ham.</strong></span> <span class='ocrx_word' id='word_1_200' title='bbox 1048 1227 1078 1256; x_wconf 89' lang='lat' dir='ltr'><strong>p.</strong></span> <span class='ocrx_word' id='word_1_201' title='bbox 1106 1217 1162 1246; x_wconf 76' lang='lat' dir='ltr'><strong>t”vo</strong></span> <span class='ocrx_word' id='word_1_202' title='bbox 1188 1225 1219 1245; x_wconf 91' lang='lat' dir='ltr'><strong>v.</strong></span> <span class='ocrx_word' id='word_1_203' title='bbox 1249 1213 1281 1246; x_wconf 85' lang='lat'><strong>3.</strong></span> <span class='ocrx_word' id='word_1_204' title='bbox 1309 1213 1527 1253; x_wconf 77' lang='lat' dir='ltr'><strong>comparavit,</strong></span> <span class='ocrx_word' id='word_1_205' title='bbox 1562 1222 1653 1251; x_wconf 84' lang='lat' dir='ltr'><strong>quam</strong></span> <span class='ocrx_word' id='word_1_206' title='bbox 1683 1215 1822 1242; x_wconf 89' lang='lat' dir='ltr'><strong>mortuus</strong></span> <span class='ocrx_word' id='word_1_207' title='bbox 1848 1214 1879 1241; x_wconf 90' lang='lat' dir='ltr'><strong>in</strong></span> <span class='ocrx_word' id='word_1_208' title='bbox 1907 1212 1975 1241; x_wconf 90' lang='lat' dir='ltr'><strong>loco</strong></span> 
     </span>
     <span class='ocr_line' id='line_1_18' title="bbox 193 1275 1976 1320; baseline -0.004 -10"><span class='ocrx_word' id='word_1_209' title='bbox 193 1281 368 1320; x_wconf 85' lang='lat' dir='ltr'><strong>asperrimo</strong></span> <span class='ocrx_word' id='word_1_210' title='bbox 397 1282 603 1320; x_wconf 87' lang='lat' dir='ltr'><strong>procumbere</strong></span> <span class='ocrx_word' id='word_1_211' title='bbox 629 1281 779 1310; x_wconf 84' lang='lat' dir='ltr'><strong>iusserat.</strong></span> <span class='ocrx_word' id='word_1_212' title='bbox 832 1280 874 1310; x_wconf 89' lang='lat' dir='ltr'><strong>Ut</strong></span> <span class='ocrx_word' id='word_1_213' title='bbox 901 1281 1032 1320; x_wconf 86' lang='lat' dir='ltr'><strong>saepius</strong></span> <span class='ocrx_word' id='word_1_214' title='bbox 1064 1278 1148 1319; x_wconf 89' lang='lat' dir='ltr'><strong>apud</strong></span> <span class='ocrx_word' id='word_1_215' title='bbox 1186 1282 1297 1317; x_wconf 85' lang='lat' dir='ltr'><strong>poetas</strong></span> <span class='ocrx_word' id='word_1_216' title='bbox 1332 1276 1508 1316; x_wconf 85' lang='lat' dir='ltr'><strong>invenitur,</strong></span> <span class='ocrx_word' id='word_1_217' title='bbox 1547 1278 1594 1306; x_wconf 90' lang='lat' dir='ltr'><strong>sic</strong></span> <span class='ocrx_word' id='word_1_218' title='bbox 1623 1275 1680 1305; x_wconf 91' lang='lat' dir='ltr'><strong>hoc</strong></span> <span class='ocrx_word' id='word_1_219' title='bbox 1707 1275 1735 1304; x_wconf 86' lang='lat' dir='ltr'><strong>in</strong></span> <span class='ocrx_word' id='word_1_220' title='bbox 1763 1283 1859 1304; x_wconf 82' lang='lat' dir='ltr'><strong>versu</strong></span> <span class='ocrx_word' id='word_1_221' title='bbox 1885 1282 1976 1304; x_wconf 88' lang='lat' dir='ltr'><strong>com-</strong></span> 
     </span>
     <span class='ocr_line' id='line_1_19' title="bbox 195 1335 1976 1387; baseline -0.006 -14"><span class='ocrx_word' id='word_1_222' title='bbox 195 1344 315 1382; x_wconf 87' lang='lat' dir='ltr'><strong>paratio</strong></span> <span class='ocrx_word' id='word_1_223' title='bbox 344 1353 404 1374; x_wconf 91' lang='lat' dir='ltr'><strong>uno</strong></span> <span class='ocrx_word' id='word_1_224' title='bbox 431 1344 530 1373; x_wconf 84' lang='lat' dir='ltr'><strong>verbo</strong></span> <span class='ocrx_word' id='word_1_225' title='bbox 559 1341 646 1387; x_wconf 37' lang='lat'><strong>&amp;55³¹</strong></span> <span class='ocrx_word' id='word_1_226' title='bbox 675 1344 723 1383; x_wconf 77' lang='lat' dir='ltr'><strong>(in</strong></span> <span class='ocrx_word' id='word_1_227' title='bbox 760 1353 866 1384; x_wconf 82' lang='lat' dir='ltr'><strong>genua</strong></span> <span class='ocrx_word' id='word_1_228' title='bbox 902 1343 1055 1373; x_wconf 82' lang='lat' dir='ltr'><strong>camelum</strong></span> <span class='ocrx_word' id='word_1_229' title='bbox 1091 1342 1295 1381; x_wconf 82' lang='lat' dir='ltr'><strong>procumbere</strong></span> <span class='ocrx_word' id='word_1_230' title='bbox 1330 1335 1422 1382; x_wconf 77' lang='lat' dir='ltr'><strong>fecit)</strong></span> <span class='ocrx_word' id='word_1_231' title='bbox 1458 1338 1593 1368; x_wconf 88' lang='lat' dir='ltr'><strong>indicata</strong></span> <span class='ocrx_word' id='word_1_232' title='bbox 1630 1341 1692 1366; x_wconf 80' lang='lat' dir='ltr'><strong>est.</strong></span> <span class='ocrx_word' id='word_1_233' title='bbox 1750 1336 1843 1366; x_wconf 88' lang='lat' dir='ltr'><strong>11unc</strong></span> <span class='ocrx_word' id='word_1_234' title='bbox 1870 1339 1976 1364; x_wconf 89' lang='lat' dir='ltr'><strong>autem</strong></span> 
     </span>
     <span class='ocr_line' id='line_1_20' title="bbox 195 1397 1977 1446; baseline -0.006 -10"><span class='ocrx_word' id='word_1_235' title='bbox 195 1406 307 1446; x_wconf 86' lang='lat' dir='ltr'><strong>locum,</strong></span> <span class='ocrx_word' id='word_1_236' title='bbox 335 1411 369 1436; x_wconf 92' lang='lat' dir='ltr'><strong>ut</strong></span> <span class='ocrx_word' id='word_1_237' title='bbox 396 1415 480 1436; x_wconf 86' lang='lat' dir='ltr'><strong>noxa</strong></span> <span class='ocrx_word' id='word_1_238' title='bbox 506 1407 653 1436; x_wconf 87' lang='lat' dir='ltr'><strong>hostibus</strong></span> <span class='ocrx_word' id='word_1_239' title='bbox 680 1408 768 1437; x_wconf 78' lang='lat' dir='ltr'><strong>illata</strong></span> <span class='ocrx_word' id='word_1_240' title='bbox 795 1406 893 1436; x_wconf 89' lang='lat' dir='ltr'><strong>maior</strong></span> <span class='ocrx_word' id='word_1_241' title='bbox 919 1409 1100 1446; x_wconf 76' lang='lat' dir='ltr'><strong>appareret,</strong></span> <span class='ocrx_word' id='word_1_242' title='bbox 1129 1404 1231 1434; x_wconf 92' lang='lat' dir='ltr'><strong>locum</strong></span> <span class='ocrx_word' id='word_1_243' title='bbox 1259 1402 1468 1442; x_wconf 88' lang='lat' dir='ltr'><strong>asperrimum</strong></span> <span class='ocrx_word' id='word_1_244' title='bbox 1496 1405 1528 1430; x_wconf 90' lang='lat' dir='ltr'><strong>et</strong></span> <span class='ocrx_word' id='word_1_245' title='bbox 1556 1399 1710 1439; x_wconf 88' lang='lat' dir='ltr'><strong>lapidibus</strong></span> <span class='ocrx_word' id='word_1_246' title='bbox 1729 1398 1832 1428; x_wconf 85' lang='lat' dir='ltr'><strong>acutis</strong></span> <span class='ocrx_word' id='word_1_247' title='bbox 1851 1397 1977 1436; x_wconf 91' lang='lat' dir='ltr'><strong>plenum</strong></span> 
     </span>
     <span class='ocr_line' id='line_1_21' title="bbox 195 1459 1975 1508; baseline -0.006 -10"><span class='ocrx_word' id='word_1_248' title='bbox 195 1467 372 1508; x_wconf 66' lang='lat' dir='ltr'><strong>descripsit,</strong></span> <span class='ocrx_word' id='word_1_249' title='bbox 428 1469 551 1498; x_wconf 85' lang='lat' dir='ltr'><strong>Locum</strong></span> <span class='ocrx_word' id='word_1_250' title='bbox 578 1475 682 1499; x_wconf 84' lang='lat' dir='ltr'><strong>autem</strong></span> <span class='ocrx_word' id='word_1_251' title='bbox 710 1468 866 1508; x_wconf 83' lang='lat' dir='ltr'><strong>lapidibus</strong></span> <span class='ocrx_word' id='word_1_252' title='bbox 893 1467 995 1497; x_wconf 88' lang='lat' dir='ltr'><strong>acutis</strong></span> <span class='ocrx_word' id='word_1_253' title='bbox 1023 1466 1146 1506; x_wconf 87' lang='lat' dir='ltr'><strong>plenum</strong></span> <span class='ocrx_word' id='word_1_254' title='bbox 1175 1464 1297 1504; x_wconf 83' lang='lat' dir='ltr'><strong>fuisse,</strong></span> <span class='ocrx_word' id='word_1_255' title='bbox 1325 1472 1365 1493; x_wconf 83' lang='lat' dir='ltr'><strong>ex</strong></span> <span class='ocrx_word' id='word_1_256' title='bbox 1392 1472 1431 1492; x_wconf 91' lang='lat' dir='ltr'><strong>eo</strong></span> <span class='ocrx_word' id='word_1_257' title='bbox 1459 1461 1617 1500; x_wconf 79' lang='lat' dir='ltr'><strong>videmus,</strong></span> <span class='ocrx_word' id='word_1_258' title='bbox 1646 1459 1729 1500; x_wconf 95' lang='lat' dir='ltr'><strong>quod</strong></span> <span class='ocrx_word' id='word_1_259' title='bbox 1757 1459 1886 1489; x_wconf 88' lang='lat' dir='ltr'><strong>interior</strong></span> <span class='ocrx_word' id='word_1_260' title='bbox 1914 1467 1975 1488; x_wconf 91' lang='lat' dir='ltr'><strong>un-</strong></span> 
     </span>
     <span class='ocr_line' id='line_1_22' title="bbox 194 1521 1974 1572; baseline -0.007 -11"><span class='ocrx_word' id='word_1_261' title='bbox 194 1531 290 1572; x_wconf 82' lang='lat' dir='ltr'><strong>gulae</strong></span> <span class='ocrx_word' id='word_1_262' title='bbox 318 1540 392 1570; x_wconf 83' lang='lat' dir='ltr'><strong>pars</strong></span> <span class='ocrx_word' id='word_1_263' title='bbox 410 1527 507 1570; x_wconf 32' lang='lat' dir='ltr'><strong>(kl-bl)</strong></span> <span class='ocrx_word' id='word_1_264' title='bbox 527 1531 723 1571; x_wconf 79' lang='lat' dir='ltr'><strong>vulneratur,</strong></span> <span class='ocrx_word' id='word_1_265' title='bbox 751 1529 780 1560; x_wconf 89' lang='lat' dir='ltr'><strong>id</strong></span> <span class='ocrx_word' id='word_1_266' title='bbox 797 1529 879 1569; x_wconf 87' lang='lat' dir='ltr'><strong>quod</strong></span> <span class='ocrx_word' id='word_1_267' title='bbox 895 1528 1016 1558; x_wconf 91' lang='lat' dir='ltr'><strong>nonnisi</strong></span> <span class='ocrx_word' id='word_1_268' title='bbox 1036 1528 1192 1567; x_wconf 87' lang='lat' dir='ltr'><strong>lapidibus</strong></span> <span class='ocrx_word' id='word_1_269' title='bbox 1211 1527 1311 1557; x_wconf 87' lang='lat' dir='ltr'><strong>acutis</strong></span> <span class='ocrx_word' id='word_1_270' title='bbox 1331 1530 1363 1556; x_wconf 85' lang='lat' dir='ltr'><strong>et</strong></span> <span class='ocrx_word' id='word_1_271' title='bbox 1390 1536 1407 1556; x_wconf 92' lang='lat' dir='ltr'><strong>e</strong></span> <span class='ocrx_word' id='word_1_272' title='bbox 1432 1523 1517 1555; x_wconf 72' lang='lat' dir='ltr'><strong>terra</strong></span> <span class='ocrx_word' id='word_1_273' title='bbox 1536 1523 1751 1564; x_wconf 79' lang='lat' dir='ltr'><strong>prestantibus</strong></span> <span class='ocrx_word' id='word_1_274' title='bbox 1770 1521 1837 1552; x_wconf 86' lang='lat' dir='ltr'><strong>fieri</strong></span> <span class='ocrx_word' id='word_1_275' title='bbox 1857 1525 1974 1561; x_wconf 90' lang='lat' dir='ltr'><strong>potest.</strong></span> 
     </span>
     <span class='ocr_line' id='line_1_23' title="bbox 195 1585 1976 1637; baseline -0.005 -15"><span class='ocrx_word' id='word_1_276' title='bbox 195 1593 256 1623; x_wconf 86' lang='lat' dir='ltr'><strong>Pro</strong></span> <span class='ocrx_word' id='word_1_277' title='bbox 284 1594 382 1623; x_wconf 89' lang='lat' dir='ltr'><strong>verbo</strong></span> <span class='ocrx_word' id='word_1_278' title='bbox 411 1591 497 1637; x_wconf 56' lang='lat' dir='ltr'><strong>Lp‘jt</strong></span> <span class='ocrx_word' id='word_1_279' title='bbox 527 1594 557 1622; x_wconf 95' lang='lat' dir='ltr'><strong>in</strong></span> <span class='ocrx_word' id='word_1_280' title='bbox 571 1593 724 1623; x_wconf 80' lang='lat' dir='ltr'><strong>Mersukii</strong></span> <span class='ocrx_word' id='word_1_281' title='bbox 752 1592 862 1623; x_wconf 89' lang='lat' dir='ltr'><strong>codice</strong></span> <span class='ocrx_word' id='word_1_282' title='bbox 878 1589 1139 1633; x_wconf 47' lang='lat' dir='ltr'><strong>stp‘stllegitur,</strong></span> <span class='ocrx_word' id='word_1_283' title='bbox 1166 1590 1291 1619; x_wconf 89' lang='lat' dir='ltr'><strong>nomina</strong></span> <span class='ocrx_word' id='word_1_284' title='bbox 1320 1588 1402 1619; x_wconf 91' lang='lat' dir='ltr'><strong>enim</strong></span> <span class='ocrx_word' id='word_1_285' title='bbox 1429 1590 1569 1629; x_wconf 88' lang='lat' dir='ltr'><strong>gentium</strong></span> <span class='ocrx_word' id='word_1_286' title='bbox 1597 1591 1744 1626; x_wconf 86' lang='lat' dir='ltr'><strong>tanquam</strong></span> <span class='ocrx_word' id='word_1_287' title='bbox 1772 1585 1917 1615; x_wconf 83' lang='lat' dir='ltr'><strong>feminina</strong></span> <span class='ocrx_word' id='word_1_288' title='bbox 1943 1588 1976 1613; x_wconf 87' lang='lat' dir='ltr'><strong>et</strong></span> 
     </span>
     <span class='ocr_line' id='line_1_24' title="bbox 196 1645 1973 1695; baseline -0.006 -10"><span class='ocrx_word' id='word_1_289' title='bbox 196 1655 360 1685; x_wconf 82' lang='lat' dir='ltr'><strong>collectiva</strong></span> <span class='ocrx_word' id='word_1_290' title='bbox 375 1658 513 1685; x_wconf 82' lang='lat' dir='ltr'><strong>construi</strong></span> <span class='ocrx_word' id='word_1_291' title='bbox 528 1661 673 1695; x_wconf 87' lang='lat' dir='ltr'><strong>possunt.</strong></span> <span class='ocrx_word' id='word_1_292' title='bbox 701 1655 800 1685; x_wconf 85' lang='lat' dir='ltr'><strong>Simili</strong></span> <span class='ocrx_word' id='word_1_293' title='bbox 817 1659 923 1684; x_wconf 86' lang='lat' dir='ltr'><strong>autem</strong></span> <span class='ocrx_word' id='word_1_294' title='bbox 943 1653 1187 1692; x_wconf 85' lang='lat' dir='ltr'><strong>comparationis</strong></span> <span class='ocrx_word' id='word_1_295' title='bbox 1215 1651 1307 1682; x_wconf 86' lang='lat' dir='ltr'><strong>modo</strong></span> <span class='ocrx_word' id='word_1_296' title='bbox 1335 1655 1432 1690; x_wconf 83' lang='lat' dir='ltr'><strong>poeta</strong></span> <span class='ocrx_word' id='word_1_297' title='bbox 1459 1659 1537 1680; x_wconf 88' lang='lat' dir='ltr'><strong>usus</strong></span> <span class='ocrx_word' id='word_1_298' title='bbox 1565 1654 1617 1679; x_wconf 86' lang='lat' dir='ltr'><strong>est</strong></span> <span class='ocrx_word' id='word_1_299' title='bbox 1645 1649 1674 1678; x_wconf 90' lang='lat' dir='ltr'><strong>in</strong></span> <span class='ocrx_word' id='word_1_300' title='bbox 1693 1652 1852 1687; x_wconf 90' lang='lat' dir='ltr'><strong>sequente</strong></span> <span class='ocrx_word' id='word_1_301' title='bbox 1867 1645 1973 1689; x_wconf 87' lang='lat' dir='ltr'><strong>(metr.</strong></span> 
     </span>
     <span class='ocr_line' id='line_1_25' title="bbox 195 1705 1975 1767; baseline -0.006 -20"><span class='ocrx_word' id='word_1_302' title='bbox 195 1714 325 1759; x_wconf 87' lang='lat' dir='ltr'><strong>Sarih):</strong></span> <span class='ocrx_word' id='word_1_303' title='bbox 352 1717 484 1767; x_wconf 58' lang='grc' dir='ltr'><strong>ξὶξκιᾷἲ</strong></span> <span class='ocrx_word' id='word_1_304' title='bbox 500 1716 602 1762; x_wconf 50' lang='lat'><strong>&#39;5543&#39;</strong></span> <span class='ocrx_word' id='word_1_305' title='bbox 623 1718 662 1762; x_wconf 44' lang='grc' dir='ltr'><strong>[Α</strong></span> <span class='ocrx_word' id='word_1_306' title='bbox 687 1705 978 1758; x_wconf 45' lang='grc' dir='ltr'><strong>ἱρμὲοᾲξὶήαἷὲῐ</strong></span> <span class='ocrx_word' id='word_1_307' title='bbox 1000 1717 1085 1755; x_wconf 55' lang='lat'><strong>&amp;0⁴³</strong></span> <span class='ocrx_word' id='word_1_308' title='bbox 1104 1729 1146 1752; x_wconf 70' lang='lat' dir='ltr'><strong>U·</strong></span> <span class='ocrx_word' id='word_1_309' title='bbox 1173 1713 1244 1751; x_wconf 86' lang='lat' dir='ltr'><strong>Qui</strong></span> <span class='ocrx_word' id='word_1_310' title='bbox 1275 1713 1431 1743; x_wconf 87' lang='lat' dir='ltr'><strong>bellum</strong></span> <span class='ocrx_word' id='word_1_311' title='bbox 1461 1717 1629 1753; x_wconf 83' lang='lat' dir='ltr'><strong>gustat,</strong></span> <span class='ocrx_word' id='word_1_312' title='bbox 1658 1711 1751 1740; x_wconf 90' lang='lat' dir='ltr'><strong>eius</strong></span> <span class='ocrx_word' id='word_1_313' title='bbox 1779 1717 1975 1748; x_wconf 87' lang='lat' dir='ltr'><strong>saporem</strong></span> 
     </span>
     <span class='ocr_line' id='line_1_26' title="bbox 197 1770 1975 1817; baseline -0.006 -8"><span class='ocrx_word' id='word_1_314' title='bbox 197 1788 374 1809; x_wconf 80' lang='lat' dir='ltr'><strong>amarum</strong></span> <span class='ocrx_word' id='word_1_315' title='bbox 400 1780 569 1810; x_wconf 79' lang='lat' dir='ltr'><strong>invenit</strong></span> <span class='ocrx_word' id='word_1_316' title='bbox 596 1785 637 1810; x_wconf 87' lang='lat' dir='ltr'><strong>et</strong></span> <span class='ocrx_word' id='word_1_317' title='bbox 664 1780 810 1810; x_wconf 88' lang='lat' dir='ltr'><strong>eumin</strong></span> <span class='ocrx_word' id='word_1_318' title='bbox 839 1780 933 1809; x_wconf 92' lang='lat' dir='ltr'><strong>loco</strong></span> <span class='ocrx_word' id='word_1_319' title='bbox 966 1786 1114 1817; x_wconf 85' lang='lat' dir='ltr'><strong>aspero</strong></span> <span class='ocrx_word' id='word_1_320' title='bbox 1142 1776 1413 1816; x_wconf 89' lang='lat' dir='ltr'><strong>procumbere</strong></span> <span class='ocrx_word' id='word_1_321' title='bbox 1440 1775 1547 1804; x_wconf 89' lang='lat' dir='ltr'><strong>sinit</strong></span> <span class='ocrx_word' id='word_1_322' title='bbox 1574 1773 1654 1804; x_wconf 79' lang='lat' dir='ltr'><strong>conf.</strong></span> <span class='ocrx_word' id='word_1_323' title='bbox 1675 1774 1769 1802; x_wconf 80' lang='lat' dir='ltr'><strong>llam.</strong></span> <span class='ocrx_word' id='word_1_324' title='bbox 1788 1781 1817 1811; x_wconf 91' lang='lat' dir='ltr'><strong>p.</strong></span> <span class='ocrx_word' id='word_1_325' title='bbox 1834 1771 1867 1800; x_wconf 72' lang='lat' dir='ltr'><strong>lt‘·</strong></span> <span class='ocrx_word' id='word_1_326' title='bbox 1893 1780 1925 1800; x_wconf 86' lang='lat' dir='ltr'><strong>v.</strong></span> <span class='ocrx_word' id='word_1_327' title='bbox 1946 1770 1975 1800; x_wconf 85' lang='lat'><strong>1.</strong></span> 
     </span>
    </p>
   </div>
   <div class='ocr_carea' id='block_1_7' title="bbox 196 1872 1727 1914">
    <p class='ocr_par' dir='ltr' id='par_1_8' title="bbox 196 1872 1727 1914">
     <span class='ocr_line' id='line_1_27' title="bbox 196 1872 1727 1914; baseline -0.005 -9"><span class='ocrx_word' id='word_1_328' title='bbox 196 1875 254 1906; x_wconf 77' lang='lat'><strong>20.</strong></span> <span class='ocrx_word' id='word_1_329' title='bbox 277 1876 322 1906; x_wconf 87' lang='lat' dir='ltr'><strong>E!</strong></span> <span class='ocrx_word' id='word_1_330' title='bbox 343 1876 427 1914; x_wconf 73' lang='lat' dir='ltr'><strong>qnod</strong></span> <span class='ocrx_word' id='word_1_331' title='bbox 445 1886 513 1904; x_wconf 83' lang='lat' dir='ltr'><strong>eum</strong></span> <span class='ocrx_word' id='word_1_332' title='bbox 534 1878 566 1904; x_wconf 80' lang='lat' dir='ltr'><strong>in</strong></span> <span class='ocrx_word' id='word_1_333' title='bbox 590 1878 669 1904; x_wconf 79' lang='lat' dir='ltr'><strong>atrio</strong></span> <span class='ocrx_word' id='word_1_334' title='bbox 689 1878 755 1904; x_wconf 78' lang='lat' dir='ltr'><strong>eius</strong></span> <span class='ocrx_word' id='word_1_335' title='bbox 775 1879 849 1913; x_wconf 83' lang='lat' dir='ltr'><strong>post</strong></span> <span class='ocrx_word' id='word_1_336' title='bbox 869 1876 993 1904; x_wconf 80' lang='lat' dir='ltr'><strong>caedem</strong></span> <span class='ocrx_word' id='word_1_337' title='bbox 1014 1875 1137 1910; x_wconf 77' lang='lat' dir='ltr'><strong>rapinis</strong></span> <span class='ocrx_word' id='word_1_338' title='bbox 1159 1877 1189 1902; x_wconf 87' lang='lat' dir='ltr'><strong>et</strong></span> <span class='ocrx_word' id='word_1_339' title='bbox 1209 1873 1412 1910; x_wconf 80' lang='lat' dir='ltr'><strong>praedatione</strong></span> <span class='ocrx_word' id='word_1_340' title='bbox 1434 1880 1525 1900; x_wconf 77' lang='lat' dir='ltr'><strong>meme</strong></span> <span class='ocrx_word' id='word_1_341' title='bbox 1547 1872 1727 1907; x_wconf 59' lang='lat' dir='ltr'><strong>adflixerat.</strong></span> 
     </span>
    </p>
   </div>
   <div class='ocr_carea' id='block_1_8' title="bbox 197 1935 1978 2295">
    <p class='ocr_par' dir='ltr' id='par_1_9' title="bbox 197 1935 1978 2295">
     <span class='ocr_line' id='line_1_28' title="bbox 296 1935 1977 1984; baseline -0.007 -8"><span class='ocrx_word' id='word_1_342' title='bbox 296 1946 356 1976; x_wconf 83' lang='lat' dir='ltr'><strong>Hic</strong></span> <span class='ocrx_word' id='word_1_343' title='bbox 385 1954 512 1982; x_wconf 82' lang='lat' dir='ltr'><strong>versus,</strong></span> <span class='ocrx_word' id='word_1_344' title='bbox 539 1945 591 1984; x_wconf 90' lang='lat' dir='ltr'><strong>qui</strong></span> <span class='ocrx_word' id='word_1_345' title='bbox 616 1945 646 1974; x_wconf 92' lang='lat' dir='ltr'><strong>in</strong></span> <span class='ocrx_word' id='word_1_346' title='bbox 670 1945 825 1974; x_wconf 82' lang='lat' dir='ltr'><strong>Mersukii</strong></span> <span class='ocrx_word' id='word_1_347' title='bbox 852 1945 959 1974; x_wconf 87' lang='lat' dir='ltr'><strong>codice</strong></span> <span class='ocrx_word' id='word_1_348' title='bbox 988 1942 1199 1981; x_wconf 86' lang='lat' dir='ltr'><strong>desideratur,</strong></span> <span class='ocrx_word' id='word_1_349' title='bbox 1227 1951 1326 1971; x_wconf 82' lang='lat' dir='ltr'><strong>sensu</strong></span> <span class='ocrx_word' id='word_1_350' title='bbox 1353 1950 1423 1971; x_wconf 85' lang='lat' dir='ltr'><strong>cum</strong></span> <span class='ocrx_word' id='word_1_351' title='bbox 1451 1939 1661 1969; x_wconf 86' lang='lat' dir='ltr'><strong>antecedente</strong></span> <span class='ocrx_word' id='word_1_352' title='bbox 1681 1937 1844 1967; x_wconf 78' lang='lat' dir='ltr'><strong>cohaeret.</strong></span> <span class='ocrx_word' id='word_1_353' title='bbox 1877 1935 1977 1966; x_wconf 89' lang='lat' dir='ltr'><strong>Occi-</strong></span> 
     </span>
     <span class='ocr_line' id='line_1_29' title="bbox 197 1999 1977 2047; baseline -0.007 -9"><span class='ocrx_word' id='word_1_354' title='bbox 197 2017 265 2038; x_wconf 89' lang='lat' dir='ltr'><strong>sum</strong></span> <span class='ocrx_word' id='word_1_355' title='bbox 295 2017 392 2047; x_wconf 87' lang='lat' dir='ltr'><strong>saepe</strong></span> <span class='ocrx_word' id='word_1_356' title='bbox 419 2009 448 2038; x_wconf 91' lang='lat' dir='ltr'><strong>in</strong></span> <span class='ocrx_word' id='word_1_357' title='bbox 475 2017 582 2038; x_wconf 88' lang='lat' dir='ltr'><strong>eorum</strong></span> <span class='ocrx_word' id='word_1_358' title='bbox 611 2012 719 2036; x_wconf 83' lang='lat' dir='ltr'><strong>castra</strong></span> <span class='ocrx_word' id='word_1_359' title='bbox 746 2006 894 2036; x_wconf 86' lang='lat' dir='ltr'><strong>matutino</strong></span> <span class='ocrx_word' id='word_1_360' title='bbox 925 2010 1065 2045; x_wconf 89' lang='lat' dir='ltr'><strong>tempore</strong></span> <span class='ocrx_word' id='word_1_361' title='bbox 1092 2002 1267 2033; x_wconf 85' lang='lat' dir='ltr'><strong>incursione</strong></span> <span class='ocrx_word' id='word_1_362' title='bbox 1294 2002 1377 2032; x_wconf 83' lang='lat' dir='ltr'><strong>facta</strong></span> <span class='ocrx_word' id='word_1_363' title='bbox 1407 2001 1554 2041; x_wconf 89' lang='lat' dir='ltr'><strong>praedam</strong></span> <span class='ocrx_word' id='word_1_364' title='bbox 1582 2001 1765 2030; x_wconf 82' lang='lat' dir='ltr'><strong>abstulisse.</strong></span> <span class='ocrx_word' id='word_1_365' title='bbox 1802 1999 1898 2028; x_wconf 82' lang='lat' dir='ltr'><strong>Tales</strong></span> <span class='ocrx_word' id='word_1_366' title='bbox 1927 1999 1977 2027; x_wconf 91' lang='lat' dir='ltr'><strong>in-</strong></span> 
     </span>
     <span class='ocr_line' id='line_1_30' title="bbox 197 2060 1977 2108; baseline -0.006 -10"><span class='ocrx_word' id='word_1_367' title='bbox 197 2071 364 2099; x_wconf 87' lang='lat' dir='ltr'><strong>cursiones</strong></span> <span class='ocrx_word' id='word_1_368' title='bbox 389 2078 516 2108; x_wconf 87' lang='lat' dir='ltr'><strong>semper</strong></span> <span class='ocrx_word' id='word_1_369' title='bbox 543 2069 692 2098; x_wconf 86' lang='lat' dir='ltr'><strong>matutino</strong></span> <span class='ocrx_word' id='word_1_370' title='bbox 720 2073 862 2107; x_wconf 88' lang='lat' dir='ltr'><strong>tempore</strong></span> <span class='ocrx_word' id='word_1_371' title='bbox 889 2067 998 2097; x_wconf 79' lang='lat' dir='ltr'><strong>facere</strong></span> <span class='ocrx_word' id='word_1_372' title='bbox 1024 2067 1181 2104; x_wconf 84' lang='lat' dir='ltr'><strong>solebant,</strong></span> <span class='ocrx_word' id='word_1_373' title='bbox 1209 2071 1241 2096; x_wconf 88' lang='lat' dir='ltr'><strong>ut</strong></span> <span class='ocrx_word' id='word_1_374' title='bbox 1271 2064 1352 2095; x_wconf 88' lang='lat' dir='ltr'><strong>haud</strong></span> <span class='ocrx_word' id='word_1_375' title='bbox 1375 2063 1572 2104; x_wconf 82' lang='lat' dir='ltr'><strong>praeparatis</strong></span> <span class='ocrx_word' id='word_1_376' title='bbox 1593 2061 1847 2101; x_wconf 79' lang='lat' dir='ltr'><strong>supervenirent.</strong></span> <span class='ocrx_word' id='word_1_377' title='bbox 1877 2060 1977 2089; x_wconf 88' lang='lat' dir='ltr'><strong>Poeta</strong></span> 
     </span>
     <span class='ocr_line' id='line_1_31' title="bbox 199 2124 1975 2178; baseline -0.004 -20"><span class='ocrx_word' id='word_1_378' title='bbox 199 2128 316 2178; x_wconf 47' lang='lat' dir='ltr'><strong>wlf-33</strong></span> <span class='ocrx_word' id='word_1_379' title='bbox 346 2129 443 2170; x_wconf 83' lang='lat' dir='ltr'><strong>dixit,</strong></span> <span class='ocrx_word' id='word_1_380' title='bbox 471 2140 533 2170; x_wconf 87' lang='lat' dir='ltr'><strong>quo</strong></span> <span class='ocrx_word' id='word_1_381' title='bbox 559 2132 706 2160; x_wconf 90' lang='lat' dir='ltr'><strong>maiorem</strong></span> <span class='ocrx_word' id='word_1_382' title='bbox 735 2130 834 2160; x_wconf 82' lang='lat' dir='ltr'><strong>occisi</strong></span> <span class='ocrx_word' id='word_1_383' title='bbox 861 2129 1025 2160; x_wconf 87' lang='lat' dir='ltr'><strong>audaciam</strong></span> <span class='ocrx_word' id='word_1_384' title='bbox 1053 2128 1156 2158; x_wconf 80' lang='lat' dir='ltr'><strong>fuisse</strong></span> <span class='ocrx_word' id='word_1_385' title='bbox 1184 2127 1349 2167; x_wconf 84' lang='lat' dir='ltr'><strong>indicaret,</strong></span> <span class='ocrx_word' id='word_1_386' title='bbox 1377 2126 1507 2157; x_wconf 89' lang='lat' dir='ltr'><strong>caedem</strong></span> <span class='ocrx_word' id='word_1_387' title='bbox 1535 2130 1641 2155; x_wconf 89' lang='lat' dir='ltr'><strong>autem</strong></span> <span class='ocrx_word' id='word_1_388' title='bbox 1669 2130 1701 2154; x_wconf 86' lang='lat' dir='ltr'><strong>et</strong></span> <span class='ocrx_word' id='word_1_389' title='bbox 1729 2124 1869 2162; x_wconf 89' lang='lat' dir='ltr'><strong>rapinam</strong></span> <span class='ocrx_word' id='word_1_390' title='bbox 1895 2132 1975 2152; x_wconf 92' lang='lat' dir='ltr'><strong>con-</strong></span> 
     </span>
     <span class='ocr_line' id='line_1_32' title="bbox 197 2184 1978 2233; baseline -0.006 -11"><span class='ocrx_word' id='word_1_391' title='bbox 197 2192 310 2233; x_wconf 86' lang='lat' dir='ltr'><strong>iunxit,</strong></span> <span class='ocrx_word' id='word_1_392' title='bbox 338 2197 371 2222; x_wconf 89' lang='lat' dir='ltr'><strong>ut</strong></span> <span class='ocrx_word' id='word_1_393' title='bbox 397 2202 511 2222; x_wconf 85' lang='lat' dir='ltr'><strong>noxam</strong></span> <span class='ocrx_word' id='word_1_394' title='bbox 537 2193 652 2223; x_wconf 85' lang='lat' dir='ltr'><strong>illatam</strong></span> <span class='ocrx_word' id='word_1_395' title='bbox 679 2192 847 2222; x_wconf 84' lang='lat' dir='ltr'><strong>maximam</strong></span> <span class='ocrx_word' id='word_1_396' title='bbox 875 2190 1069 2221; x_wconf 86' lang='lat' dir='ltr'><strong>ostenderet.</strong></span> <span class='ocrx_word' id='word_1_397' title='bbox 1123 2190 1230 2220; x_wconf 79' lang='lat' dir='ltr'><strong>Voces</strong></span> <span class='ocrx_word' id='word_1_398' title='bbox 1258 2191 1330 2228; x_wconf 44' lang='grc' dir='ltr'><strong>,ρῳ</strong></span> <span class='ocrx_word' id='word_1_399' title='bbox 1357 2194 1390 2219; x_wconf 91' lang='lat' dir='ltr'><strong>et</strong></span> <span class='ocrx_word' id='word_1_400' title='bbox 1415 2191 1469 2226; x_wconf 55' lang='grc' dir='ltr'><em>μ</em></span> <span class='ocrx_word' id='word_1_401' title='bbox 1498 2198 1536 2218; x_wconf 91' lang='lat' dir='ltr'><strong>eo</strong></span> <span class='ocrx_word' id='word_1_402' title='bbox 1564 2188 1722 2224; x_wconf 82' lang='lat' dir='ltr'><strong>differunt,</strong></span> <span class='ocrx_word' id='word_1_403' title='bbox 1749 2185 1832 2225; x_wconf 88' lang='lat' dir='ltr'><strong>quod</strong></span> <span class='ocrx_word' id='word_1_404' title='bbox 1859 2185 1911 2214; x_wconf 83' lang='lat' dir='ltr'><strong>illa</strong></span> <span class='ocrx_word' id='word_1_405' title='bbox 1938 2184 1978 2212; x_wconf 90' lang='lat' dir='ltr'><strong>de</strong></span> 
     </span>
     <span class='ocr_line' id='line_1_33' title="bbox 199 2247 1975 2295; baseline -0.006 -10"><span class='ocrx_word' id='word_1_406' title='bbox 199 2256 290 2286; x_wconf 88' lang='lat' dir='ltr'><strong>rebus</strong></span> <span class='ocrx_word' id='word_1_407' title='bbox 320 2256 431 2295; x_wconf 82' lang='lat' dir='ltr'><strong>raptiS,</strong></span> <span class='ocrx_word' id='word_1_408' title='bbox 457 2255 537 2285; x_wconf 85' lang='lat' dir='ltr'><strong>haec</strong></span> <span class='ocrx_word' id='word_1_409' title='bbox 563 2254 602 2285; x_wconf 90' lang='lat' dir='ltr'><strong>de</strong></span> <span class='ocrx_word' id='word_1_410' title='bbox 630 2255 754 2285; x_wconf 88' lang='lat' dir='ltr'><strong>camelis</strong></span> <span class='ocrx_word' id='word_1_411' title='bbox 781 2254 902 2285; x_wconf 86' lang='lat' dir='ltr'><strong>abactis</strong></span> <span class='ocrx_word' id='word_1_412' title='bbox 929 2253 1134 2292; x_wconf 77' lang='lat' dir='ltr'><strong>adhibeatur3</strong></span> <span class='ocrx_word' id='word_1_413' title='bbox 1162 2258 1326 2291; x_wconf 87' lang='lat' dir='ltr'><strong>utramque</strong></span> <span class='ocrx_word' id='word_1_414' title='bbox 1354 2257 1457 2282; x_wconf 85' lang='lat' dir='ltr'><strong>autem</strong></span> <span class='ocrx_word' id='word_1_415' title='bbox 1485 2260 1597 2281; x_wconf 81' lang='lat' dir='ltr'><strong>vocem</strong></span> <span class='ocrx_word' id='word_1_416' title='bbox 1624 2250 1798 2288; x_wconf 77' lang='lat' dir='ltr'><strong>coniunxit,</strong></span> <span class='ocrx_word' id='word_1_417' title='bbox 1827 2253 1857 2277; x_wconf 86' lang='lat' dir='ltr'><strong>ut</strong></span> <span class='ocrx_word' id='word_1_418' title='bbox 1875 2247 1975 2275; x_wconf 92' lang='lat' dir='ltr'><strong>omnis</strong></span> 
     </span>
    </p>
   </div>
   <div class='ocr_carea' id='block_1_9' title="bbox 198 2317 703 2359">
    <p class='ocr_par' dir='ltr' id='par_1_10' title="bbox 198 2317 703 2359">
     <span class='ocr_line' id='line_1_34' title="bbox 198 2317 703 2359; baseline 0 -11"><span class='ocrx_word' id='word_1_419' title='bbox 198 2317 327 2359; x_wconf 86' lang='lat' dir='ltr'><strong>generis</strong></span> <span class='ocrx_word' id='word_1_420' title='bbox 355 2318 481 2358; x_wconf 83' lang='lat' dir='ltr'><strong>rapinas</strong></span> <span class='ocrx_word' id='word_1_421' title='bbox 508 2317 703 2358; x_wconf 86' lang='lat' dir='ltr'><strong>designaret.</strong></span> 
     </span>
    </p>
   </div>
   <div class='ocr_carea' id='block_1_10' title="bbox 198 2406 1979 2577">
    <p class='ocr_par' dir='ltr' id='par_1_11' title="bbox 198 2406 1979 2577">
     <span class='ocr_line' id='line_1_35' title="bbox 198 2406 1979 2452; baseline -0.007 -8"><span class='ocrx_word' id='word_1_422' title='bbox 198 2415 251 2444; x_wconf 76' lang='lat'><strong>21.</strong></span> <span class='ocrx_word' id='word_1_423' title='bbox 275 2414 364 2445; x_wconf 75' lang='lat' dir='ltr'><strong>Gens</strong></span> <span class='ocrx_word' id='word_1_424' title='bbox 386 2414 521 2444; x_wconf 76' lang='lat' dir='ltr'><strong>Hodsail</strong></span> <span class='ocrx_word' id='word_1_425' title='bbox 541 2424 559 2442; x_wconf 85' lang='lat' dir='ltr'><strong>a</strong></span> <span class='ocrx_word' id='word_1_426' title='bbox 581 2423 650 2443; x_wconf 81' lang='lat' dir='ltr'><strong>mea</strong></span> <span class='ocrx_word' id='word_1_427' title='bbox 668 2418 761 2452; x_wconf 81' lang='lat' dir='ltr'><strong>parte</strong></span> <span class='ocrx_word' id='word_1_428' title='bbox 779 2424 836 2451; x_wconf 81' lang='lat' dir='ltr'><strong>per</strong></span> <span class='ocrx_word' id='word_1_429' title='bbox 858 2413 1016 2443; x_wconf 79' lang='lat' dir='ltr'><strong>liberalem</strong></span> <span class='ocrx_word' id='word_1_430' title='bbox 1039 2413 1164 2450; x_wconf 74' lang='lat' dir='ltr'><strong>adflicta</strong></span> <span class='ocrx_word' id='word_1_431' title='bbox 1187 2415 1250 2447; x_wconf 77' lang='lat' dir='ltr'><strong>est,</strong></span> <span class='ocrx_word' id='word_1_432' title='bbox 1287 2413 1342 2450; x_wconf 72' lang='lat' dir='ltr'><strong>qui</strong></span> <span class='ocrx_word' id='word_1_433' title='bbox 1371 2410 1447 2439; x_wconf 75' lang='lat' dir='ltr'><strong>muli</strong></span> <span class='ocrx_word' id='word_1_434' title='bbox 1465 2410 1594 2448; x_wconf 72' lang='lat' dir='ltr'><strong>fastidio</strong></span> <span class='ocrx_word' id='word_1_435' title='bbox 1625 2416 1688 2435; x_wconf 74' lang='lat' dir='ltr'><strong>non</strong></span> <span class='ocrx_word' id='word_1_436' title='bbox 1709 2409 1849 2443; x_wconf 78' lang='lat' dir='ltr'><strong>capitur,</strong></span> <span class='ocrx_word' id='word_1_437' title='bbox 1880 2406 1979 2434; x_wconf 59' lang='lat' dir='ltr'><strong>donee</strong></span> 
     </span>
     <span class='ocr_line' id='line_1_36' title="bbox 833 2468 1292 2506; baseline -0.004 -10"><span class='ocrx_word' id='word_1_438' title='bbox 833 2501 838 2503; x_wconf 47' lang='grc'><strong>,</strong></span> <span class='ocrx_word' id='word_1_439' title='bbox 881 2469 943 2504; x_wconf 78' lang='lat' dir='ltr'><strong>ipsi</strong></span> <span class='ocrx_word' id='word_1_440' title='bbox 960 2468 1090 2506; x_wconf 79' lang='lat' dir='ltr'><strong>fastidio</strong></span> <span class='ocrx_word' id='word_1_441' title='bbox 1113 2469 1292 2504; x_wconf 81' lang='lat' dir='ltr'><strong>capiuntur.</strong></span> 
     </span>
     <span class='ocr_line' id='line_1_37' title="bbox 296 2528 1976 2577; baseline -0.007 -10"><span class='ocrx_word' id='word_1_442' title='bbox 296 2536 442 2575; x_wconf 73' lang='lat' dir='ltr'><strong>Ultimis,</strong></span> <span class='ocrx_word' id='word_1_443' title='bbox 467 2545 558 2576; x_wconf 88' lang='lat' dir='ltr'><strong>quam</strong></span> <span class='ocrx_word' id='word_1_444' title='bbox 585 2536 614 2565; x_wconf 93' lang='lat' dir='ltr'><strong>in</strong></span> <span class='ocrx_word' id='word_1_445' title='bbox 641 2541 771 2577; x_wconf 85' lang='lat' dir='ltr'><strong>gentem</strong></span> <span class='ocrx_word' id='word_1_446' title='bbox 785 2536 917 2566; x_wconf 86' lang='lat' dir='ltr'><strong>Hodsail</strong></span> <span class='ocrx_word' id='word_1_447' title='bbox 945 2536 1125 2576; x_wconf 79' lang='lat' dir='ltr'><strong>obtinuerit,</strong></span> <span class='ocrx_word' id='word_1_448' title='bbox 1152 2535 1340 2565; x_wconf 81' lang='lat' dir='ltr'><strong>mentionem</strong></span> <span class='ocrx_word' id='word_1_449' title='bbox 1371 2533 1501 2569; x_wconf 77' lang='lat' dir='ltr'><strong>faciens,</strong></span> <span class='ocrx_word' id='word_1_450' title='bbox 1526 2540 1564 2560; x_wconf 92' lang='lat' dir='ltr'><strong>se</strong></span> <span class='ocrx_word' id='word_1_451' title='bbox 1591 2531 1694 2569; x_wconf 88' lang='lat' dir='ltr'><strong>ipsum</strong></span> <span class='ocrx_word' id='word_1_452' title='bbox 1722 2533 1870 2567; x_wconf 86' lang='lat' dir='ltr'><strong>tanquam</strong></span> <span class='ocrx_word' id='word_1_453' title='bbox 1896 2528 1976 2557; x_wconf 83' lang='lat' dir='ltr'><strong>libe-</strong></span> 
     </span>
    </p>
   </div>
   <div class='ocr_carea' id='block_1_11' title="bbox 201 2590 1979 2641">
    <p class='ocr_par' dir='ltr' id='par_1_12' title="bbox 201 2590 1979 2641">
     <span class='ocr_line' id='line_1_38' title="bbox 201 2590 1979 2641; baseline -0.004 -14"><span class='ocrx_word' id='word_1_454' title='bbox 201 2598 295 2628; x_wconf 80' lang='lat' dir='ltr'><strong>ralem</strong></span> <span class='ocrx_word' id='word_1_455' title='bbox 320 2604 353 2628; x_wconf 88' lang='lat' dir='ltr'><strong>et</strong></span> <span class='ocrx_word' id='word_1_456' title='bbox 377 2602 577 2629; x_wconf 88' lang='lat' dir='ltr'><strong>constantem</strong></span> <span class='ocrx_word' id='word_1_457' title='bbox 612 2598 727 2628; x_wconf 82' lang='lat' dir='ltr'><strong>laudat.</strong></span> <span class='ocrx_word' id='word_1_458' title='bbox 788 2598 866 2628; x_wconf 79' lang='lat' dir='ltr'><strong>Voci</strong></span> <span class='ocrx_word' id='word_1_459' title='bbox 893 2599 982 2641; x_wconf 51' lang='lat'><strong>352¹&gt;</strong></span> <span class='ocrx_word' id='word_1_460' title='bbox 1014 2597 1216 2627; x_wconf 82' lang='lat' dir='ltr'><strong>liberalis</strong></span> <span class='ocrx_word' id='word_1_461' title='bbox 1252 2594 1516 2635; x_wconf 78' lang='lat' dir='ltr'><strong>significationem</strong></span> <span class='ocrx_word' id='word_1_462' title='bbox 1551 2591 1724 2632; x_wconf 84' lang='lat' dir='ltr'><strong>dederuut,</strong></span> <span class='ocrx_word' id='word_1_463' title='bbox 1759 2590 1835 2620; x_wconf 81' lang='lat' dir='ltr'><strong>mihi</strong></span> <span class='ocrx_word' id='word_1_464' title='bbox 1871 2596 1979 2620; x_wconf 85' lang='lat' dir='ltr'><strong>autem</strong></span> 
     </span>
    </p>
   </div>
  </div>
 </body>
</html>
