2155 2892
891 124 1162 157 -324-

130 232 163 258 et
190 226 267 257 alias
295 233 347 256 res
375 225 461 255 albas
500 223 672 263 mollesque
700 234 781 255 voce
808 224 993 265 significari.
1047 224 1138 262 Quae
1165 225 1255 255 vocis
1283 227 1451 268 peregrina
1478 226 1569 267 origo
1597 234 1696 257 causa
1724 236 1800 258 esse
1826 228 1918 259 vide-

129 294 189 329 tnr,
216 297 270 318 cur
304 292 337 317 et
363 289 461 327 Qui>
488 291 521 316 et
547 288 670 328 Uni-20«,
698 296 757 317 nec
784 296 845 316 non
874 286 1016 317 fortasse
1049 289 1165 318 eima>
1201 288 1435 327 pronuncietur.
1488 289 1574 318 Num
1618 289 1656 318 ab
1695 289 1770 319 urbe
1803 291 1919 330 Syriae

130 352 288 381 Damasco
314 349 469 388 (ajam)
496 357 609 379 nomen
637 351 808 389 acceperit,
836 349 982 380 dubitare
1015 351 1095 380 licet.
1126 350 1345 380 Extremarum
1365 354 1469 381 autem
1498 352 1633 390 partium
1661 351 1751 380 nubis
1781 353 1918 382 mentio-

129 424 198 444 nem
248 412 337 451 fecit‚
376 412 456 452 quod
491 413 561 442 sole
598 412 680 442 nube
718 417 805 443 teoto
844 421 971 452 semper
1010 413 1208 452 splendeant.
1283 413 1451 443 Namarita
1484 414 1566 443 hunc
1605 421 1735 443 versum
1769 418 1914 454 tanquam

128 477 223 517 priori
258 475 449 506 contrarium
478 475 668 514 reprobasse
704 474 827 504 dicitur.
893 475 1024 505 Poetam
1061 475 1091 504 in
1118 475 1222 514 priore
1248 474 1390 505 feminam
1425 474 1656 515 descripsisse3
1698 477 1781 506 hunc
1810 479 1913 507 autem

127 541 167 572 ad
200 541 354 571 camelam
394 542 577 579 respicere,
617 541 663 569 ita
705 543 740 568 ut
775 537 929 578 quaedam
958 547 1045 577 parS,
1075 547 1136 576 qua
1164 547 1232 567 cum
1261 537 1364 576 priore
1391 537 1618 578 coniungatur,
1656 538 1750 568 desit.
1815 539 1917 569 Huius

130 603 319 643 posterioris
346 612 479 633 sensum
504 612 591 640 esse,
618 601 766 632 camelam
794 600 926 631 caudam
954 600 983 629 in
1011 600 1139 630 dorsum
1168 599 1324 629 attollere.
1386 599 1470 629 Esse
1500 608 1633 640 quoque,
1662 601 1713 640 qui
1739 599 1830 632 :fialae
1856 603 1917 651 δή

132 672 318 697 »extremae
353 671 460 706 partes
497 665 639 695 fasciae«
671 664 780 705 legant
808 667 838 693 et
865 663 945 693 hanc
964 671 1076 692 vocem
1104 663 1178 691 voci
1204 664 1309 701 waes>
1343 661 1461 700 (serico
1488 662 1577 703 albo)
1604 664 1707 705 magis
1735 665 1917 705 convenire,

128 729 322 760 scholiastes
349 728 521 759 adnotavit.

128 827 159 856 4.
204 826 250 855 Et
273 825 405 855 candido
425 824 543 861 yracili
562 827 593 852 et
614 826 684 852 utre
707 826 738 851 el
756 821 865 860 puella
882 824 913 850 et
932 821 1019 859 flavo
1042 818 1155 861 (vino)
1180 823 1213 849 in
1230 821 1298 850 albo
1321 818 1449 861 (vase),
1472 823 1564 851 cicius
1585 825 1676 851 nolae
1697 823 1785 852 albae
1805 825 1838 852 in
1858 833 1918 861 pe-

893 878 984 905 dibus
1005 880 1167 914 apparent.

127 949 159 978 5.
204 947 308 983 Quum
329 949 397 976 eius
416 955 494 984 pars
519 948 552 974 in
572 945 720 983 poculum
743 944 929 983 effunditur,
965 944 1094 972 rubrum
1124 943 1245 971 habens
1278 942 1411 971 colorem
1435 943 1545 972 odores
1564 944 1717 982 tltffumlil,
1732 945 1804 973 dum
1818 954 1918 982 parva

773 1000 841 1027 eius
860 1007 939 1035 pars
960 998 1097 1026 bibentes
1121 997 1261 1028 delectat,

226 1071 326 1100 Hisce
351 1069 510 1107 versibus,
538 1070 588 1108 qui
615 1068 645 1098 in
672 1067 827 1098 Mersukii
854 1066 963 1096 codice
991 1066 1223 1107 desiderantur,
1251 1076 1303 1096 res
1331 1067 1422 1107 alias,
1451 1067 1565 1106 quibus
1592 1066 1771 1097 delectatus
1789 1068 1841 1107 sit,
1858 1067 1918 1098 de-

127 1133 249 1173 scribit,
277 1132 308 1161 in
334 1132 446 1171 quibus
476 1136 581 1162 autem
609 1129 827 1160 describendis
856 1138 950 1168 quum
979 1128 1131 1158 interdum
1161 1128 1327 1158 adiectivis
1356 1138 1435 1159 usus
1461 1129 1515 1165 sit,
1531 1138 1592 1159 non
1619 1139 1729 1160 ornnes
1757 1140 1809 1160 res
1833 1131 1919 1160 clare

126 1199 294 1235 apparent.
319 1194 409 1223 Initio
436 1193 570 1223 dubitari
601 1195 716 1232 potest,
744 1200 836 1230 quam
866 1201 932 1221 rem
960 1200 1025 1220 vox
1041 1188 1129 1230 0495
1156 1191 1281 1221 albus
1308 1190 1470 1232 designet,
1489 1201 1582 1232 quum
1609 1192 1796 1223 adiectivum
1809 1194 1920 1233 ⁸3:³³⁴·

125 1268 197 1289 curn
225 1267 263 1288 ea
283 1259 483 1287 coniunctum
510 1256 616 1285 varias
641 1254 893 1296 significationes
930 1253 1053 1284 offerat.
1105 1254 1256 1283 Iuvenem
1282 1262 1484 1294 generosum,
1511 1261 1603 1293 quem
1629 1254 1659 1283 in
1685 1254 1760 1284 vino
1787 1254 1919 1285 bibendo

127 1320 249 1350 socium
276 1318 336 1348 sibi
363 1317 571 1355 adiunxisset,
590 1317 763 1357 significari
789 1316 929 1347 coniicio.
960 1317 1050 1347 Voce
1069 1313 1163 1356 ‘istm
1188 1315 1295 1345 vinum
1323 1325 1365 1345 ex
1393 1317 1466 1345 uvis
1493 1315 1570 1345 albis
1597 1324 1789 1354 expressum
1815 1315 1920 1356 signi-

127 1381 250 1419 ficetur,
277 1380 328 1410 cui
355 1383 458 1410 autem
485 1378 710 1419 significationi
738 1389 804 1409 vox
832 1377 947 1420 W,
974 1388 1036 1419 qua
1062 1379 1126 1408 vini
1154 1379 1241 1409 color
1267 1379 1433 1409 obscurior
1464 1379 1674 1419 significatur,
1703 1388 1765 1408 non
1791 1381 1917 1409 omnino

125 1449 201 1484 apta
227 1444 360 1474 videtur.
427 1444 544 1474 Vinum
581 1443 678 1473 fuisse
711 1443 740 1472 in
775 1453 857 1473 vase
887 1440 1024 1483 [ὡκ
1051 1438 1087 1477 el?
1114 1439 1218 1479 sung.
1269 1442 1345 1472 Vox
1371 1438 1466 1479 xlma
1493 1441 1619 1480 (alba)
1646 1441 1769 1470 nonnisi
1796 1440 1835 1471 de
1862 1450 1914 1471 ar-

126 1512 224 1548 gento
253 1506 386 1547 intelligi
414 1510 530 1545 potest.
560 1506 628 1536 Hoc
655 1515 714 1535 vas
743 1516 813 1536 cum
843 1514 925 1545 equo
953 1510 1008 1534 aut
1035 1505 1139 1544 puella
1166 1509 1384 1543 comparatum
1412 1514 1496 1543 esse,
1522 1515 1564 1534 ex
1591 1505 1700 1535 verbis
1728 1503 1865 1546 [43ρβ
1880 1503 1917 1543 013

126 1569 279 1605 videmus,
308 1578 376 1599 nam
404 1578 469 1598 vox
492 1569 595 1605 deq>
623 1573 686 1598 tam
713 1568 750 1598 de
778 1568 867 1608 pedis
895 1571 1092 1605 ornamento,
1120 1575 1180 1605 quo
1209 1566 1344 1596 feminae
1374 1567 1553 1607 utebantur,
1574 1576 1667 1606 quam
1692 1566 1730 1596 de
1757 1568 1840 1597 notis
1867 1569 1916 1598 al-

126 1631 172 1661 bis
200 1630 230 1660 in
257 1630 329 1669 equi
355 1630 500 1670 pedibus,
527 1640 609 1670 quae
636 1639 703 1660 cum
730 1631 789 1660 illis
809 1629 1012 1669 compedibus
1044 1634 1279 1670 comparantur,
1306 1628 1440 1669 intelligi
1468 1633 1587 1668 potest,
1655 1630 1760 1660 Maius
1788 1640 1859 1669 vaS,
1886 1631 1916 1660 in

127 1693 210 1732 quod
238 1703 279 1723 ex
307 1697 377 1722 utre
404 1694 511 1722 vinum
542 1692 730 1729 indebatur,
769 1692 943 1733 significari
969 1692 1124 1731 idemque,
1166 1690 1250 1731 qnod
1276 1690 1372 1734 μέν’-,49
1401 1690 1589 1730 appellatur,
1621 1695 1673 1722 aut
1698 1701 1758 1722 non
1785 1693 1915 1723 multum

124 1754 288 1785 diversum
316 1754 439 1793 (conf.
467 1754 559 1784 Ham.
586 1764 614 1794 p.
642 1752 704 1796 005)
719 1754 820 1786 fuisse
846 1760 933 1794 puto.
960 1755 1104 1784 Formam
1128 1755 1197 1783 eius
1226 1752 1427 1783 artificiosam
1456 1752 1567 1793 fuisse,
1591 1763 1607 1782 e
1635 1754 1704 1783 loco
1732 1754 1842 1785 Ham.
1868 1760 1915 1787 οοΊ

124 1828 156 1851 ν.
185 1817 217 1847 6.
245 1816 399 1847 coniicere
426 1815 508 1856 licet,
535 1816 565 1845 in
593 1825 653 1855 quo
681 1824 748 1846 cum
776 1825 891 1845 ansere
917 1818 1127 1854 comparatur.
1184 1815 1218 1844 In
1251 1814 1430 1854 posteriore
1456 1824 1555 1844 versu
1587 1817 1694 1846 vinum
1719 1816 1825 1846 colore
1858 1817 1917 1847 ob-

124 1889 220 1910 scuro
248 1879 423 1919 praeditum
450 1877 595 1917 forteque
622 1878 820 1919 designatur.
872 1879 947 1908 Vox
973 1875 1077 1913 »νομί
1103 1877 1240 1906 colorem
1269 1877 1333 1907 vini
1363 1877 1446 1907 rubri
1472 1879 1492 1908 i.
1513 1888 1541 1908 e,
1568 1878 1596 1907 in
1623 1888 1685 1918 quo
1712 1879 1800 1919 niger
1831 1880 1916 1910 color

123 1946 195 1971 eum
221 1941 314 1971 rubro
342 1941 456 1971 mixtus
483 1944 545 1978 est,
574 1940 733 1982 designat.
763 1940 899 1970 Odorem
916 1939 1066 1970 exhalare
1085 1939 1156 1970 boni
1184 1940 1246 1970 vini
1275 1942 1342 1981 es23
1371 1939 1459 1970 fortis
1481 1945 1586 1970 autem
1606 1940 1761 1984 bibentes,
1777 1942 1804 1971 si
1834 1951 1915 1981 pau-

125 2008 195 2033 cum
219 2007 411 2041 sumserunt,
441 2001 630 2033 exhilarare.

934 2136 1112 2171 xxlv.

381 2213 704 2247 Abba-Anah
727 2215 774 2249 b.
797 2215 1128 2250 Aldomainah
1154 2216 1494 2251 Chatsahmita
1520 2215 1657 2251 dixit.

125 2283 152 2311 Ι.
208 2283 254 2312 Et
284 2292 379 2321 quum
407 2282 528 2320 pilenta
558 2284 788 2320 attigissemus,
820 2295 951 2323 quorum
980 2286 1098 2315 aditum
1125 2288 1367 2315 ainwa-tenuato
1395 2289 1503 2315 ventre
1529 2286 1692 2324 praedam
1720 2287 1911 2325 defendebat,

713 2340 803 2367 cuius
825 2338 949 2368 humeri
970 2341 1109 2368 tunicam
1135 2339 1327 2374 rumpebant.

226 2407 271 2437 Se
299 2405 455 2437 desiderio
482 2406 650 2446 impulsum
678 2406 824 2436 feminam
853 2407 891 2436 ab
916 2408 986 2446 ipso
1013 2413 1149 2441 amatam
1177 2408 1206 2437 in
1234 2408 1345 2438 itinere
1372 2413 1516 2439 secutum
1546 2419 1633 2450 esse,
1659 2408 1741 2439 dicit.
1788 2410 1910 2440 Versus

125 2469 175 2499 hic
202 2478 270 2499 cum
296 2478 395 2499 versu
422 2470 514 2498 tertio
550 2468 710 2498 cohaeret.
773 2467 848 2498 vox
873 2469 952 2506 ζμ»-
979 2469 1104 2509 proprie
1133 2478 1211 2499 onus
1240 2469 1411 2511 designans
1440 2475 1505 2501 tum
1531 2471 1650 2510 pilenti,
1678 2470 1763 2510 quod
1789 2471 1911 2501 camelo

125 2532 211 2560 oneri
247 2536 318 2572 est,
357 2531 625 2573 significationem
668 2531 804 2569 accepit.
868 2529 1019 2560 Feminae
1062 2535 1189 2572 autem,
1235 2542 1313 2572 quas
1340 2538 1473 2564 secutus
1505 2538 1577 2571 est,
1611 2543 1630 2563 a
1668 2533 1736 2562 viro
1764 2533 1910 2564 custodi-

126 2598 175 2624 tae
210 2599 318 2634 erant,
356 2603 447 2632 quein
474 2593 561 2623 tenui
587 2596 698 2622 ventre
733 2595 764 2622 et
800 2591 936 2622 humeris
966 2591 1049 2622 haud
1076 2593 1221 2624 carnosis
1249 2595 1410 2635 largisque
1434 2594 1609 2634 praeditum
1635 2593 1794 2625 describit.
1849 2595 1907 2625 Vir
