2155 2892
964 177 1012 184 -.
1066 161 1106 191 21
1163 178 1211 184 -

208 264 307 295 oedus
335 264 415 294 inter
443 274 480 294 se
508 263 675 304 pepigerit.
711 262 826 292 Forma
853 265 905 291 ant
935 260 1136 300 praeteritum
1163 264 1214 290 est
1242 259 1270 289 in
1301 269 1412 289 nomen
1440 263 1592 289 mutatum
1620 265 1673 290 aut
1701 269 1813 290 nomen
1842 260 1976 290 actionis

194 327 316 356 abiecta
347 327 451 357 littera
479 331 509 355 Β.
546 325 614 364 Vir,
642 334 659 354 a
687 334 746 364 quo
774 334 856 363 gens
884 324 1037 364 orig-inem
1065 323 1164 363 duxit,
1193 323 1273 352 lilius
1302 322 1431 352 Amnuri
1459 326 1547 361 erat,
1577 327 1609 351 ut
1636 322 1673 351 ad
1701 327 1831 362 gentem
1859 321 1977 352 Manlid

195 370 370 427 pertineret
396 388 499 418 conf.
527 387 743 418 Ebu-Kotaib.
766 397 795 426 p.
814 386 869 416 63.
899 386 1012 417 Gentis
1041 386 1068 414 in
1097 395 1195 415 versu
1223 394 1242 414 u
1270 383 1466 414 sitnm-uitii«)
1494 383 1523 412 in
1550 383 1627 412 libro
1656 392 1712 412 suo
1740 384 1835 413 citato
1860 385 1978 413 mentio

195 452 343 482 sactaest
359 454 466 491 (metr.
482 450 645 486 Thau-in:
673 451 760 481 Non
789 455 874 480 erat
905 450 984 479 nisi
1009 448 1137 487 pullio
1166 451 1203 477 et
1229 453 1354 476 veste
1383 447 1573 486 pretiosa
1604 446 1754 476 induta
1778 452 1978 487 tempore,

194 524 270 553 quo
295 515 678 545 Ebu-Hammonius
707 514 936 553 ingentem
964 511 1196 542 Cliatsnlim
1224 509 1736 540 incursionemhostilem
1765 509 1939 539 fuceret.

194 634 221 663 1.
259 634 391 672 Tempus
410 644 550 671 paucum
573 634 661 663 liam!
681 636 839 672 accipiens
865 636 969 671 prima
1000 636 1062 662 vice
1092 635 1254 673 alteraque
1288 635 1396 663 bibens
1425 633 1582 673 sanu'liam
1615 632 1734 662 Alrlnlu'
1760 631 1977 669 familiamque

896 688 1063 718 Aluswmli
1083 691 1262 719 consumsit.

289 758 428 797 Tempus
456 767 524 788 cum
552 758 671 787 camelo
700 758 826 788 bibente
854 767 1042 798 comparans
1071 762 1101 789 et
1128 758 1272 788 homines
1300 768 1370 788 cum
1398 766 1479 797 aqua
1514 766 1575 787 una
1609 756 1773 795 alteraque
1799 755 1870 785 vice
1897 753 1977 784 duas

192 819 261 850 illas
287 819 420 850 familias
449 820 627 859 perdidisse
657 820 738 851 dicit.
770 821 830 851 llic
858 821 1060 860 comparandi
1090 821 1202 851 modus
1231 822 1354 851 nonnisi
1381 821 1482 850 semel
1510 821 1539 850 in
1567 821 1710 850 llamasa
1737 819 1883 849 occurrit.
1912 818 1978 847 Ista

191 886 297 912 autem
323 884 559 922 comparatione
587 893 665 914 usus
693 870 857 914 continuas
874 883 1083 922 calamitates,
1111 885 1224 923 quibus
1253 885 1335 913 istae
1355 888 1472 924 gentes
1492 887 1679 913 consumtae
1700 882 1774 922 sint,
1803 881 1979 922 depingere

191 945 271 975 vult.
323 945 434 976 Verba
458 942 499 980 dli
526 961 568 984 0⁴
593 947 731 986 elliptice
763 947 848 978 dicta
880 952 955 977 sunt
989 956 1045 986 pro
1074 944 1114 981 k§ll
1142 950 1221 984 ’τέῳ
1247 947 1290 974 she
1317 961 1360 984 (Γ
1390 955 1451 976 »ex
1478 955 1561 985 aqua
1587 946 1676 974 vitae
1704 944 1872 974 familiae«.
1927 943 1978 972 Ex

191 1008 437 1039 homoioteleuto
464 1018 580 1039 versus
607 1009 636 1039 in
663 1012 796 1049 utroque
823 1010 1023 1040 hemistichio
1051 1010 1196 1040 carminis
1225 1009 1346 1039 initium
1373 1018 1449 1038 esse
1475 1008 1708 1048 cognoscimus.

191 1119 222 1146 2.
247 1116 377 1147 Omnem
397 1118 541 1154 nmnjhus
563 1118 730 1154 liberalem,
757 1129 853 1157 quum
875 1122 987 1149 ventus
1011 1120 1153 1158 obliquus
1172 1122 1233 1159 slat
1254 1122 1412 1148 invertens
1436 1119 1560 1147 caulam
1583 1119 1735 1146 clausam.

290 1187 455 1217 Familiam
483 1188 574 1218 istam
601 1187 761 1218 liberalem
790 1188 890 1219 suisse-
920 1195 1063 1229 tempore
1091 1190 1168 1220 duro
1198 1189 1336 1231 hiemis,
1372 1188 1401 1218 in
1437 1197 1499 1227 qua
1526 1188 1714 1217 liberalitate
1742 1186 1845 1216 luctus
1871 1184 1977 1225 magni

192 1258 288 1280 causa
314 1250 461 1280 cernitur.
513 1251 622 1281 Verba
647 1251 697 1289 ,μ’
723 1266 765 1290 0-
791 1256 854 1282 etc.
883 1253 1092 1292 appositionis
1120 1252 1188 1282 loco
1215 1257 1288 1281 sunt
1316 1252 1444 1284 verbis:
1471 1247 1511 1285 ..lli
1532 1265 1574 1288 0*-
1593 1250 1622 1280 in
1645 1259 1744 1279 versu
1762 1249 1878 1288 priore,
1905 1247 1978 1276 dum

190 1312 386 1351 praepositio
413 1314 551 1351 repetita
577 1317 637 1343 est.
667 1314 742 1344 Vox
768 1323 885 1355 regens
912 1319 1030 1353 autem,
1062 1324 1138 1345 casu
1165 1315 1308 1355 genitivo
1338 1318 1509 1354 sequente,
1537 1323 1636 1352 saepe
1664 1313 1829 1352 repetitur.
1867 1311 1924 1340 Sic
1948 1310 1980 1339 in

191 1372 309 1403 Corani
335 1373 404 1404 loco
431 1373 505 1404 Sur.
537 1375 571 1415 '77
600 1374 656 1405 73.
683 1377 877 1415 praepositio
904 1375 944 1412 ὁ.
995 1378 1088 1407 Haec
1118 1377 1267 1416 repetitio
1303 1376 1494 1416 appositioni
1531 1375 1761 1405 confirmandae
1798 1372 1979 1403 inserviens

189 1438 399 1475 posteriorem
427 1437 465 1467 ad
495 1437 630 1476 priorem
656 1441 816 1478 pertinere
842 1439 970 1470 indicat.
1028 1439 1249 1480 Ebu-Djinni
1274 1441 1500 1480 grammaticus
1528 1438 1620 1468 huius
1650 1438 1694 1467 rei
1722 1446 1853 1467 causam
1880 1435 1910 1464 in
1939 1441 1978 1464 eo

189 1509 266 1530 esse
293 1500 381 1539 dixit,
411 1502 493 1541 quod
520 1503 713 1542 praepositio
740 1512 811 1533 cum
837 1505 961 1533 nomine
986 1503 1152 1533 coniuncta
1179 1512 1241 1532 una
1269 1506 1389 1532 tantum
1418 1511 1493 1541 pars
1520 1501 1581 1541 sit,
1618 1509 1696 1539 quae
1733 1509 1786 1528 res
1820 1507 1922 1536 neque
1949 1497 1981 1526 in

188 1565 382 1595 nominativo
409 1575 513 1604 neque
539 1566 570 1595 in
597 1568 786 1595 accusativo
813 1574 883 1595 cum
911 1571 1046 1606 regente
1072 1576 1131 1596 suo
1160 1566 1291 1596 accidat.
1346 1565 1450 1603 Quum
1481 1564 1638 1595 beneficia
1670 1574 1742 1594 cum
1775 1563 1911 1592 nubibus
1948 1564 1980 1590 et

188 1627 298 1666 pluvia
325 1628 430 1658 cons.
461 1628 552 1657 [lam.
580 1638 610 1667 p.
639 1629 702 1658 &w
728 1638 758 1657 v.
790 1628 820 1660 7.
847 1637 881 1666 pr
903 1629 936 1658 ‘lli
964 1639 996 1658 v.
1028 1629 1058 1658 1.
1085 1633 1117 1658 et
1145 1629 1289 1659 Ynllers.
1327 1628 1367 1658 ad
1392 1628 1524 1657 Harets.
1560 1627 1670 1657 Moall.
1697 1635 1730 1656 v.
1761 1625 1818 1654 57.
1845 1627 1875 1653 et
1903 1622 1981 1652 mari

190 1688 296 1718 conf.
323 1690 414 1719 Ham.
443 1699 474 1729 p.
500 1691 536 1719 ⁸15·
561 1699 593 1719 v.
624 1690 654 1721 1.
688 1689 905 1730 conferantur,
939 1699 1051 1720 vocem
1077 1687 1168 1729 Ocho
1195 1690 1418 1721 exundans
1445 1690 1484 1719 de
1511 1690 1580 1719 viro
1607 1687 1751 1718 benefico
1779 1686 1919 1717 adhibuit
1945 1689 1979 1714 et

189 1760 298 1781 manus
325 1751 522 1782 exundantes
550 1751 629 1782 dixit
656 1757 764 1791 poeta,
794 1752 910 1792 qnippe
939 1761 1019 1791 quae
1046 1753 1076 1783 in
1102 1753 1265 1784 beneficiis
1285 1753 1486 1784 conserendis
1507 1756 1680 1791 occupatae
1700 1752 1774 1780 sint.
1803 1749 1878 1779 Vox
1898 1743 1981 1784 ”lqnss

190 1814 307 1843 omisso
341 1814 543 1844 substantivo
571 1826 630 1864 ἐκέ)
655 1812 806 1858 (ventus)
836 1820 967 1845 ventum
995 1826 1013 1846 a
1041 1823 1175 1857 quatuor
1209 1816 1313 1846 ventis
1352 1817 1449 1846 rectis
1486 1816 1601 1855 plagae
1637 1814 1715 1844 coeli
1751 1813 1978 1843 deflectentem

190 1875 346 1917 designat.
401 1876 495 1906 Venti
523 1877 552 1906 hi
581 1886 672 1916 quum
700 1877 803 1917 frigidi
831 1878 1103 1918 veliementesque
1130 1880 1205 1920 sint,
1234 1884 1368 1919 tempus,
1397 1888 1458 1918 quo
1488 1878 1580 1917 flant,
1609 1878 1720 1907 sterile
1748 1881 1809 1906 est.
1838 1876 1978 1905 Ventum

190 1939 283 1968 istum
311 1939 533 1969 vehementem
562 1949 650 1980 esse,
678 1940 707 1968 in
735 1941 912 1979 posteriore
940 1950 1058 1971 versus
1086 1947 1175 1980 parte
1203 1951 1388 1981 exponens,
1417 1943 1449 1971 vi
1477 1950 1536 1970 sua
1571 1939 1741 1969 inflectere
1776 1941 1806 1967 ct
1834 1936 1979 1975 abripere

190 2001 297 2031 caulas
323 2006 418 2040 poeta
445 2001 529 2031 dicit.
585 2001 707 2031 Caniae
735 2002 815 2031 enim
846 2012 885 2032 ex
913 2003 1077 2033 arboribus
1105 2007 1213 2033 contra
1241 2009 1410 2033 ventorum
1438 2005 1503 2033 vim
1533 2007 1566 2032 et
1592 2002 1695 2041 frigus
1716 2000 1975 2030 exstruebantur.

190 2064 261 2093 liae
287 2062 390 2092 limine
417 2063 522 2094 addito
552 2064 691 2093 firmatae
719 2070 827 2104 erant,
864 2070 897 2094 ut
924 2067 1048 2096 nonnisi
1075 2065 1125 2094 vis
1152 2067 1250 2096 maior
1276 2075 1331 2096 eas
1359 2066 1484 2096 auferre
1513 2064 1643 2094 valeret.
1697 2064 1730 2092 In
1759 2063 1876 2093 Coi-ani
1904 2062 1972 2091 loco

190 2126 264 2155 Sur.
298 2127 375 2156 104.
403 2129 435 2155 ὃ.
471 2128 658 2157 vocabulum
694 2133 807 2168 {modu-2
841 2138 922 2157 voce
958 2126 1055 2165 &54:220
1089 2134 1220 2169 tecta,
1258 2132 1408 2167 operta
1445 2127 1632 2166 explicatur.
1695 2126 1823 2155 Versus
1860 2129 1975 2163 poetae

190 2188 422 2228 Nabegliab
452 2189 620 2228 Djaliditae
637 2187 659 2232 ¹)
688 2201 785 2220 sensu
814 2196 923 2220 nostro
952 2191 1064 2221 similis
1094 2201 1154 2220 non
1181 2196 1231 2220 cst
1258 2191 1365 2229 (metr.
1393 2190 1544 2228 RamaU:
1574 2189 1629 2218 Dc
1655 2188 1703 2218 ho
1716 2187 1902 2217 minibus
1931 2195 1977 2215 ea

190 2260 249 2280 me
277 2251 578 2291 interrogavit.
607 2254 802 2294 Perier03
832 2259 993 2292 tempus
1020 2263 1143 2292 super
1171 2254 1221 2283 iis
1249 2253 1335 2283 edit
1360 2253 1553 2291 bibitque
1580 2251 1599 2280 i.
1617 2261 1644 2281 e.
1676 2251 1823 2290 Longum
1847 2254 1974 2286 tempus

191 2313 392 2351 praeteritum
421 2319 469 2342 est
496 2318 530 2343 et
555 2313 697 2344 homiues
725 2319 799 2354 post
825 2324 881 2344 eos
909 2315 1043 2345 edentes
1071 2321 1103 2345 et
1131 2306 1274 2346 bibentes
1301 2321 1497 2346 mortuorum
1525 2315 1610 2344 obliti
1634 2319 1717 2344 sunt*

190 2420 222 2450 3.
245 2420 346 2449 Hodie
368 2425 469 2449 (tutem
494 2425 643 2459 (anquam
666 2422 854 2451 camelorum
877 2433 987 2460 (tyrnen
1011 2434 1029 2452 (ι
1050 2428 1147 2453 morse
1166 2425 1313 2462 propulsi
1339 2428 1429 2459 sunt,
1461 2425 1534 2453 dum
1564 2423 1646 2452 alius
1677 2422 1807 2456 vespert?
1836 2421 1978 2450 celeriter·

933 2479 1004 2512 abit,
1030 2479 1113 2508 alius
1136 2489 1236 2508 mane.

297 2546 451 2576 Homines
479 2549 578 2576 morte
605 2545 754 2585 abreptos
781 2551 845 2577 tum
874 2553 1004 2587 propter
1031 2548 1260 2579 multitudinem
1285 2553 1350 2578 tum
1365 2546 1446 2586 quod
1475 2546 1628 2576 resistere
1647 2555 1708 2575 non
1729 2549 1879 2585 possunt,
1906 2553 1982 2574 cum

208 2654 238 2682 1)
257 2655 328 2679 vixit
345 2659 464 2685 tempore
481 2656 630 2687 paganismi
650 2659 676 2680 et
695 2656 793 2680 [slami.
830 2657 957 2680 Diversus
975 2660 1016 2680 est
1033 2663 1050 2680 a
1067 2656 1230 2686 Nahegbaho
1250 2654 1421 2687 Dsobjauita,
1439 2656 1482 2687 qui
1501 2656 1549 2680 illo
1568 2655 1705 2686 posterior
1723 2658 1792 2679 erat.
