<?xml version="1.0" encoding="UTF-8"?>
<!DOCTYPE html PUBLIC "-//W3C//DTD XHTML 1.0 Transitional//EN"
    "http://www.w3.org/TR/xhtml1/DTD/xhtml1-transitional.dtd">
<html xmlns="http://www.w3.org/1999/xhtml" xml:lang="en" lang="en">
 <head>
  <title>
</title>
<meta http-equiv="Content-Type" content="text/html;charset=utf-8" />
  <meta name='ocr-system' content='tesseract 3.04.00' />
  <meta name='ocr-capabilities' content='ocr_page ocr_carea ocr_par ocr_line ocrx_word'/>
</head>
<body>
  <div class='ocr_page' id='page_1' title='image "./p2hamassaecarmin02abbiuoft_0118.png"; bbox 0 0 2155 2892; ppageno 0'>
   <div class='ocr_carea' id='block_1_1' title="bbox 884 103 1157 134">
    <p class='ocr_par' dir='ltr' id='par_1_1' title="bbox 884 103 1157 134">
     <span class='ocr_line' id='line_1_1' title="bbox 884 103 1157 134; baseline -0.007 1"><span class='ocrx_word' id='word_1_1' title='bbox 884 103 1157 134; x_wconf 77' lang='lat'>—108—</span> 
     </span>
    </p>
   </div>
   <div class='ocr_carea' id='block_1_2' title="bbox 123 200 1920 2490">
    <p class='ocr_par' dir='ltr' id='par_1_2' title="bbox 123 200 1920 2490">
     <span class='ocr_line' id='line_1_2' title="bbox 128 200 1913 247; baseline -0.005 -8"><span class='ocrx_word' id='word_1_2' title='bbox 128 208 249 246; x_wconf 86' lang='lat' dir='ltr'>eius,</span> <span class='ocrx_word' id='word_1_3' title='bbox 276 205 397 247; x_wconf 91' lang='lat' dir='ltr'>quod</span> <span class='ocrx_word' id='word_1_4' title='bbox 425 206 620 245; x_wconf 85' lang='lat' dir='ltr'>peregi,</span> <span class='ocrx_word' id='word_1_5' title='bbox 647 204 808 234; x_wconf 88' lang='lat' dir='ltr'>crines</span> <span class='ocrx_word' id='word_1_6' title='bbox 836 204 1110 234; x_wconf 84' lang='lat' dir='ltr'>anteriores</span> <span class='ocrx_word' id='word_1_7' title='bbox 1141 201 1349 241; x_wconf 66' lang='lat' dir='ltr'>(confluam.</span> <span class='ocrx_word' id='word_1_8' title='bbox 1369 211 1398 241; x_wconf 88' lang='lat' dir='ltr'>p.</span> <span class='ocrx_word' id='word_1_9' title='bbox 1417 200 1449 231; x_wconf 57' lang='grc' dir='ltr'><strong><em>Μ</em></strong></span> <span class='ocrx_word' id='word_1_10' title='bbox 1472 201 1490 231; x_wconf 87' lang='grc' dir='ltr'>Ι.</span> <span class='ocrx_word' id='word_1_11' title='bbox 1514 200 1588 240; x_wconf 85' lang='grc'><strong>11.)</strong></span> <span class='ocrx_word' id='word_1_12' title='bbox 1615 200 1913 241; x_wconf 80' lang='lat' dir='ltr'>incanuerint,</span> 
     </span>
     <span class='ocr_line' id='line_1_3' title="bbox 128 263 1914 308; baseline -0.003 -11"><span class='ocrx_word' id='word_1_13' title='bbox 128 266 192 307; x_wconf 74' lang='lat' dir='ltr'>(p,</span> <span class='ocrx_word' id='word_1_14' title='bbox 215 263 337 305; x_wconf 66' lang='lat'>422.)</span> <span class='ocrx_word' id='word_1_15' title='bbox 365 268 463 298; x_wconf 92' lang='lat' dir='ltr'>dum</span> <span class='ocrx_word' id='word_1_16' title='bbox 491 268 650 308; x_wconf 74' lang='lat' dir='ltr'>timeo,</span> <span class='ocrx_word' id='word_1_17' title='bbox 678 277 728 296; x_wconf 90' lang='lat' dir='ltr'>ne</span> <span class='ocrx_word' id='word_1_18' title='bbox 757 269 863 307; x_wconf 84' lang='lat' dir='ltr'>quis</span> <span class='ocrx_word' id='word_1_19' title='bbox 891 266 1038 296; x_wconf 86' lang='lat' dir='ltr'>dicat:</span> <span class='ocrx_word' id='word_1_20' title='bbox 1068 266 1213 295; x_wconf 80' lang='lat' dir='ltr'>Facto</span> <span class='ocrx_word' id='word_1_21' title='bbox 1240 273 1314 294; x_wconf 90' lang='lat' dir='ltr'>suo</span> <span class='ocrx_word' id='word_1_22' title='bbox 1342 264 1648 294; x_wconf 82' lang='lat' dir='ltr'><strong>adversatur</strong></span> <span class='ocrx_word' id='word_1_23' title='bbox 1676 268 1793 292; x_wconf 83' lang='lat' dir='ltr'>etue</span> <span class='ocrx_word' id='word_1_24' title='bbox 1820 264 1914 302; x_wconf 89' lang='lat' dir='ltr'>quis</span> 
     </span>
     <span class='ocr_line' id='line_1_4' title="bbox 128 324 1912 374; baseline -0.005 -12"><span class='ocrx_word' id='word_1_25' title='bbox 128 331 397 374; x_wconf 83' lang='lat' dir='ltr'>dignitatis</span> <span class='ocrx_word' id='word_1_26' title='bbox 436 341 560 361; x_wconf 82' lang='lat' dir='ltr'>meae</span> <span class='ocrx_word' id='word_1_27' title='bbox 599 335 909 361; x_wconf 88' lang='lat' dir='ltr'>exstructum</span> <span class='ocrx_word' id='word_1_28' title='bbox 947 327 1230 359; x_wconf 84' lang='lat' dir='ltr'>aedificium</span> <span class='ocrx_word' id='word_1_29' title='bbox 1272 326 1506 357; x_wconf 85' lang='lat' dir='ltr'>destruat</span> <span class='ocrx_word' id='word_1_30' title='bbox 1543 331 1575 355; x_wconf 88' lang='lat' dir='ltr'>et</span> <span class='ocrx_word' id='word_1_31' title='bbox 1609 324 1790 355; x_wconf 83' lang='lat' dir='ltr'>Molialhelo</span> <span class='ocrx_word' id='word_1_32' title='bbox 1817 324 1912 354; x_wconf 86' lang='lat' dir='ltr'>dixit:</span> 
     </span>
     <span class='ocr_line' id='line_1_5' title="bbox 127 387 1914 431; baseline -0.006 -6"><span class='ocrx_word' id='word_1_33' title='bbox 127 389 296 425; x_wconf 79' lang='lat' dir='ltr'>Profecto!</span> <span class='ocrx_word' id='word_1_34' title='bbox 325 394 372 424; x_wconf 86' lang='lat' dir='ltr'>Tu</span> <span class='ocrx_word' id='word_1_35' title='bbox 399 394 523 423; x_wconf 88' lang='lat' dir='ltr'>nonnisi</span> <span class='ocrx_word' id='word_1_36' title='bbox 550 394 714 423; x_wconf 90' lang='lat' dir='ltr'>mulierum</span> <span class='ocrx_word' id='word_1_37' title='bbox 743 392 906 422; x_wconf 84' lang='lat' dir='ltr'>consortio</span> <span class='ocrx_word' id='word_1_38' title='bbox 933 391 1115 431; x_wconf 75' lang='lat' dir='ltr'>delectariS,</span> <span class='ocrx_word' id='word_1_39' title='bbox 1143 394 1178 420; x_wconf 88' lang='lat' dir='ltr'>ut</span> <span class='ocrx_word' id='word_1_40' title='bbox 1203 390 1231 419; x_wconf 90' lang='lat' dir='ltr'>si</span> <span class='ocrx_word' id='word_1_41' title='bbox 1257 391 1387 420; x_wconf 90' lang='lat' dir='ltr'>occisus</span> <span class='ocrx_word' id='word_1_42' title='bbox 1414 391 1540 431; x_wconf 84' lang='lat' dir='ltr'>fuerim,</span> <span class='ocrx_word' id='word_1_43' title='bbox 1576 399 1632 429; x_wconf 92' lang='lat' dir='ltr'>pro</span> <span class='ocrx_word' id='word_1_44' title='bbox 1661 387 1817 428; x_wconf 81' lang='lat' dir='ltr'>sanguine</span> <span class='ocrx_word' id='word_1_45' title='bbox 1844 396 1914 416; x_wconf 89' lang='lat' dir='ltr'>meo</span> 
     </span>
     <span class='ocr_line' id='line_1_6' title="bbox 126 450 1915 497; baseline -0.006 -11"><span class='ocrx_word' id='word_1_46' title='bbox 126 457 173 486; x_wconf 90' lang='lat' dir='ltr'>lac</span> <span class='ocrx_word' id='word_1_47' title='bbox 199 457 337 496; x_wconf 85' lang='lat' dir='ltr'>accipies</span> <span class='ocrx_word' id='word_1_48' title='bbox 365 457 512 496; x_wconf 82' lang='lat' dir='ltr'>[caedem</span> <span class='ocrx_word' id='word_1_49' title='bbox 543 466 604 486; x_wconf 91' lang='lat' dir='ltr'>non</span> <span class='ocrx_word' id='word_1_50' title='bbox 638 453 824 497; x_wconf 83' lang='lat' dir='ltr'>ulciscens).</span> <span class='ocrx_word' id='word_1_51' title='bbox 884 456 963 485; x_wconf 88' lang='lat' dir='ltr'><strong>Post</strong></span> <span class='ocrx_word' id='word_1_52' title='bbox 998 456 1116 494; x_wconf 81' lang='lat' dir='ltr'>aliquot</span> <span class='ocrx_word' id='word_1_53' title='bbox 1148 454 1217 484; x_wconf 90' lang='lat' dir='ltr'>dies</span> <span class='ocrx_word' id='word_1_54' title='bbox 1257 463 1352 494; x_wconf 89' lang='lat' dir='ltr'>quum</span> <span class='ocrx_word' id='word_1_55' title='bbox 1380 454 1534 493; x_wconf 80' lang='lat' dir='ltr'>nuntium,</span> <span class='ocrx_word' id='word_1_56' title='bbox 1571 452 1726 483; x_wconf 88' lang='lat' dir='ltr'>camelum</span> <span class='ocrx_word' id='word_1_57' title='bbox 1762 450 1792 478; x_wconf 85' lang='lat' dir='ltr'>in</span> <span class='ocrx_word' id='word_1_58' title='bbox 1825 453 1915 487; x_wconf 82' lang='lat' dir='ltr'>prato</span> 
     </span>
     <span class='ocr_line' id='line_1_7' title="bbox 125 512 1918 560; baseline -0.004 -12"><span class='ocrx_word' id='word_1_59' title='bbox 125 519 291 549; x_wconf 83' lang='lat' dir='ltr'>interdicto</span> <span class='ocrx_word' id='word_1_60' title='bbox 319 530 406 560; x_wconf 82' lang='lat' dir='ltr'>esse,</span> <span class='ocrx_word' id='word_1_61' title='bbox 434 520 628 559; x_wconf 79' lang='lat' dir='ltr'>accepisset,</span> <span class='ocrx_word' id='word_1_62' title='bbox 656 521 753 548; x_wconf 89' lang='lat' dir='ltr'>armis</span> <span class='ocrx_word' id='word_1_63' title='bbox 781 521 894 548; x_wconf 88' lang='lat' dir='ltr'>sumtis</span> <span class='ocrx_word' id='word_1_64' title='bbox 923 528 991 548; x_wconf 83' lang='lat' dir='ltr'>eam</span> <span class='ocrx_word' id='word_1_65' title='bbox 1020 518 1195 557; x_wconf 79' lang='lat' dir='ltr'>quaesivit3</span> <span class='ocrx_word' id='word_1_66' title='bbox 1225 517 1283 547; x_wconf 91' lang='lat' dir='ltr'>sed</span> <span class='ocrx_word' id='word_1_67' title='bbox 1311 527 1372 546; x_wconf 90' lang='lat' dir='ltr'>non</span> <span class='ocrx_word' id='word_1_68' title='bbox 1401 517 1538 546; x_wconf 86' lang='lat' dir='ltr'>invenit:</span> <span class='ocrx_word' id='word_1_69' title='bbox 1577 514 1773 544; x_wconf 87' lang='lat' dir='ltr'>Intermissis</span> <span class='ocrx_word' id='word_1_70' title='bbox 1801 512 1918 550; x_wconf 80' lang='lat' dir='ltr'>aliquot</span> 
     </span>
     <span class='ocr_line' id='line_1_8' title="bbox 123 576 1914 621; baseline -0.005 -10"><span class='ocrx_word' id='word_1_71' title='bbox 123 581 234 611; x_wconf 84' lang='lat' dir='ltr'>diebus</span> <span class='ocrx_word' id='word_1_72' title='bbox 261 581 383 612; x_wconf 86' lang='lat' dir='ltr'>Colaibi</span> <span class='ocrx_word' id='word_1_73' title='bbox 412 582 533 621; x_wconf 78' lang='lat' dir='ltr'>cameli,</span> <span class='ocrx_word' id='word_1_74' title='bbox 563 590 642 621; x_wconf 85' lang='lat' dir='ltr'>quos</span> <span class='ocrx_word' id='word_1_75' title='bbox 673 581 820 620; x_wconf 87' lang='lat' dir='ltr'>Djassasi</span> <span class='ocrx_word' id='word_1_76' title='bbox 848 580 956 610; x_wconf 84' lang='lat' dir='ltr'>cameli</span> <span class='ocrx_word' id='word_1_77' title='bbox 983 581 1212 621; x_wconf 79' lang='lat' dir='ltr'>sequebantur,</span> <span class='ocrx_word' id='word_1_78' title='bbox 1241 580 1279 609; x_wconf 87' lang='lat' dir='ltr'>ad</span> <span class='ocrx_word' id='word_1_79' title='bbox 1307 588 1418 618; x_wconf 84' lang='lat' dir='ltr'>aquam</span> <span class='ocrx_word' id='word_1_80' title='bbox 1447 587 1575 607; x_wconf 86' lang='lat' dir='ltr'>venere.</span> <span class='ocrx_word' id='word_1_81' title='bbox 1629 576 1771 615; x_wconf 85' lang='lat' dir='ltr'>Djassasi</span> <span class='ocrx_word' id='word_1_82' title='bbox 1808 579 1914 604; x_wconf 82' lang='lat' dir='ltr'>autem</span> 
     </span>
     <span class='ocr_line' id='line_1_9' title="bbox 124 636 1916 685; baseline -0.005 -11"><span class='ocrx_word' id='word_1_83' title='bbox 124 643 237 674; x_wconf 87' lang='lat' dir='ltr'>cameli</span> <span class='ocrx_word' id='word_1_84' title='bbox 266 644 481 674; x_wconf 85' lang='lat' dir='ltr'>retinebantur</span> <span class='ocrx_word' id='word_1_85' title='bbox 507 644 666 673; x_wconf 88' lang='lat' dir='ltr'>nunnullis</span> <span class='ocrx_word' id='word_1_86' title='bbox 693 653 814 685; x_wconf 72' lang='lat' dir='ltr'>eorum,</span> <span class='ocrx_word' id='word_1_87' title='bbox 841 644 922 672; x_wconf 86' lang='lat' dir='ltr'>inter</span> <span class='ocrx_word' id='word_1_88' title='bbox 949 651 1029 681; x_wconf 89' lang='lat' dir='ltr'>quos</span> <span class='ocrx_word' id='word_1_89' title='bbox 1055 642 1154 672; x_wconf 82' lang='lat' dir='ltr'>Salidi</span> <span class='ocrx_word' id='word_1_90' title='bbox 1181 643 1301 672; x_wconf 82' lang='lat' dir='ltr'>camela</span> <span class='ocrx_word' id='word_1_91' title='bbox 1329 644 1407 678; x_wconf 86' lang='lat' dir='ltr'>erat,</span> <span class='ocrx_word' id='word_1_92' title='bbox 1436 641 1464 669; x_wconf 89' lang='lat' dir='ltr'>iu</span> <span class='ocrx_word' id='word_1_93' title='bbox 1487 640 1620 679; x_wconf 82' lang='lat' dir='ltr'>pedibus</span> <span class='ocrx_word' id='word_1_94' title='bbox 1641 639 1756 679; x_wconf 81' lang='lat' dir='ltr'>ligatis.</span> <span class='ocrx_word' id='word_1_95' title='bbox 1786 636 1916 667; x_wconf 84' lang='lat' dir='ltr'>Camela</span> 
     </span>
     <span class='ocr_line' id='line_1_10' title="bbox 125 699 1916 747; baseline -0.005 -11"><span class='ocrx_word' id='word_1_96' title='bbox 125 711 230 737; x_wconf 89' lang='lat' dir='ltr'>autem</span> <span class='ocrx_word' id='word_1_97' title='bbox 257 707 460 738; x_wconf 71' lang='lat' dir='ltr'>illaviuculo</span> <span class='ocrx_word' id='word_1_98' title='bbox 487 712 579 746; x_wconf 84' lang='lat' dir='ltr'>rupto</span> <span class='ocrx_word' id='word_1_99' title='bbox 607 707 757 747; x_wconf 86' lang='lat' dir='ltr'>accessit,</span> <span class='ocrx_word' id='word_1_100' title='bbox 786 711 820 736; x_wconf 91' lang='lat' dir='ltr'>ut</span> <span class='ocrx_word' id='word_1_101' title='bbox 848 710 993 745; x_wconf 75' lang='lat' dir='ltr'>pastores</span> <span class='ocrx_word' id='word_1_102' title='bbox 1021 715 1091 734; x_wconf 84' lang='lat' dir='ltr'>eam</span> <span class='ocrx_word' id='word_1_103' title='bbox 1120 705 1152 733; x_wconf 86' lang='lat' dir='ltr'>vi</span> <span class='ocrx_word' id='word_1_104' title='bbox 1179 705 1336 743; x_wconf 77' lang='lat' dir='ltr'>repellere</span> <span class='ocrx_word' id='word_1_105' title='bbox 1358 713 1418 732; x_wconf 89' lang='lat' dir='ltr'>non</span> <span class='ocrx_word' id='word_1_106' title='bbox 1438 706 1582 741; x_wconf 75' lang='lat' dir='ltr'>possent.</span> <span class='ocrx_word' id='word_1_107' title='bbox 1612 701 1762 731; x_wconf 86' lang='lat' dir='ltr'>Colaibus</span> <span class='ocrx_word' id='word_1_108' title='bbox 1784 699 1916 738; x_wconf 88' lang='lat' dir='ltr'>primum</span> 
     </span>
     <span class='ocr_line' id='line_1_11' title="bbox 125 761 1915 809; baseline -0.006 -9"><span class='ocrx_word' id='word_1_109' title='bbox 125 780 191 800; x_wconf 81' lang='lat' dir='ltr'>eam</span> <span class='ocrx_word' id='word_1_110' title='bbox 219 781 237 800; x_wconf 87' lang='lat' dir='ltr'>e</span> <span class='ocrx_word' id='word_1_111' title='bbox 266 780 392 800; x_wconf 90' lang='lat' dir='ltr'>numero</span> <span class='ocrx_word' id='word_1_112' title='bbox 420 770 609 800; x_wconf 85' lang='lat' dir='ltr'>camelorum</span> <span class='ocrx_word' id='word_1_113' title='bbox 636 770 785 809; x_wconf 86' lang='lat' dir='ltr'>Djassasi</span> <span class='ocrx_word' id='word_1_114' title='bbox 814 778 891 797; x_wconf 88' lang='lat' dir='ltr'>esse</span> <span class='ocrx_word' id='word_1_115' title='bbox 918 771 1031 807; x_wconf 80' lang='lat' dir='ltr'>putans</span> <span class='ocrx_word' id='word_1_116' title='bbox 1058 777 1152 807; x_wconf 90' lang='lat' dir='ltr'>quum</span> <span class='ocrx_word' id='word_1_117' title='bbox 1182 767 1407 806; x_wconf 80' lang='lat' dir='ltr'>comperisset,</span> <span class='ocrx_word' id='word_1_118' title='bbox 1436 775 1503 794; x_wconf 85' lang='lat' dir='ltr'>eam</span> <span class='ocrx_word' id='word_1_119' title='bbox 1532 764 1631 793; x_wconf 83' lang='lat' dir='ltr'>Sahdi</span> <span class='ocrx_word' id='word_1_120' title='bbox 1659 773 1733 793; x_wconf 85' lang='lat' dir='ltr'>esse</span> <span class='ocrx_word' id='word_1_121' title='bbox 1752 761 1915 800; x_wconf 83' lang='lat' dir='ltr'>suspicio-</span> 
     </span>
     <span class='ocr_line' id='line_1_12' title="bbox 126 823 1911 872; baseline -0.006 -10"><span class='ocrx_word' id='word_1_122' title='bbox 126 842 197 862; x_wconf 87' lang='lat' dir='ltr'>nem</span> <span class='ocrx_word' id='word_1_123' title='bbox 226 833 384 872; x_wconf 77' lang='lat' dir='ltr'>concepit,</span> <span class='ocrx_word' id='word_1_124' title='bbox 411 841 489 872; x_wconf 83' lang='lat' dir='ltr'>eam,</span> <span class='ocrx_word' id='word_1_125' title='bbox 518 838 552 861; x_wconf 86' lang='lat' dir='ltr'>ut</span> <span class='ocrx_word' id='word_1_126' title='bbox 584 833 653 871; x_wconf 87' lang='lat' dir='ltr'>ipse</span> <span class='ocrx_word' id='word_1_127' title='bbox 681 836 870 871; x_wconf 70' lang='lat' dir='ltr'>vexaretur,</span> <span class='ocrx_word' id='word_1_128' title='bbox 898 831 1057 860; x_wconf 83' lang='lat' dir='ltr'>dimissam</span> <span class='ocrx_word' id='word_1_129' title='bbox 1079 839 1166 869; x_wconf 75' lang='lat' dir='ltr'>esse,</span> <span class='ocrx_word' id='word_1_130' title='bbox 1189 833 1221 858; x_wconf 85' lang='lat' dir='ltr'>et.</span> <span class='ocrx_word' id='word_1_131' title='bbox 1246 838 1262 857; x_wconf 97' lang='grc'><strong>3</strong></span> <span class='ocrx_word' id='word_1_132' title='bbox 1290 828 1388 857; x_wconf 81' lang='lat' dir='ltr'>latere</span> <span class='ocrx_word' id='word_1_133' title='bbox 1410 827 1479 856; x_wconf 87' lang='lat' dir='ltr'>eius</span> <span class='ocrx_word' id='word_1_134' title='bbox 1504 826 1599 855; x_wconf 75' lang='lat' dir='ltr'>ubera</span> <span class='ocrx_word' id='word_1_135' title='bbox 1617 825 1738 865; x_wconf 72' lang='lat' dir='ltr'>sagitta</span> <span class='ocrx_word' id='word_1_136' title='bbox 1763 823 1911 853; x_wconf 79' lang='lat' dir='ltr'>confodit.</span> 
     </span>
     <span class='ocr_line' id='line_1_13' title="bbox 127 887 1917 936; baseline -0.007 -10"><span class='ocrx_word' id='word_1_137' title='bbox 127 896 257 926; x_wconf 84' lang='lat' dir='ltr'>Camela</span> <span class='ocrx_word' id='word_1_138' title='bbox 280 896 407 936; x_wconf 84' lang='lat' dir='ltr'>fugiens</span> <span class='ocrx_word' id='word_1_139' title='bbox 436 895 474 925; x_wconf 86' lang='lat' dir='ltr'>ad</span> <span class='ocrx_word' id='word_1_140' title='bbox 503 895 635 925; x_wconf 80' lang='lat' dir='ltr'>cubandi</span> <span class='ocrx_word' id='word_1_141' title='bbox 663 895 765 924; x_wconf 88' lang='lat' dir='ltr'>locum</span> <span class='ocrx_word' id='word_1_142' title='bbox 794 895 941 934; x_wconf 86' lang='lat' dir='ltr'>pervenit</span> <span class='ocrx_word' id='word_1_143' title='bbox 961 898 993 922; x_wconf 85' lang='lat' dir='ltr'>et</span> <span class='ocrx_word' id='word_1_144' title='bbox 1019 891 1197 921; x_wconf 83' lang='lat' dir='ltr'>vociferata</span> <span class='ocrx_word' id='word_1_145' title='bbox 1227 895 1289 930; x_wconf 72' lang='lat' dir='ltr'>est,</span> <span class='ocrx_word' id='word_1_146' title='bbox 1318 889 1392 918; x_wconf 90' lang='lat' dir='ltr'>dum</span> <span class='ocrx_word' id='word_1_147' title='bbox 1421 898 1460 918; x_wconf 77' lang='lat' dir='ltr'>ex</span> <span class='ocrx_word' id='word_1_148' title='bbox 1489 887 1637 918; x_wconf 81' lang='lat' dir='ltr'>uberibus</span> <span class='ocrx_word' id='word_1_149' title='bbox 1665 887 1715 916; x_wconf 82' lang='lat' dir='ltr'>lac</span> <span class='ocrx_word' id='word_1_150' title='bbox 1741 896 1811 916; x_wconf 91' lang='lat' dir='ltr'>cum</span> <span class='ocrx_word' id='word_1_151' title='bbox 1838 894 1917 914; x_wconf 85' lang='lat' dir='ltr'>san-</span> 
     </span>
     <span class='ocr_line' id='line_1_14' title="bbox 127 947 1918 997; baseline -0.005 -11"><span class='ocrx_word' id='word_1_152' title='bbox 127 957 223 997; x_wconf 86' lang='lat' dir='ltr'>guine</span> <span class='ocrx_word' id='word_1_153' title='bbox 251 956 379 986; x_wconf 88' lang='lat' dir='ltr'>mixtum</span> <span class='ocrx_word' id='word_1_154' title='bbox 407 956 564 985; x_wconf 81' lang='lat' dir='ltr'>efflueret.</span> <span class='ocrx_word' id='word_1_155' title='bbox 617 956 734 985; x_wconf 85' lang='lat' dir='ltr'>Mulier</span> <span class='ocrx_word' id='word_1_156' title='bbox 762 957 868 985; x_wconf 84' lang='lat' dir='ltr'>Basus</span> <span class='ocrx_word' id='word_1_157' title='bbox 896 955 1066 994; x_wconf 69' lang='lat' dir='ltr'>appellata,</span> <span class='ocrx_word' id='word_1_158' title='bbox 1094 953 1218 983; x_wconf 72' lang='lat' dir='ltr'>camela</span> <span class='ocrx_word' id='word_1_159' title='bbox 1244 953 1439 992; x_wconf 67' lang='lat' dir='ltr'>conspecta,</span> <span class='ocrx_word' id='word_1_160' title='bbox 1467 951 1569 981; x_wconf 84' lang='lat' dir='ltr'>velum</span> <span class='ocrx_word' id='word_1_161' title='bbox 1598 960 1615 980; x_wconf 85' lang='lat' dir='ltr'>a</span> <span class='ocrx_word' id='word_1_162' title='bbox 1644 950 1749 988; x_wconf 83' lang='lat' dir='ltr'>eapite</span> <span class='ocrx_word' id='word_1_163' title='bbox 1774 957 1831 979; x_wconf 88' lang='lat' dir='ltr'>suo</span> <span class='ocrx_word' id='word_1_164' title='bbox 1859 947 1918 977; x_wconf 87' lang='lat' dir='ltr'>de·-</span> 
     </span>
     <span class='ocr_line' id='line_1_15' title="bbox 126 1013 1918 1056; baseline -0.004 -6"><span class='ocrx_word' id='word_1_165' title='bbox 126 1022 221 1050; x_wconf 81' lang='lat' dir='ltr'>1raxit</span> <span class='ocrx_word' id='word_1_166' title='bbox 248 1024 279 1050; x_wconf 85' lang='lat' dir='ltr'>et</span> <span class='ocrx_word' id='word_1_167' title='bbox 306 1019 463 1049; x_wconf 84' lang='lat' dir='ltr'>clamans:</span> <span class='ocrx_word' id='word_1_168' title='bbox 493 1018 519 1049; x_wconf 92' lang='grc' dir='ltr'><strong>Ο</strong></span> <span class='ocrx_word' id='word_1_169' title='bbox 548 1013 724 1048; x_wconf 79' lang='lat' dir='ltr'>vilitatem!</span> <span class='ocrx_word' id='word_1_170' title='bbox 753 1018 865 1048; x_wconf 84' lang='lat' dir='ltr'>faeiem</span> <span class='ocrx_word' id='word_1_171' title='bbox 888 1027 979 1047; x_wconf 86' lang='lat' dir='ltr'>suam</span> <span class='ocrx_word' id='word_1_172' title='bbox 997 1016 1171 1056; x_wconf 82' lang='lat' dir='ltr'>percussit,</span> <span class='ocrx_word' id='word_1_173' title='bbox 1201 1015 1274 1045; x_wconf 91' lang='lat' dir='ltr'>dum</span> <span class='ocrx_word' id='word_1_174' title='bbox 1290 1015 1444 1055; x_wconf 76' lang='lat' dir='ltr'>Djarmita</span> <span class='ocrx_word' id='word_1_175' title='bbox 1462 1014 1587 1053; x_wconf 86' lang='lat' dir='ltr'>(Sahd)</span> <span class='ocrx_word' id='word_1_176' title='bbox 1608 1023 1733 1054; x_wconf 86' lang='lat' dir='ltr'>qnoque</span> <span class='ocrx_word' id='word_1_177' title='bbox 1749 1014 1918 1043; x_wconf 84' lang='lat' dir='ltr'>clamorem</span> 
     </span>
     <span class='ocr_line' id='line_1_16' title="bbox 125 1072 1915 1120; baseline -0.004 -8"><span class='ocrx_word' id='word_1_178' title='bbox 125 1083 264 1113; x_wconf 84' lang='lat' dir='ltr'>tollebat.</span> <span class='ocrx_word' id='word_1_179' title='bbox 316 1083 444 1112; x_wconf 84' lang='lat' dir='ltr'>Basusa</span> <span class='ocrx_word' id='word_1_180' title='bbox 458 1081 554 1111; x_wconf 86' lang='lat' dir='ltr'>dixit:</span> <span class='ocrx_word' id='word_1_181' title='bbox 584 1079 695 1111; x_wconf 82' lang='lat' dir='ltr'>Eheu!</span> <span class='ocrx_word' id='word_1_182' title='bbox 723 1081 889 1119; x_wconf 84' lang='lat' dir='ltr'>vilitatem,</span> <span class='ocrx_word' id='word_1_183' title='bbox 919 1075 1021 1110; x_wconf 79' lang='lat' dir='ltr'>eheu!</span> <span class='ocrx_word' id='word_1_184' title='bbox 1049 1080 1205 1108; x_wconf 84' lang='lat' dir='ltr'>vilitatem</span> <span class='ocrx_word' id='word_1_185' title='bbox 1222 1078 1315 1108; x_wconf 76' lang='lat' dir='ltr'>vicini</span> <span class='ocrx_word' id='word_1_186' title='bbox 1334 1075 1432 1120; x_wconf 90' lang='lat' dir='ltr'>(conf.</span> <span class='ocrx_word' id='word_1_187' title='bbox 1455 1077 1565 1108; x_wconf 81' lang='lat' dir='ltr'>Grani.</span> <span class='ocrx_word' id='word_1_188' title='bbox 1587 1078 1642 1107; x_wconf 81' lang='lat' dir='ltr'>Ar.</span> <span class='ocrx_word' id='word_1_189' title='bbox 1660 1078 1696 1107; x_wconf 85' lang='grc' dir='ltr'>Τ.</span> <span class='ocrx_word' id='word_1_190' title='bbox 1713 1078 1734 1106; x_wconf 87' lang='lat'>1.</span> <span class='ocrx_word' id='word_1_191' title='bbox 1758 1087 1785 1115; x_wconf 89' lang='lat' dir='ltr'>p.</span> <span class='ocrx_word' id='word_1_192' title='bbox 1807 1072 1915 1117; x_wconf 62' lang='lat'>575.)</span> 
     </span>
     <span class='ocr_line' id='line_1_17' title="bbox 126 1141 1918 1183; baseline -0.003 -7"><span class='ocrx_word' id='word_1_193' title='bbox 126 1146 278 1176; x_wconf 89' lang='lat' dir='ltr'>Colaibus</span> <span class='ocrx_word' id='word_1_194' title='bbox 306 1150 412 1175; x_wconf 86' lang='lat' dir='ltr'>autem</span> <span class='ocrx_word' id='word_1_195' title='bbox 431 1144 511 1174; x_wconf 79' lang='lat' dir='ltr'>dixit</span> <span class='ocrx_word' id='word_1_196' title='bbox 526 1144 636 1182; x_wconf 86' lang='lat' dir='ltr'>(metr.</span> <span class='ocrx_word' id='word_1_197' title='bbox 657 1143 802 1182; x_wconf 58' lang='lat' dir='ltr'>WVafiQ:</span> <span class='ocrx_word' id='word_1_198' title='bbox 833 1142 950 1173; x_wconf 90' lang='lat' dir='ltr'>Gens</span> <span class='ocrx_word' id='word_1_199' title='bbox 979 1141 1143 1171; x_wconf 82' lang='lat' dir='ltr'>Morrah</span> <span class='ocrx_word' id='word_1_200' title='bbox 1170 1145 1423 1183; x_wconf 84' lang='lat' dir='ltr'>cognoscet,</span> <span class='ocrx_word' id='word_1_201' title='bbox 1451 1145 1610 1180; x_wconf 84' lang='lat' dir='ltr'>pratum</span> <span class='ocrx_word' id='word_1_202' title='bbox 1639 1141 1918 1171; x_wconf 81' lang='lat' dir='ltr'>interdictum</span> 
     </span>
     <span class='ocr_line' id='line_1_18' title="bbox 125 1203 1918 1246; baseline -0.005 -6"><span class='ocrx_word' id='word_1_203' title='bbox 125 1219 255 1240; x_wconf 88' lang='lat' dir='ltr'>meum</span> <span class='ocrx_word' id='word_1_204' title='bbox 281 1209 504 1239; x_wconf 89' lang='lat' dir='ltr'>communis</span> <span class='ocrx_word' id='word_1_205' title='bbox 531 1208 636 1237; x_wconf 92' lang='lat' dir='ltr'>iuris</span> <span class='ocrx_word' id='word_1_206' title='bbox 665 1216 741 1236; x_wconf 90' lang='lat' dir='ltr'>non</span> <span class='ocrx_word' id='word_1_207' title='bbox 769 1216 888 1246; x_wconf 71' lang='lat' dir='ltr'>esse,</span> <span class='ocrx_word' id='word_1_208' title='bbox 918 1210 958 1235; x_wconf 88' lang='lat' dir='ltr'>et</span> <span class='ocrx_word' id='word_1_209' title='bbox 984 1205 1182 1235; x_wconf 84' lang='lat' dir='ltr'>camelam</span> <span class='ocrx_word' id='word_1_210' title='bbox 1210 1205 1276 1234; x_wconf 89' lang='lat' dir='ltr'>lac</span> <span class='ocrx_word' id='word_1_211' title='bbox 1309 1204 1534 1233; x_wconf 83' lang='lat' dir='ltr'>habentem</span> <span class='ocrx_word' id='word_1_212' title='bbox 1563 1203 1697 1232; x_wconf 84' lang='lat' dir='ltr'>vicini</span> <span class='ocrx_word' id='word_1_213' title='bbox 1725 1203 1786 1231; x_wconf 85' lang='lat' dir='ltr'>sui</span> <span class='ocrx_word' id='word_1_214' title='bbox 1815 1211 1918 1231; x_wconf 87' lang='lat' dir='ltr'>sem-</span> 
     </span>
     <span class='ocr_line' id='line_1_19' title="bbox 125 1266 1917 1313; baseline -0.004 -10"><span class='ocrx_word' id='word_1_215' title='bbox 125 1283 196 1313; x_wconf 88' lang='lat' dir='ltr'>per</span> <span class='ocrx_word' id='word_1_216' title='bbox 221 1282 334 1302; x_wconf 86' lang='lat' dir='ltr'>mane</span> <span class='ocrx_word' id='word_1_217' title='bbox 363 1271 409 1301; x_wconf 87' lang='lat' dir='ltr'>ad</span> <span class='ocrx_word' id='word_1_218' title='bbox 437 1271 580 1300; x_wconf 88' lang='lat' dir='ltr'>domos</span> <span class='ocrx_word' id='word_1_219' title='bbox 607 1272 769 1298; x_wconf 86' lang='lat' dir='ltr'>venire.</span> <span class='ocrx_word' id='word_1_220' title='bbox 799 1268 927 1306; x_wconf 81' lang='lat' dir='ltr'>Quum</span> <span class='ocrx_word' id='word_1_221' title='bbox 956 1267 1120 1297; x_wconf 86' lang='lat' dir='ltr'>camela</span> <span class='ocrx_word' id='word_1_222' title='bbox 1148 1267 1279 1297; x_wconf 83' lang='lat' dir='ltr'>Sarab</span> <span class='ocrx_word' id='word_1_223' title='bbox 1307 1267 1521 1306; x_wconf 83' lang='lat' dir='ltr'>appellata</span> <span class='ocrx_word' id='word_1_224' title='bbox 1551 1267 1726 1308; x_wconf 87' lang='lat' dir='ltr'>ungulis</span> <span class='ocrx_word' id='word_1_225' title='bbox 1755 1266 1917 1295; x_wconf 86' lang='lat' dir='ltr'>duabus</span> 
     </span>
     <span class='ocr_line' id='line_1_20' title="bbox 125 1329 1918 1376; baseline -0.005 -10"><span class='ocrx_word' id='word_1_226' title='bbox 125 1336 214 1366; x_wconf 91' lang='lat' dir='ltr'>suis</span> <span class='ocrx_word' id='word_1_227' title='bbox 241 1336 280 1365; x_wconf 91' lang='lat' dir='ltr'>in</span> <span class='ocrx_word' id='word_1_228' title='bbox 306 1344 441 1376; x_wconf 87' lang='lat' dir='ltr'>genua</span> <span class='ocrx_word' id='word_1_229' title='bbox 468 1333 728 1373; x_wconf 76' lang='lat' dir='ltr'>procumbit,</span> <span class='ocrx_word' id='word_1_230' title='bbox 756 1335 967 1372; x_wconf 82' lang='lat' dir='ltr'>aegrotae</span> <span class='ocrx_word' id='word_1_231' title='bbox 995 1341 1011 1360; x_wconf 85' lang='lat' dir='ltr'>a</span> <span class='ocrx_word' id='word_1_232' title='bbox 1039 1331 1158 1360; x_wconf 80' lang='lat' dir='ltr'>sanis</span> <span class='ocrx_word' id='word_1_233' title='bbox 1187 1330 1507 1359; x_wconf 84' lang='lat' dir='ltr'>discernentur.</span> <span class='ocrx_word' id='word_1_234' title='bbox 1575 1330 1729 1358; x_wconf 82' lang='lat' dir='ltr'>Putate</span> <span class='ocrx_word' id='word_1_235' title='bbox 1767 1329 1918 1368; x_wconf 85' lang='lat' dir='ltr'>igitur,</span> 
     </span>
     <span class='ocr_line' id='line_1_21' title="bbox 125 1390 1918 1438; baseline -0.006 -9"><span class='ocrx_word' id='word_1_236' title='bbox 125 1408 183 1428; x_wconf 89' lang='lat' dir='ltr'>me</span> <span class='ocrx_word' id='word_1_237' title='bbox 216 1398 392 1428; x_wconf 88' lang='lat' dir='ltr'>crimine</span> <span class='ocrx_word' id='word_1_238' title='bbox 430 1396 661 1438; x_wconf 85' lang='lat' dir='ltr'>digniorem</span> <span class='ocrx_word' id='word_1_239' title='bbox 699 1403 839 1432; x_wconf 87' lang='lat' dir='ltr'>meque</span> <span class='ocrx_word' id='word_1_240' title='bbox 867 1403 1076 1432; x_wconf 89' lang='lat' dir='ltr'>prospero</span> <span class='ocrx_word' id='word_1_241' title='bbox 1105 1401 1314 1422; x_wconf 82' lang='lat' dir='ltr'>successu</span> <span class='ocrx_word' id='word_1_242' title='bbox 1343 1392 1580 1432; x_wconf 81' lang='lat' dir='ltr'>digniorem</span> <span class='ocrx_word' id='word_1_243' title='bbox 1609 1401 1722 1420; x_wconf 88' lang='lat' dir='ltr'>esse.</span> <span class='ocrx_word' id='word_1_244' title='bbox 1783 1391 1829 1420; x_wconf 80' lang='lat' dir='ltr'>Et</span> <span class='ocrx_word' id='word_1_245' title='bbox 1861 1390 1918 1419; x_wconf 90' lang='lat' dir='ltr'>si-</span> 
     </span>
     <span class='ocr_line' id='line_1_22' title="bbox 125 1453 1918 1496; baseline -0.006 -4"><span class='ocrx_word' id='word_1_246' title='bbox 125 1464 269 1492; x_wconf 84' lang='lat' dir='ltr'>nistra</span> <span class='ocrx_word' id='word_1_247' title='bbox 296 1469 436 1490; x_wconf 80' lang='lat' dir='ltr'>manus</span> <span class='ocrx_word' id='word_1_248' title='bbox 471 1460 504 1488; x_wconf 91' lang='lat' dir='ltr'>si</span> <span class='ocrx_word' id='word_1_249' title='bbox 538 1459 774 1496; x_wconf 83' lang='lat' dir='ltr'>adficitur,</span> <span class='ocrx_word' id='word_1_250' title='bbox 810 1467 827 1487; x_wconf 87' lang='grc'><strong>3</strong></span> <span class='ocrx_word' id='word_1_251' title='bbox 864 1457 1038 1487; x_wconf 86' lang='lat' dir='ltr'>dextera</span> <span class='ocrx_word' id='word_1_252' title='bbox 1076 1456 1260 1485; x_wconf 86' lang='lat' dir='ltr'>salutem</span> <span class='ocrx_word' id='word_1_253' title='bbox 1295 1464 1371 1483; x_wconf 91' lang='lat' dir='ltr'>non</span> <span class='ocrx_word' id='word_1_254' title='bbox 1410 1455 1673 1494; x_wconf 82' lang='lat' dir='ltr'>assequitur.</span> <span class='ocrx_word' id='word_1_255' title='bbox 1738 1453 1918 1492; x_wconf 84' lang='lat' dir='ltr'>Djassasns</span> 
     </span>
     <span class='ocr_line' id='line_1_23' title="bbox 126 1517 1918 1563; baseline -0.004 -10"><span class='ocrx_word' id='word_1_256' title='bbox 126 1527 234 1553; x_wconf 87' lang='lat' dir='ltr'>autem</span> <span class='ocrx_word' id='word_1_257' title='bbox 263 1524 421 1563; x_wconf 73' lang='lat' dir='ltr'>Basusae,</span> <span class='ocrx_word' id='word_1_258' title='bbox 447 1526 480 1551; x_wconf 90' lang='lat' dir='ltr'>ut</span> <span class='ocrx_word' id='word_1_259' title='bbox 508 1525 641 1561; x_wconf 74' lang='lat' dir='ltr'>taceret,</span> <span class='ocrx_word' id='word_1_260' title='bbox 667 1520 848 1560; x_wconf 76' lang='lat' dir='ltr'>imperavit,</span> <span class='ocrx_word' id='word_1_261' title='bbox 889 1528 987 1559; x_wconf 89' lang='lat' dir='ltr'>seque</span> <span class='ocrx_word' id='word_1_262' title='bbox 1014 1519 1042 1548; x_wconf 84' lang='lat' dir='ltr'>ei</span> <span class='ocrx_word' id='word_1_263' title='bbox 1069 1519 1220 1548; x_wconf 87' lang='lat' dir='ltr'>maiorem</span> <span class='ocrx_word' id='word_1_264' title='bbox 1249 1518 1403 1548; x_wconf 88' lang='lat' dir='ltr'>camelam</span> <span class='ocrx_word' id='word_1_265' title='bbox 1431 1518 1575 1547; x_wconf 87' lang='lat' dir='ltr'>daturum</span> <span class='ocrx_word' id='word_1_266' title='bbox 1595 1527 1670 1547; x_wconf 86' lang='lat' dir='ltr'>esse</span> <span class='ocrx_word' id='word_1_267' title='bbox 1687 1517 1840 1556; x_wconf 89' lang='lat' dir='ltr'>promisit.</span> <span class='ocrx_word' id='word_1_268' title='bbox 1871 1517 1918 1545; x_wconf 71' lang='lat' dir='ltr'>Ea</span> 
     </span>
     <span class='ocr_line' id='line_1_24' title="bbox 126 1579 1918 1624; baseline -0.004 -9"><span class='ocrx_word' id='word_1_269' title='bbox 126 1589 233 1615; x_wconf 83' lang='lat' dir='ltr'>autem</span> <span class='ocrx_word' id='word_1_270' title='bbox 260 1589 407 1615; x_wconf 86' lang='lat' dir='ltr'>contenta</span> <span class='ocrx_word' id='word_1_271' title='bbox 433 1594 494 1613; x_wconf 91' lang='lat' dir='ltr'>nou</span> <span class='ocrx_word' id='word_1_272' title='bbox 521 1583 590 1624; x_wconf 80' lang='lat' dir='ltr'>fuit,</span> <span class='ocrx_word' id='word_1_273' title='bbox 618 1583 717 1612; x_wconf 88' lang='lat' dir='ltr'>donec</span> <span class='ocrx_word' id='word_1_274' title='bbox 745 1583 772 1611; x_wconf 91' lang='lat' dir='ltr'>ei</span> <span class='ocrx_word' id='word_1_275' title='bbox 802 1582 910 1612; x_wconf 89' lang='lat' dir='ltr'>decem</span> <span class='ocrx_word' id='word_1_276' title='bbox 938 1582 1167 1621; x_wconf 76' lang='lat' dir='ltr'>promitterent.</span> <span class='ocrx_word' id='word_1_277' title='bbox 1210 1582 1324 1611; x_wconf 87' lang='lat' dir='ltr'>Noctis</span> <span class='ocrx_word' id='word_1_278' title='bbox 1352 1586 1458 1611; x_wconf 88' lang='lat' dir='ltr'>autem</span> <span class='ocrx_word' id='word_1_279' title='bbox 1486 1584 1628 1620; x_wconf 85' lang='lat' dir='ltr'>tempore</span> <span class='ocrx_word' id='word_1_280' title='bbox 1656 1579 1719 1609; x_wconf 82' lang='lat' dir='ltr'>alta</span> <span class='ocrx_word' id='word_1_281' title='bbox 1740 1589 1834 1620; x_wconf 68' lang='lat' dir='ltr'>voce,</span> <span class='ocrx_word' id='word_1_282' title='bbox 1861 1581 1918 1619; x_wconf 83' lang='lat' dir='ltr'>ita,</span> 
     </span>
     <span class='ocr_line' id='line_1_25' title="bbox 127 1638 1917 1688; baseline -0.005 -9"><span class='ocrx_word' id='word_1_283' title='bbox 127 1653 162 1679; x_wconf 85' lang='lat' dir='ltr'>ut</span> <span class='ocrx_word' id='word_1_284' title='bbox 201 1648 381 1688; x_wconf 87' lang='lat' dir='ltr'>Djassasus</span> <span class='ocrx_word' id='word_1_285' title='bbox 418 1647 518 1676; x_wconf 85' lang='lat' dir='ltr'>verba</span> <span class='ocrx_word' id='word_1_286' title='bbox 553 1646 701 1687; x_wconf 84' lang='lat' dir='ltr'>audiret,</span> <span class='ocrx_word' id='word_1_287' title='bbox 751 1644 895 1675; x_wconf 84' lang='lat' dir='ltr'>Sahdum</span> <span class='ocrx_word' id='word_1_288' title='bbox 935 1645 1141 1684; x_wconf 82' lang='lat' dir='ltr'>sequentibus</span> <span class='ocrx_word' id='word_1_289' title='bbox 1181 1644 1289 1673; x_wconf 87' lang='lat' dir='ltr'>verbis</span> <span class='ocrx_word' id='word_1_290' title='bbox 1329 1644 1487 1673; x_wconf 88' lang='lat' dir='ltr'>allocutus</span> <span class='ocrx_word' id='word_1_291' title='bbox 1528 1648 1579 1672; x_wconf 87' lang='lat' dir='ltr'>est</span> <span class='ocrx_word' id='word_1_292' title='bbox 1615 1640 1719 1685; x_wconf 31' lang='lat' dir='ltr'>(metr,</span> <span class='ocrx_word' id='word_1_293' title='bbox 1759 1638 1917 1684; x_wconf 80' lang='lat' dir='ltr'>&#39;l&#39;liawil):</span> 
     </span>
     <span class='ocr_line' id='line_1_26' title="bbox 128 1706 1918 1748; baseline -0.006 -5"><span class='ocrx_word' id='word_1_294' title='bbox 128 1712 155 1743; x_wconf 91' lang='grc' dir='ltr'>Ο</span> <span class='ocrx_word' id='word_1_295' title='bbox 183 1706 342 1742; x_wconf 80' lang='lat' dir='ltr'>Sahde!</span> <span class='ocrx_word' id='word_1_296' title='bbox 371 1721 418 1740; x_wconf 92' lang='lat' dir='ltr'>ne</span> <span class='ocrx_word' id='word_1_297' title='bbox 445 1719 596 1743; x_wconf 77' lang='lat' dir='ltr'>socors</span> <span class='ocrx_word' id='word_1_298' title='bbox 625 1710 706 1748; x_wconf 70' lang='lat' dir='ltr'>sis:</span> <span class='ocrx_word' id='word_1_299' title='bbox 734 1708 809 1738; x_wconf 85' lang='lat' dir='ltr'>sed</span> <span class='ocrx_word' id='word_1_300' title='bbox 838 1716 1020 1748; x_wconf 71' lang='lat' dir='ltr'>caveas,</span> <span class='ocrx_word' id='word_1_301' title='bbox 1056 1716 1140 1737; x_wconf 82' lang='lat' dir='ltr'>nam</span> <span class='ocrx_word' id='word_1_302' title='bbox 1176 1707 1212 1735; x_wconf 88' lang='lat' dir='ltr'>in</span> <span class='ocrx_word' id='word_1_303' title='bbox 1249 1710 1375 1746; x_wconf 79' lang='lat' dir='ltr'>gente</span> <span class='ocrx_word' id='word_1_304' title='bbox 1411 1706 1535 1746; x_wconf 75' lang='lat' dir='ltr'>dego,</span> <span class='ocrx_word' id='word_1_305' title='bbox 1576 1714 1680 1743; x_wconf 84' lang='lat' dir='ltr'>quae</span> <span class='ocrx_word' id='word_1_306' title='bbox 1719 1709 1918 1743; x_wconf 84' lang='lat' dir='ltr'>tanquam</span> 
     </span>
     <span class='ocr_line' id='line_1_27' title="bbox 128 1769 1918 1814; baseline -0.006 -9"><span class='ocrx_word' id='word_1_307' title='bbox 128 1780 292 1805; x_wconf 88' lang='lat' dir='ltr'>mortua</span> <span class='ocrx_word' id='word_1_308' title='bbox 318 1775 482 1805; x_wconf 87' lang='lat' dir='ltr'>vicinos</span> <span class='ocrx_word' id='word_1_309' title='bbox 512 1772 712 1814; x_wconf 81' lang='lat' dir='ltr'>negligit.</span> <span class='ocrx_word' id='word_1_310' title='bbox 767 1771 962 1801; x_wconf 87' lang='lat' dir='ltr'>Camelos</span> <span class='ocrx_word' id='word_1_311' title='bbox 988 1779 1103 1799; x_wconf 89' lang='lat' dir='ltr'>meos</span> <span class='ocrx_word' id='word_1_312' title='bbox 1131 1769 1175 1799; x_wconf 87' lang='lat' dir='ltr'>ad</span> <span class='ocrx_word' id='word_1_313' title='bbox 1205 1774 1243 1798; x_wconf 92' lang='lat' dir='ltr'>te</span> <span class='ocrx_word' id='word_1_314' title='bbox 1272 1778 1408 1807; x_wconf 79' lang='lat' dir='ltr'>sume,</span> <span class='ocrx_word' id='word_1_315' title='bbox 1448 1777 1535 1797; x_wconf 88' lang='lat' dir='ltr'>nam</span> <span class='ocrx_word' id='word_1_316' title='bbox 1571 1776 1650 1807; x_wconf 84' lang='lat' dir='ltr'>ego</span> <span class='ocrx_word' id='word_1_317' title='bbox 1683 1771 1834 1806; x_wconf 75' lang='lat' dir='ltr'>metuo,</span> <span class='ocrx_word' id='word_1_318' title='bbox 1872 1776 1918 1796; x_wconf 93' lang='lat' dir='ltr'>ne</span> 
     </span>
     <span class='ocr_line' id='line_1_28' title="bbox 128 1826 1918 1877; baseline -0.004 -9"><span class='ocrx_word' id='word_1_319' title='bbox 128 1841 169 1868; x_wconf 91' lang='lat' dir='ltr'>in</span> <span class='ocrx_word' id='word_1_320' title='bbox 196 1839 316 1869; x_wconf 85' lang='lat' dir='ltr'>filias</span> <span class='ocrx_word' id='word_1_321' title='bbox 344 1848 456 1869; x_wconf 88' lang='lat' dir='ltr'>meas</span> <span class='ocrx_word' id='word_1_322' title='bbox 485 1837 676 1877; x_wconf 89' lang='lat' dir='ltr'>persidia</span> <span class='ocrx_word' id='word_1_323' title='bbox 705 1838 891 1866; x_wconf 85' lang='lat' dir='ltr'>utantur.</span> <span class='ocrx_word' id='word_1_324' title='bbox 946 1826 1163 1863; x_wconf 72' lang='lat' dir='ltr'>Profecto!</span> <span class='ocrx_word' id='word_1_325' title='bbox 1192 1831 1291 1860; x_wconf 87' lang='lat' dir='ltr'>siin</span> <span class='ocrx_word' id='word_1_326' title='bbox 1319 1830 1497 1860; x_wconf 81' lang='lat' dir='ltr'>Minkari</span> <span class='ocrx_word' id='word_1_327' title='bbox 1535 1830 1633 1869; x_wconf 83' lang='lat' dir='ltr'>(Pars</span> <span class='ocrx_word' id='word_1_328' title='bbox 1660 1830 1768 1870; x_wconf 84' lang='lat' dir='ltr'>gentis</span> <span class='ocrx_word' id='word_1_329' title='bbox 1796 1830 1918 1860; x_wconf 78' lang='lat' dir='ltr'>&#39;l&#39;amim</span> 
     </span>
     <span class='ocr_line' id='line_1_29' title="bbox 129 1894 1918 1944; baseline -0.003 -14"><span class='ocrx_word' id='word_1_330' title='bbox 129 1898 426 1944; x_wconf 87' lang='lat' dir='ltr'>est)domicilio</span> <span class='ocrx_word' id='word_1_331' title='bbox 447 1900 646 1938; x_wconf 77' lang='lat' dir='ltr'>fuissem,</span> <span class='ocrx_word' id='word_1_332' title='bbox 674 1898 845 1929; x_wconf 80' lang='lat' dir='ltr'>Salidus</span> <span class='ocrx_word' id='word_1_333' title='bbox 874 1896 1035 1926; x_wconf 69' lang='lat' dir='ltr'>iniuria</span> <span class='ocrx_word' id='word_1_334' title='bbox 1062 1896 1203 1925; x_wconf 86' lang='lat' dir='ltr'>laesus</span> <span class='ocrx_word' id='word_1_335' title='bbox 1234 1904 1309 1923; x_wconf 92' lang='lat' dir='ltr'>non</span> <span class='ocrx_word' id='word_1_336' title='bbox 1337 1899 1480 1934; x_wconf 86' lang='lat' dir='ltr'>esset,</span> <span class='ocrx_word' id='word_1_337' title='bbox 1508 1894 1715 1923; x_wconf 90' lang='lat' dir='ltr'>domorum</span> <span class='ocrx_word' id='word_1_338' title='bbox 1737 1903 1918 1924; x_wconf 88' lang='lat' dir='ltr'>mearum</span> 
     </span>
     <span class='ocr_line' id='line_1_30' title="bbox 130 1956 1919 2003; baseline -0.004 -10"><span class='ocrx_word' id='word_1_339' title='bbox 130 1964 322 2001; x_wconf 71' lang='lat' dir='ltr'>vicinus3</span> <span class='ocrx_word' id='word_1_340' title='bbox 349 1964 426 1994; x_wconf 89' lang='lat' dir='ltr'>sed</span> <span class='ocrx_word' id='word_1_341' title='bbox 453 1972 530 2003; x_wconf 84' lang='lat' dir='ltr'>ego</span> <span class='ocrx_word' id='word_1_342' title='bbox 558 1963 593 1991; x_wconf 92' lang='lat' dir='ltr'>in</span> <span class='ocrx_word' id='word_1_343' title='bbox 617 1961 835 1991; x_wconf 88' lang='lat' dir='ltr'>domicilio</span> <span class='ocrx_word' id='word_1_344' title='bbox 864 1960 1011 2000; x_wconf 87' lang='lat' dir='ltr'>gentis</span> <span class='ocrx_word' id='word_1_345' title='bbox 1039 1967 1142 1996; x_wconf 84' lang='lat' dir='ltr'>sum,</span> <span class='ocrx_word' id='word_1_346' title='bbox 1182 1957 1220 1986; x_wconf 90' lang='lat' dir='ltr'>iu</span> <span class='ocrx_word' id='word_1_347' title='bbox 1260 1965 1376 1995; x_wconf 87' lang='lat' dir='ltr'>quam</span> <span class='ocrx_word' id='word_1_348' title='bbox 1415 1958 1451 1985; x_wconf 90' lang='lat' dir='ltr'>si</span> <span class='ocrx_word' id='word_1_349' title='bbox 1478 1956 1602 1994; x_wconf 89' lang='lat' dir='ltr'>lupus</span> <span class='ocrx_word' id='word_1_350' title='bbox 1643 1956 1839 1993; x_wconf 85' lang='lat' dir='ltr'>incurrit,</span> <span class='ocrx_word' id='word_1_351' title='bbox 1881 1957 1919 1985; x_wconf 90' lang='lat' dir='ltr'>in</span> 
     </span>
     <span class='ocr_line' id='line_1_31' title="bbox 130 2014 1920 2060; baseline -0.004 -4"><span class='ocrx_word' id='word_1_352' title='bbox 130 2036 250 2056; x_wconf 87' lang='lat' dir='ltr'>meam</span> <span class='ocrx_word' id='word_1_353' title='bbox 277 2035 391 2056; x_wconf 83' lang='lat' dir='ltr'>ovem</span> <span class='ocrx_word' id='word_1_354' title='bbox 420 2027 612 2056; x_wconf 86' lang='lat' dir='ltr'>incurrit.</span> <span class='ocrx_word' id='word_1_355' title='bbox 666 2025 784 2054; x_wconf 76' lang='lat' dir='ltr'>Verbis</span> <span class='ocrx_word' id='word_1_356' title='bbox 813 2023 927 2052; x_wconf 80' lang='lat' dir='ltr'>auditis</span> <span class='ocrx_word' id='word_1_357' title='bbox 955 2021 1134 2060; x_wconf 81' lang='lat' dir='ltr'>Djassasus</span> <span class='ocrx_word' id='word_1_358' title='bbox 1164 2019 1259 2051; x_wconf 81' lang='lat' dir='ltr'>dixit:</span> <span class='ocrx_word' id='word_1_359' title='bbox 1285 2020 1382 2059; x_wconf 80' lang='lat' dir='ltr'>Tace,</span> <span class='ocrx_word' id='word_1_360' title='bbox 1409 2027 1426 2047; x_wconf 95' lang='lat' dir='ltr'>o</span> <span class='ocrx_word' id='word_1_361' title='bbox 1454 2018 1576 2057; x_wconf 63' lang='lat' dir='ltr'>mulier,</span> <span class='ocrx_word' id='word_1_362' title='bbox 1604 2028 1660 2057; x_wconf 88' lang='lat' dir='ltr'>per</span> <span class='ocrx_word' id='word_1_363' title='bbox 1679 2014 1801 2048; x_wconf 76' lang='lat' dir='ltr'>Deum!</span> <span class='ocrx_word' id='word_1_364' title='bbox 1829 2029 1920 2049; x_wconf 91' lang='lat' dir='ltr'>mane</span> 
     </span>
     <span class='ocr_line' id='line_1_32' title="bbox 130 2081 1920 2128; baseline -0.003 -10"><span class='ocrx_word' id='word_1_365' title='bbox 130 2088 255 2128; x_wconf 85' lang='lat' dir='ltr'>quidam</span> <span class='ocrx_word' id='word_1_366' title='bbox 280 2089 409 2117; x_wconf 86' lang='lat' dir='ltr'>saucius</span> <span class='ocrx_word' id='word_1_367' title='bbox 437 2088 507 2127; x_wconf 71' lang='lat' dir='ltr'>erit,</span> <span class='ocrx_word' id='word_1_368' title='bbox 533 2087 583 2126; x_wconf 87' lang='lat' dir='ltr'>qui</span> <span class='ocrx_word' id='word_1_369' title='bbox 611 2087 700 2127; x_wconf 86' lang='lat' dir='ltr'>genti</span> <span class='ocrx_word' id='word_1_370' title='bbox 727 2085 829 2124; x_wconf 77' lang='lat' dir='ltr'>Wajil</span> <span class='ocrx_word' id='word_1_371' title='bbox 857 2084 988 2124; x_wconf 85' lang='lat' dir='ltr'>gravior</span> <span class='ocrx_word' id='word_1_372' title='bbox 1016 2087 1078 2120; x_wconf 85' lang='lat' dir='ltr'>est,</span> <span class='ocrx_word' id='word_1_373' title='bbox 1108 2092 1202 2122; x_wconf 83' lang='lat' dir='ltr'>quam</span> <span class='ocrx_word' id='word_1_374' title='bbox 1230 2087 1284 2112; x_wconf 87' lang='lat' dir='ltr'>tua</span> <span class='ocrx_word' id='word_1_375' title='bbox 1311 2081 1443 2111; x_wconf 86' lang='lat' dir='ltr'>camela.</span> <span class='ocrx_word' id='word_1_376' title='bbox 1498 2082 1622 2111; x_wconf 85' lang='lat' dir='ltr'>Arabes</span> <span class='ocrx_word' id='word_1_377' title='bbox 1651 2087 1756 2112; x_wconf 74' lang='lat' dir='ltr'>autem</span> <span class='ocrx_word' id='word_1_378' title='bbox 1773 2083 1920 2112; x_wconf 84' lang='lat' dir='ltr'>Basusae</span> 
     </span>
     <span class='ocr_line' id='line_1_33' title="bbox 130 2143 1918 2191; baseline -0.003 -12"><span class='ocrx_word' id='word_1_379' title='bbox 130 2159 247 2180; x_wconf 85' lang='lat' dir='ltr'>versus</span> <span class='ocrx_word' id='word_1_380' title='bbox 273 2145 396 2191; x_wconf 38' lang='lat' dir='ltr'>uuus-,n</span> <span class='ocrx_word' id='word_1_381' title='bbox 422 2149 680 2189; x_wconf 86' lang='lat' dir='ltr'>instigantes</span> <span class='ocrx_word' id='word_1_382' title='bbox 709 2147 916 2187; x_wconf 84' lang='lat' dir='ltr'>appellarunt.</span> <span class='ocrx_word' id='word_1_383' title='bbox 970 2145 1121 2175; x_wconf 86' lang='lat' dir='ltr'>Colaibus</span> <span class='ocrx_word' id='word_1_384' title='bbox 1148 2144 1257 2174; x_wconf 88' lang='lat' dir='ltr'>verbis</span> <span class='ocrx_word' id='word_1_385' title='bbox 1287 2143 1436 2182; x_wconf 81' lang='lat' dir='ltr'>Djassasi</span> <span class='ocrx_word' id='word_1_386' title='bbox 1463 2143 1580 2173; x_wconf 85' lang='lat' dir='ltr'>auditis</span> <span class='ocrx_word' id='word_1_387' title='bbox 1608 2143 1700 2174; x_wconf 83' lang='lat' dir='ltr'>dixit:</span> <span class='ocrx_word' id='word_1_388' title='bbox 1741 2145 1918 2184; x_wconf 83' lang='lat' dir='ltr'>Djassasus</span> 
     </span>
     <span class='ocr_line' id='line_1_34' title="bbox 130 2205 1919 2246; baseline -0.003 -5"><span class='ocrx_word' id='word_1_389' title='bbox 130 2221 178 2242; x_wconf 85' lang='lat' dir='ltr'>me</span> <span class='ocrx_word' id='word_1_390' title='bbox 206 2221 266 2240; x_wconf 86' lang='lat' dir='ltr'>non</span> <span class='ocrx_word' id='word_1_391' title='bbox 293 2211 458 2241; x_wconf 84' lang='lat' dir='ltr'>occisurus</span> <span class='ocrx_word' id='word_1_392' title='bbox 492 2210 713 2239; x_wconf 86' lang='lat' dir='ltr'>admissarium</span> <span class='ocrx_word' id='word_1_393' title='bbox 749 2218 851 2238; x_wconf 87' lang='lat' dir='ltr'>meum</span> <span class='ocrx_word' id='word_1_394' title='bbox 879 2208 1027 2246; x_wconf 81' lang='lat' dir='ltr'>Ohlajjan</span> <span class='ocrx_word' id='word_1_395' title='bbox 1054 2209 1225 2236; x_wconf 85' lang='lat' dir='ltr'>vulnerare</span> <span class='ocrx_word' id='word_1_396' title='bbox 1253 2211 1378 2246; x_wconf 81' lang='lat' dir='ltr'>gratum</span> <span class='ocrx_word' id='word_1_397' title='bbox 1406 2206 1549 2245; x_wconf 81' lang='lat' dir='ltr'>habebit3</span> <span class='ocrx_word' id='word_1_398' title='bbox 1580 2205 1639 2235; x_wconf 87' lang='lat' dir='ltr'>sed</span> <span class='ocrx_word' id='word_1_399' title='bbox 1658 2206 1837 2245; x_wconf 81' lang='lat' dir='ltr'>priusquam</span> <span class='ocrx_word' id='word_1_400' title='bbox 1859 2206 1919 2236; x_wconf 84' lang='lat' dir='ltr'>hoc</span> 
     </span>
     <span class='ocr_line' id='line_1_35' title="bbox 131 2265 1920 2314; baseline -0.003 -11"><span class='ocrx_word' id='word_1_401' title='bbox 131 2274 268 2314; x_wconf 74' lang='lat' dir='ltr'>perficit,</span> <span class='ocrx_word' id='word_1_402' title='bbox 303 2274 330 2303; x_wconf 92' lang='lat' dir='ltr'>ei</span> <span class='ocrx_word' id='word_1_403' title='bbox 368 2272 579 2313; x_wconf 85' lang='lat' dir='ltr'>tragacantha</span> <span class='ocrx_word' id='word_1_404' title='bbox 612 2277 705 2301; x_wconf 84' lang='lat' dir='ltr'>nocte</span> <span class='ocrx_word' id='word_1_405' title='bbox 740 2272 877 2302; x_wconf 74' lang='lat' dir='ltr'>obscura</span> <span class='ocrx_word' id='word_1_406' title='bbox 912 2269 1135 2300; x_wconf 84' lang='lat' dir='ltr'>decorticanda</span> <span class='ocrx_word' id='word_1_407' title='bbox 1171 2272 1220 2298; x_wconf 88' lang='lat' dir='ltr'>est</span> <span class='ocrx_word' id='word_1_408' title='bbox 1257 2270 1351 2306; x_wconf 77' lang='lat' dir='ltr'>(con</span> <span class='ocrx_word' id='word_1_409' title='bbox 1365 2267 1385 2296; x_wconf 89' lang='lat' dir='ltr'>f.</span> <span class='ocrx_word' id='word_1_410' title='bbox 1414 2267 1511 2297; x_wconf 79' lang='lat' dir='ltr'>Meid.</span> <span class='ocrx_word' id='word_1_411' title='bbox 1539 2268 1572 2308; x_wconf 64' lang='lat'>8,</span> <span class='ocrx_word' id='word_1_412' title='bbox 1605 2265 1715 2306; x_wconf 50' lang='lat'><strong>132¹)</strong></span> <span class='ocrx_word' id='word_1_413' title='bbox 1743 2266 1920 2306; x_wconf 81' lang='lat' dir='ltr'>Djassasus</span> 
     </span>
     <span class='ocr_line' id='line_1_36' title="bbox 132 2329 1918 2372; baseline -0.004 -6"><span class='ocrx_word' id='word_1_414' title='bbox 132 2340 238 2365; x_wconf 86' lang='lat' dir='ltr'>autem</span> <span class='ocrx_word' id='word_1_415' title='bbox 265 2335 387 2365; x_wconf 84' lang='lat' dir='ltr'>dixisse</span> <span class='ocrx_word' id='word_1_416' title='bbox 413 2334 513 2364; x_wconf 86' lang='lat' dir='ltr'>fertur</span> <span class='ocrx_word' id='word_1_417' title='bbox 541 2334 649 2372; x_wconf 87' lang='lat' dir='ltr'>(metr.</span> <span class='ocrx_word' id='word_1_418' title='bbox 676 2333 823 2372; x_wconf 83' lang='lat' dir='ltr'>Ramal):</span> <span class='ocrx_word' id='word_1_419' title='bbox 852 2333 1032 2364; x_wconf 78' lang='lat' dir='ltr'>Vicinus</span> <span class='ocrx_word' id='word_1_420' title='bbox 1060 2341 1194 2368; x_wconf 89' lang='lat' dir='ltr'>meus,</span> <span class='ocrx_word' id='word_1_421' title='bbox 1223 2330 1299 2360; x_wconf 88' lang='lat' dir='ltr'>hoc</span> <span class='ocrx_word' id='word_1_422' title='bbox 1326 2330 1503 2369; x_wconf 73' lang='lat' dir='ltr'>scitote,</span> <span class='ocrx_word' id='word_1_423' title='bbox 1533 2329 1783 2359; x_wconf 87' lang='lat' dir='ltr'>domesticis</span> <span class='ocrx_word' id='word_1_424' title='bbox 1812 2330 1918 2359; x_wconf 89' lang='lat' dir='ltr'>meis</span> 
     </span>
     <span class='ocr_line' id='line_1_37' title="bbox 133 2392 1919 2437; baseline -0.002 -11"><span class='ocrx_word' id='word_1_425' title='bbox 133 2397 516 2437; x_wconf 86' lang='lat' dir='ltr'>propinquissimis</span> <span class='ocrx_word' id='word_1_426' title='bbox 554 2396 869 2432; x_wconf 84' lang='lat' dir='ltr'>adnumeratur,</span> <span class='ocrx_word' id='word_1_427' title='bbox 910 2399 949 2424; x_wconf 84' lang='lat' dir='ltr'>et</span> <span class='ocrx_word' id='word_1_428' title='bbox 986 2394 1166 2424; x_wconf 77' lang='lat' dir='ltr'>camelae</span> <span class='ocrx_word' id='word_1_429' title='bbox 1201 2393 1336 2422; x_wconf 86' lang='lat' dir='ltr'>vicini</span> <span class='ocrx_word' id='word_1_430' title='bbox 1372 2394 1446 2422; x_wconf 90' lang='lat' dir='ltr'>mei</span> <span class='ocrx_word' id='word_1_431' title='bbox 1483 2393 1626 2422; x_wconf 85' lang='lat' dir='ltr'>eadem</span> <span class='ocrx_word' id='word_1_432' title='bbox 1663 2392 1769 2421; x_wconf 76' lang='lat' dir='ltr'>ratio</span> <span class='ocrx_word' id='word_1_433' title='bbox 1805 2401 1919 2430; x_wconf 89' lang='lat' dir='ltr'>quam</span> 
     </span>
     <span class='ocr_line' id='line_1_38' title="bbox 133 2454 1918 2490; baseline -0.003 -2"><span class='ocrx_word' id='word_1_434' title='bbox 133 2458 315 2488; x_wconf 82' lang='lat' dir='ltr'>camelae</span> <span class='ocrx_word' id='word_1_435' title='bbox 343 2468 393 2487; x_wconf 83' lang='lat' dir='ltr'>ex</span> <span class='ocrx_word' id='word_1_436' title='bbox 423 2456 598 2487; x_wconf 77' lang='lat' dir='ltr'>camelis</span> <span class='ocrx_word' id='word_1_437' title='bbox 628 2457 729 2485; x_wconf 89' lang='lat' dir='ltr'>meis</span> <span class='ocrx_word' id='word_1_438' title='bbox 757 2460 832 2485; x_wconf 86' lang='lat' dir='ltr'>est.</span> <span class='ocrx_word' id='word_1_439' title='bbox 872 2456 919 2485; x_wconf 78' lang='lat' dir='ltr'>Et</span> <span class='ocrx_word' id='word_1_440' title='bbox 948 2456 981 2484; x_wconf 80' lang='lat' dir='ltr'>si</span> <span class='ocrx_word' id='word_1_441' title='bbox 1010 2457 1265 2485; x_wconf 70' lang='lat' dir='ltr'>vicinomeo</span> <span class='ocrx_word' id='word_1_442' title='bbox 1296 2456 1489 2485; x_wconf 87' lang='lat' dir='ltr'>iniuriam</span> <span class='ocrx_word' id='word_1_443' title='bbox 1519 2454 1726 2490; x_wconf 83' lang='lat' dir='ltr'>infertis,</span> <span class='ocrx_word' id='word_1_444' title='bbox 1756 2455 1792 2484; x_wconf 90' lang='lat' dir='ltr'>in</span> <span class='ocrx_word' id='word_1_445' title='bbox 1818 2455 1918 2483; x_wconf 77' lang='lat' dir='ltr'>viris</span> 
     </span>
    </p>
   </div>
   <div class='ocr_carea' id='block_1_3' title="bbox 133 2516 1917 2557">
    <p class='ocr_par' dir='ltr' id='par_1_3' title="bbox 133 2516 1917 2557">
     <span class='ocr_line' id='line_1_39' title="bbox 133 2516 1917 2557; baseline -0.003 -7"><span class='ocrx_word' id='word_1_446' title='bbox 133 2521 231 2550; x_wconf 88' lang='lat' dir='ltr'>meis</span> <span class='ocrx_word' id='word_1_447' title='bbox 260 2520 356 2550; x_wconf 90' lang='lat' dir='ltr'>mihi</span> <span class='ocrx_word' id='word_1_448' title='bbox 384 2520 578 2549; x_wconf 87' lang='lat' dir='ltr'>iniuriam</span> <span class='ocrx_word' id='word_1_449' title='bbox 606 2519 785 2548; x_wconf 89' lang='lat' dir='ltr'>infertis.</span> <span class='ocrx_word' id='word_1_450' title='bbox 839 2518 996 2548; x_wconf 69' lang='lat' dir='ltr'>Vicino</span> <span class='ocrx_word' id='word_1_451' title='bbox 1024 2527 1106 2547; x_wconf 91' lang='lat' dir='ltr'>meo</span> <span class='ocrx_word' id='word_1_452' title='bbox 1143 2517 1262 2547; x_wconf 86' lang='lat' dir='ltr'>fidem</span> <span class='ocrx_word' id='word_1_453' title='bbox 1290 2518 1535 2557; x_wconf 62' lang='lat' dir='ltr'>praestabo,</span> <span class='ocrx_word' id='word_1_454' title='bbox 1570 2521 1609 2545; x_wconf 86' lang='lat' dir='ltr'>ut</span> <span class='ocrx_word' id='word_1_455' title='bbox 1649 2516 1917 2555; x_wconf 81' lang='lat' dir='ltr'>prudentiam</span> 
     </span>
    </p>
   </div>
   <div class='ocr_carea' id='block_1_4' title="bbox 151 2598 1377 2629">
    <p class='ocr_par' dir='ltr' id='par_1_4' title="bbox 151 2598 1377 2629">
     <span class='ocr_line' id='line_1_40' title="bbox 151 2598 1377 2629; baseline 0.001 -8"><span class='ocrx_word' id='word_1_456' title='bbox 151 2599 178 2626; x_wconf 83' lang='grc'>1)</span> <span class='ocrx_word' id='word_1_457' title='bbox 198 2600 367 2622; x_wconf 79' lang='lat' dir='ltr'>Proverbium</span> <span class='ocrx_word' id='word_1_458' title='bbox 388 2600 468 2622; x_wconf 79' lang='lat' dir='ltr'>hocce</span> <span class='ocrx_word' id='word_1_459' title='bbox 487 2606 541 2622; x_wconf 82' lang='lat' dir='ltr'>reni</span> <span class='ocrx_word' id='word_1_460' title='bbox 561 2605 620 2622; x_wconf 74' lang='lat' dir='ltr'>esse</span> <span class='ocrx_word' id='word_1_461' title='bbox 639 2598 832 2628; x_wconf 73' lang='lat' dir='ltr'>difficillimam,</span> <span class='ocrx_word' id='word_1_462' title='bbox 851 2605 927 2629; x_wconf 86' lang='lat' dir='ltr'>quam</span> <span class='ocrx_word' id='word_1_463' title='bbox 948 2599 1076 2627; x_wconf 81' lang='lat' dir='ltr'>perficere</span> <span class='ocrx_word' id='word_1_464' title='bbox 1096 2603 1217 2629; x_wconf 79' lang='lat' dir='ltr'>nequeat,</span> <span class='ocrx_word' id='word_1_465' title='bbox 1236 2599 1377 2629; x_wconf 73' lang='lat' dir='ltr'>significat.</span> 
     </span>
    </p>
   </div>
  </div>
 </body>
</html>
