2155 2892
903 115 1176 147 —290—

150 227 279 261 essent,
321 219 434 259 plebeii
474 218 597 248 fierent.
656 217 816 249 Pan-micula
853 219 909 246 ιω
944 223 1074 249 utuntur
1109 217 1149 248 ad
1183 227 1245 249 rem
1279 218 1384 249 subito
1419 217 1534 248 factam
1568 217 1774 248 indicandam.
1823 218 1932 249 Scho-

149 286 258 316 liastes
288 287 398 312 noster
425 280 626 310 Mersukium
653 289 794 320 sequens
821 290 933 311 vocem
964 282 1149 321 particulam
1176 281 1280 311 locum
1306 279 1525 321 designantem
1553 288 1629 309 esse
1654 278 1838 319 adnotavit3
1873 279 1933 309 sed

150 346 275 376 silentio
303 341 568 384 praetereundum
597 352 658 372 non
695 348 765 381 est,
799 343 829 373 in
856 344 1014 374 Mersukii
1049 343 1159 374 codice
1193 333 1307 373 vocem
1339 339 1427 387 Otsst
1465 345 1638 371 correctam
1665 349 1763 380 esse,
1787 345 1823 371 ut
1849 350 1932 371 nunc

151 404 241 454 0υρΣῖ
268 402 362 450 0351&
387 405 525 446 legatur,
553 405 583 435 id
611 405 693 445 quod
721 408 829 437 verius
855 416 932 437 esse
959 406 1097 437 videtur.
1149 404 1358 437 Grammatici
1386 408 1508 445 putant7
1534 403 1607 433 voci
1632 414 1692 449 0⁴²?
1718 403 1853 433 litteram
1870 402 1937 433 Alif

154 475 186 501 et
214 478 325 499 vocem
356 465 379 496 l...
405 467 539 498 additam
568 477 652 508 esse,
679 473 714 497 ut
741 468 834 498 huius
861 478 922 508 ope
949 468 1049 498 verba
1075 470 1241 507 sequeutia
1267 476 1338 497 cum
1366 465 1576 496 antecedente
1601 470 1749 504 tanquam
1776 464 1934 504 adpositio

152 533 421 573 coniungerentur
456 540 498 561 co
513 530 564 560 nf.
593 529 703 561 Gram.
731 531 788 560 Ar.
815 531 851 560 Τ.
879 531 893 559 Ι
918 541 948 570 p.
975 531 1047 565 499
1074 536 1106 561 et
1133 530 1258 560 Anthol.
1289 529 1399 560 Gram.
1426 539 1456 568 p.
1483 527 1521 558 ἧς
1546 537 1593 567 sq.
1640 529 1675 558 In
1708 527 1820 557 scholii
1852 526 1933 556 linea

151 595 291 626 secunda
318 604 387 624 cum
411 593 578 623 Mersukio
605 593 674 623 loco
700 593 790 623 vocis
816 603 908 634 ψει
934 593 1101 634 legendum
1129 597 1205 632 puto
1233 588 1365 633 zy-ng.
1430 590 1473 620 Ut
1499 593 1592 620 antea
1619 590 1806 619 Mersukius
1832 587 1934 627 parti—

151 658 251 688 culam
280 654 337 694 ’ἀήρ
363 656 432 686 loco
460 657 623 694 tribuerat,
650 658 699 686 sic
726 656 912 696 particulam
940 655 991 694 535,
1017 665 1098 695 quae
1125 654 1199 684 mihi
1225 655 1329 693 potius
1355 651 1506 691 temporis
1530 651 1685 691 particula
1709 650 1847 688 videtur,
1864 650 1933 680 loco

155 719 335 760 adscripsit.
383 719 462 748 Post
489 727 602 748 vocem
633 715 690 755 Ue?
718 722 782 748 tum
809 717 839 746 ὁὶ
865 722 928 748 tum
956 716 995 746 535
1021 720 1175 756 sequitur.
1228 715 1387 745 Particula
1415 712 1454 742 535
1491 713 1522 742 in
1547 723 1646 744 versu
1680 713 1711 742 in
1739 712 1934 753 Anthologia

155 792 257 824 gram.
284 780 367 811 beati
395 780 435 810 de
461 780 559 820 Sacyi
585 789 615 819 p.
641 778 673 809 1²⁸1
699 780 717 809 l.
748 780 777 810 1.
803 781 943 810 occurrit
970 779 1053 810 conf.
1079 778 1151 809 ibid.
1181 789 1211 819 p.
1244 777 1311 808 132
1338 781 1369 808 et
1390 777 1509 808 adnott.
1536 777 1576 807 ad
1602 787 1632 816 p.
1660 779 1712 808 otv.

150 894 182 923 2.
228 890 330 927 Quam
349 900 469 927 pravus
491 892 539 918 est
559 890 704 925 mundus,
728 891 821 919 cuius
844 891 908 919 vita
929 890 1087 918 commoda
1101 898 1163 918 non
1184 889 1288 925 durat,
1313 889 1386 918 dum
1400 887 1634 917 vicissitudines
1655 890 1771 916 statum
1793 889 1935 916 nostrum

904 953 1026 981 semper
1047 943 1192 972 mutant!

249 1015 324 1045 Vox
351 1012 399 1046 οἳ
429 1013 586 1054 particula
615 1018 679 1054 est,
707 1023 769 1054 qua
796 1013 967 1052 despectus
995 1013 1204 1054 significatur.
1231 1014 1265 1042 In
1291 1021 1373 1042 voce
1401 1010 1596 1041 enuncianda
1623 1014 1690 1041 tres
1716 1010 1848 1040 vocales
1875 1010 1934 1041 ad-

150 1077 247 1107 hiberi
273 1081 421 1118 possunt,
447 1086 580 1116 quarum
607 1085 723 1106 causas
751 1080 924 1115 sequentes
951 1076 1143 1105 scholiastes
1163 1075 1338 1106 adnotawt.
1365 1074 1520 1105 Vocalem
1539 1072 1643 1103 Fatha
1660 1072 1827 1103 adhibitam
1846 1082 1934 1114 esse,

152 1138 235 1178 quod
270 1138 352 1168 levis
388 1138 555 1168 enunciatu
582 1139 645 1178 sit,
681 1138 826 1168 vocalem
855 1138 972 1176 Kesra,
1000 1137 1082 1178 quod
1110 1138 1192 1168 duae
1219 1139 1344 1169 litterae
1372 1137 1578 1177 quiescentes
1608 1140 1795 1174 occurrant,
1824 1136 1936 1175 quibus

151 1201 257 1232 littera
270 1201 374 1231 Kesra
401 1201 504 1241 magis
531 1199 711 1241 conveniat,
737 1201 881 1230 vocalem
895 1200 1051 1230 Dhamma
1077 1200 1224 1241 denique,
1251 1204 1284 1231 ut
1319 1201 1429 1231 eadem
1456 1201 1562 1231 littera
1595 1201 1748 1230 Dhamina
1773 1203 1935 1238 sequatur.

150 1264 187 1294 Si
221 1263 383 1294 Nunnatio
422 1262 625 1301 adhibeatur,
660 1271 776 1292 vocem
800 1262 994 1294 indefinitam
1022 1272 1118 1304 esse,
1153 1262 1202 1293 siu
1233 1263 1396 1294 Nunnatio
1432 1264 1606 1303 omittatur,
1635 1271 1749 1293 vocem
1774 1261 1935 1292 definitam

152 1334 230 1356 esse
255 1324 395 1355 indicari.

1007 1446 1094 1480 LI.

698 1510 941 1546 Annaeam
963 1513 1008 1546 h.
1032 1512 1231 1546 Aluum!
1256 1511 1392 1546 dixit.

267 1582 466 1613 Scholiastes
493 1583 523 1612 in
548 1582 734 1622 explicando
762 1584 887 1614 nomine
924 1583 1065 1623 Abbdal,
1092 1585 1227 1615 litteram
1254 1586 1333 1615 Lam
1360 1590 1506 1624 tanquam
1538 1584 1579 1615 ad
1610 1584 1748 1615 radicem
1774 1592 1835 1614 non
1861 1592 1936 1624 per-

151 1645 301 1675 tinentem
338 1645 474 1675 additam
518 1654 616 1685 esse,
655 1646 795 1684 pluribus
836 1647 989 1687 exemplis
1025 1648 1172 1679 illustrat.
1239 1648 1358 1678 Poetae
1405 1657 1519 1677 nomen
1554 1659 1597 1692 0?
1637 1643 1728 1684 &0⁹32
1771 1657 1814 1692 0?
1853 1635 1935 1691 pssi

147 1719 220 1752 >5⁶²²
247 1720 289 1754 0?
308 1706 466 1746 Qest.
496 1707 637 1738 Claudus
668 1713 781 1762 natura
807 1713 840 1738 et
866 1709 959 1739 dorso
994 1720 1141 1741 convexo
1172 1711 1335 1750 praeditus
1365 1715 1507 1750 tempore
1536 1710 1767 1750 Omajjadarum
1803 1707 1934 1748 (Ahbd-

152 1771 305 1801 Almaleci
341 1771 370 1800 b.
398 1767 560 1813 Merwan)
588 1770 618 1799 in
645 1770 760 1809 oppido
789 1770 881 1810 Cufa,
908 1772 960 1801 ubi
987 1773 1140 1803 educatus
1168 1777 1247 1812 erat,
1274 1774 1363 1803 vixit.
1415 1774 1449 1802 Iu
1476 1782 1531 1803 suo
1558 1781 1679 1814 genere
1703 1770 1849 1812 insignis,
1878 1778 1934 1800 sa-

153 1839 245 1874 tyrae
280 1834 405 1865 deditus
433 1834 527 1864 foedo
563 1843 710 1864 sermone
745 1845 822 1865 usus
850 1840 910 1865 est.
972 1836 1088 1867 Baculo
1116 1845 1208 1875 quum
1246 1845 1372 1876 semper
1399 1840 1564 1876 uteretur,
1607 1843 1727 1865 morem
1771 1832 1936 1873 pristinum

154 1896 194 1926 ad
229 1902 338 1937 portas
379 1907 492 1938 regum
528 1898 633 1927 standi
664 1898 894 1940 intermittens,
934 1898 1044 1929 baculo
1078 1898 1151 1938 illo,
1188 1900 1237 1929 cui
1271 1908 1336 1928 rem
1367 1898 1427 1928 sibi
1452 1901 1669 1929 necessariam
1705 1896 1775 1926 loco
1808 1903 1937 1935 precum

151 1952 222 1996 (ιι.
247 1952 381 1996 535.)
411 1959 628 2001 inscripserat,
664 1961 763 1990 misso
798 1962 892 1991 istam
918 1972 985 1992 rem
1010 1970 1137 2000 semper
1162 1961 1293 2001 accepit.
1322 1960 1616 2001 Cit.Alaghan.
1645 1962 1677 1989 et
1702 1959 1771 1989 Ebn
1796 1956 1931 1988 Challik.

152 2022 230 2051 Nro.
259 2022 341 2052 202.

153 2119 180 2149 1.
224 2118 289 2148 Res
310 2119 353 2147 ad
374 2120 466 2146 vitam
486 2122 697 2156 necessaria-9,
721 2130 801 2160 quas
821 2132 996 2160 ,ᾳεηενοειιε
1015 2125 1101 2161 petil,
1126 2133 1182 2161 eqo
1201 2126 1271 2162 peto
1293 2126 1325 2153 et
1344 2123 1431 2152 modo
1453 2122 1610 2152 laudando
1629 2125 1709 2159 pelo.

251 2186 348 2216 Suam
377 2186 492 2227 agendi
521 2188 672 2218 rationem
702 2189 731 2219 in
759 2191 854 2221 rebus
884 2192 923 2222 ad
955 2192 1052 2222 vitam
1080 2193 1274 2223 necessariis
1301 2191 1446 2232 petendis
1473 2192 1590 2225 laudat.
1619 2193 1757 2223 Metrum
1782 2198 1933 2221 versuum

153 2253 203 2280 est
229 2249 327 2290 prima
353 2249 476 2289 species
504 2250 594 2279 metri
615 2250 780 2281 Monsarih
804 2253 953 2292 appellati
978 2259 1010 2284 et
1031 2254 1135 2285 littera
1162 2254 1230 2284 Alif
1251 2254 1281 2283 in
1306 2253 1368 2283 fine
1394 2263 1547 2284 versuum
1572 2252 1807 2283 homoioteleuti
1833 2260 1931 2282 causa

153 2311 259 2342 addita
286 2315 347 2341 est.

152 2399 183 2426 2.
228 2397 327 2426 Lacte
348 2397 557 2426 abundantem
579 2400 610 2426 et
622 2397 672 2427 lac
685 2398 774 2435 larqe
788 2398 914 2428 dantem
935 2400 1084 2429 camelam
1107 2399 1229 2437 mul-1720
1251 2403 1282 2429 et
1299 2400 1428 2438 papillis
1450 2400 1585 2430 aliarum
1606 2398 1784 2436 mulyendis
1805 2406 1930 2435 operam

982 2462 1044 2482 non
1066 2454 1113 2483 do.

252 2520 390 2551 Sensum
419 2521 532 2561 prioris
558 2532 677 2553 versus
707 2523 869 2554 illustrans
895 2533 933 2554 se
959 2524 1084 2555 nonnisi
1110 2533 1301 2565 generosos,
1328 2524 1379 2563 qui
1405 2524 1533 2554 multum
1559 2532 1630 2554 cum
1656 2522 1819 2560 voluptate
1845 2522 1930 2562 dent,

154 2581 260 2622 adire;
300 2587 392 2623 turpe
429 2584 510 2614 enim
546 2584 705 2616 ducebant
737 2595 854 2617 avaros
887 2585 1038 2617 donorum
1074 2595 1173 2617 causa
1207 2585 1304 2619 adire.
1356 2586 1534 2617 Liberalem
1560 2588 1665 2615 autem
1692 2593 1762 2615 cum
1797 2586 1931 2627 camela,
