2155 2892
932 138 1200 170 —202—

946 233 1174 267 cxvln.

837 331 841 334 .
883 299 1087 333 Alohssni
1111 300 1247 334 «lixit.

170 368 196 397 1.
227 367 357 403 Tempus
379 363 499 396 mecvm
519 367 602 405 filios
625 377 707 396 meos
730 368 834 397 divisi!
853 371 883 396 et
903 378 997 406 quum
1021 371 1089 397 eius
1110 371 1270 398 dimidium
1289 372 1411 407 finitum
1427 374 1517 402 esset,
1544 381 1643 399 meum
1661 371 1821 399 dimidium
1835 373 1957 401 int-usit.

266 437 453 467 Iniustitiam
480 437 632 476 temporis
661 441 795 467 accusat
824 437 944 475 dicens,
973 442 1097 477 tempus
1125 439 1256 478 primum
1284 440 1344 479 ipsi
1373 439 1530 469 dimidiam
1553 440 1686 470 filiorum
1715 446 1836 479 partem
1863 445 1959 471 morte

169 499 327 538 eripuisse
354 505 387 529 et
414 505 479 530 tum
507 505 539 530 et
567 501 698 530 alteram
727 501 788 539 ipsi
823 501 963 531 relictam
991 506 1110 541 partem
1138 504 1311 533 invasisse.
1373 503 1522 542 Tempori
1559 504 1684 533 Arabes
1718 513 1871 534 summam
1899 513 1959 543 po-

167 562 310 603 tentiam,
338 563 390 592 cui
416 572 508 592 nemo
537 563 690 592 resistere
712 564 817 603 possit
846 569 878 594 et
905 564 1089 594 iniustitiam
1104 565 1286 595 adscribunt
1313 564 1415 595 conf.
1434 565 1531 595 Meid.
1552 566 1588 594 Τ.
1606 566 1658 594 ΙΙΙ.
1676 566 1711 595 P.
1729 565 1760 595 2.
1782 576 1811 605 p.
1833 564 1898 595 138
1909 574 1958 603 sq.

167 624 369 656 scholiastes
397 635 439 655 ex
465 625 622 654 Mersukii
650 628 878 656 commentario
906 628 1090 657 exscribens
1120 627 1243 668 legendi
1272 627 1409 664 modum,
1437 629 1488 666 qui
1516 628 1543 657 in
1572 633 1661 658 textu
1687 628 1875 667 reperiatur,
1904 638 1959 667 per

169 688 298 728 longum
326 688 478 728 temporis
506 689 643 728 spatium
667 689 819 719 usitatum
840 689 942 719 fuisse
961 689 1133 719 adnotavit.
1165 688 1329 726 Quendam
1346 691 1447 719 virum
1475 689 1599 720 doctum
1627 690 1697 720 loeo
1724 693 1817 720 vocis
1847 687 1958 733 ³5laxzq,

169 764 258 793 utin
286 764 444 793 Mersukii
471 763 580 793 codice
608 773 664 803 pro
699 760 814 808 53le
852 764 999 804 exsistit,
1033 763 1154 805 legisse
1190 760 1292 808 SJK-wa
1331 767 1361 794 et
1395 748 1476 808 υ;ΙΞᾹ;;
1508 753 1623 810 5:294.
1686 766 1815 795 Modum
1851 770 1958 795 autem

169 820 240 863 (po
258 819 390 863 129.)
420 826 544 866 legendi
572 827 684 857 falsum
713 836 800 856 esse.
854 827 931 857 Cum
959 827 1019 856 hoc
1048 826 1195 865 loquendi
1223 827 1349 857 modum
1378 837 1395 858 a
1424 829 1633 868 grammatico
1665 830 1869 861 Abu-Saido
1897 830 1955 861 ad-

168 893 308 918 notatum
336 893 360 932 8)
437 885 507 933 0515
528 893 580 930 ,λθ
610 889 709 930 (gens
730 888 882 928 quaedam
901 893 948 918 tot
972 898 1077 919 mares
1097 893 1174 928 quot
1193 889 1321 919 feminas
1341 890 1579 929 complectitur)
1600 890 1783 921 cohaerere.
1812 893 1957 934 Legendi

169 951 292 980 modum
319 947 400 995 '‘53²³“
427 953 525 997 &nisi
555 951 612 990 (ad
646 951 785 981 ultimum
823 951 968 981 dimidiae
1003 953 1102 991 partis
1139 940 1303 992 pervenit)
1338 953 1429 983 alteri
1465 958 1527 983 tam
1564 963 1663 983 sensu
1699 964 1790 993 quam
1825 955 1956 986 vocibus

169 1013 411 1052 praeferendum
439 1023 525 1044 esse.
579 1014 624 1044 Se
653 1018 760 1044 autem
788 1013 915 1054 legendi
947 1014 1069 1044 modum
1098 1009 1200 1057 εἱῖαῶς
1229 1015 1433 1054 praetulisse,
1468 1014 1550 1054 quod
1578 1025 1642 1045 vox
1669 1012 1750 1058 &jhm
1777 1016 1807 1045 in
1835 1018 1955 1056 portio-

168 1076 260 1105 nibus
287 1075 424 1106 adhibita
449 1085 511 1106 non
528 1076 590 1116 sit3
619 1086 685 1106 vox
711 1080 818 1106 autem
837 1072 913 1123 512&
940 1085 1011 1106 cum
1041 1076 1163 1106 mediae
1183 1077 1282 1116 partis
1303 1077 1536 1118 significatione
1558 1078 1744 1118 frequenter
1767 1079 1954 1111 inveniatur.

168 1138 261 1167 Hanc
288 1137 433 1168 dimidiae
461 1138 561 1177 partis
588 1137 858 1179 significationem
889 1139 919 1168 in
946 1139 1114 1178 proverbio
1141 1136 1255 1182 (Meid.
1286 1140 1323 1171 C.
1353 1141 1386 1177 6,
1418 1141 1490 1180 18.)
1522 1141 1681 1181 »Tempus
1717 1142 1861 1172 dimidias
1888 1142 1956 1172 eius

168 1206 278 1242 partes
306 1201 343 1240 (i.
370 1211 397 1232 e.
424 1202 497 1232 bina
523 1201 640 1241 ubera)
669 1201 794 1231 mulsit«
824 1201 843 1231 i.
871 1212 898 1231 e.
926 1202 1123 1241 experientia
1151 1201 1283 1232 edoctus
1311 1202 1384 1243 suit,
1412 1202 1555 1234 inveniri.
1617 1204 1651 1232 In
1678 1204 1812 1234 'sebrisii
1847 1204 1956 1235 codice

167 1266 239 1296 voci
266 1261 308 1295 ok
335 1266 415 1296 alter
438 1266 566 1307 legendi
592 1265 705 1295 modus
733 1261 779 1299 &la
807 1264 1006 1305 (inelinavit)
1034 1265 1274 1304 superscriptus
1301 1269 1362 1294 est.
1559 1307 1570 1325 Ι

168 1351 199 1380 2.
220 1350 337 1380 Eheu!
355 1353 474 1380 ulmam
495 1355 596 1380 mater
617 1361 685 1380 mea
706 1360 754 1380 me
776 1359 836 1379 non
856 1353 1032 1388 peperisset
1049 1355 1079 1379 el
1100 1353 1220 1380 utinam
1243 1360 1298 1387 eqo
1322 1353 1350 1379 le
1374 1354 1633 1388 praecessissent,
1669 1361 1763 1389 quum
1791 1353 1833 1381 ad
1858 1361 1955 1382 unum

880 1416 1009 1443 scopum
1032 1405 1257 1435 curreremus!

266 1475 369 1505 'ramo
397 1475 436 1505 ob
464 1476 533 1506 eius
562 1481 693 1506 mortem
722 1475 830 1506 dolore
858 1475 1022 1515 adficitur,
1054 1481 1088 1506 ut
1117 1480 1171 1505 aut
1199 1484 1234 1505 se
1261 1481 1368 1506 natum
1396 1484 1455 1505 non
1482 1485 1557 1505 esse
1585 1480 1638 1505 aut
1670 1481 1743 1505 ante
1772 1486 1843 1506 eum
1872 1475 1953 1506 diem

140 1573 145 1577 1
170 1537 290 1567 obiisse
317 1544 427 1577 optet,
456 1547 539 1568 mors
566 1540 646 1569 enim
674 1549 793 1578 scopus
822 1544 883 1577 est,
910 1539 948 1569 ad
977 1550 1066 1580 quein
1099 1550 1208 1569 omnes
1237 1539 1388 1569 mortales
1416 1545 1554 1569 currunt.
1609 1539 1828 1569 Calamitatem
1858 1539 1955 1579 igitur

170 1603 319 1639 tanquam
348 1601 573 1641 gravissimam
603 1607 635 1632 et
662 1612 723 1632 non
750 1602 909 1632 serendam
937 1602 1098 1632 describit.

168 1682 201 1712 3.
224 1683 272 1713 Ab
294 1694 328 1714 eo
351 1695 520 1723 coynomen
550 1689 737 1725 accipiebam
770 1692 800 1716 el
828 1691 1073 1726 quoliescunque
1103 1689 1161 1715 islo
1188 1688 1312 1715 nomine
1342 1695 1389 1714 me
1418 1685 1634 1722 appellabant,
1668 1684 1828 1728 lacrymae
1858 1694 1954 1721 super

158 1728 162 1731 ι
887 1743 1029 1780 iuynlum
1051 1742 1233 1780 defluebant.

268 1809 363 1839 Pater
397 1819 415 1839 a
449 1809 513 1839 filio
550 1820 724 1852 cognomen
761 1813 950 1851 accipiebat.
1004 1813 1059 1842 Sic
1086 1811 1328 1841 Mohammedcs
1357 1810 1592 1840 Abu-l'Kasem
1621 1813 1862 1851 cognominatus
1890 1816 1951 1842 est.

168 1871 281 1902 Filium
310 1873 428 1903 habere
454 1874 535 1912 patri
563 1873 666 1904 decori
695 1880 775 1915 erat,
803 1885 862 1914 quo
890 1880 995 1905 autem
1023 1875 1132 1904 melior
1156 1880 1188 1904 et
1216 1875 1329 1903 clarior
1348 1874 1428 1903 filius
1445 1879 1523 1910 erat,
1552 1884 1589 1902 eo
1606 1875 1704 1903 maius
1725 1873 1823 1913 patris
1844 1873 1951 1904 decus.

167 1936 248 1966 Filio
276 1942 381 1967 autem
408 1942 528 1967 mortuo
555 1938 746 1980 recordatio,
774 1949 867 1978 quum
895 1940 957 1969 isto
984 1939 1169 1979 cognomine
1195 1939 1422 1978 appellaretur,
1461 1941 1494 1968 ut
1521 1938 1679 1976 lacrymas
1716 1937 1822 1978 largas
1857 1938 1953 1967 emit-

168 2004 261 2040 teret,
289 2000 405 2030 effecit.

166 2072 198 2100 4.
222 2072 323 2101 Dente
346 2081 513 2111 ¹unqueque
535 2075 645 2101 contra
667 2072 773 2102 hostes
793 2075 969 2103 instructus
992 2083 1093 2109 ermn;
1116 2073 1173 2101 sed
1192 2082 1292 2109 neque
1313 2073 1433 2101 dentem
1457 2081 1556 2100 meum
1581 2081 1679 2110 neque
1697 2081 1833 2109 uuynem
1853 2082 1951 2102 meum

961 2130 1023 2156 iam
1046 2130 1164 2156 timent.

265 2181 344 2211 Filio
370 2183 460 2222 vivo,
489 2191 583 2221 quum
612 2183 725 2212 robore
753 2187 785 2212 et
813 2182 994 2213 fortitudine
1021 2183 1186 2222 praeditus
1220 2187 1328 2221 esset,
1368 2187 1479 2212 contra
1506 2182 1648 2211 inimicos
1685 2181 1834 2212 defensus
1869 2187 1950 2221 erat,

166 2250 200 2275 ut
227 2254 318 2274 nemo
346 2243 568 2274 eumxlaedere
595 2245 736 2275 auderet.
790 2246 852 2275 lam
879 2255 962 2276 nunc
989 2246 1107 2276 auxilio
1137 2244 1190 2274 filii
1219 2244 1364 2284 privatus
1391 2253 1409 2273 a
1436 2245 1558 2276 nemine
1586 2246 1723 2273 timetur.
1775 2243 1833 2273 Vir
1859 2242 1950 2272 fortis

166 2308 299 2346 aliisque
326 2307 484 2337 timendus
510 2316 610 2346 saepe
637 2316 710 2337 cum
738 2307 861 2338 animali
889 2318 1022 2349 rapace,
1058 2308 1245 2347 praesertim
1274 2315 1340 2337 cum
1368 2306 1479 2345 leone,
1515 2307 1567 2347 qui
1593 2312 1655 2337 tam
1683 2306 1829 2337 dentibus
1858 2314 1948 2345 quam

167 2368 324 2409 unguibus
351 2368 509 2406 vulnerat,
546 2373 747 2407 comparatur
773 2368 872 2398 cons.
901 2369 990 2399 Ham.
1019 2379 1048 2409 p.
1078 2368 1123 2398 503²
1149 2379 1181 2398 v.
1215 2369 1242 2400 1.
1269 2378 1298 2407 p.
1327 2370 1367 2397 ΙνΑ
1393 2378 1425 2397 v.
1454 2367 1485 2397 3.
1515 2378 1543 2407 p.
1572 2369 1615 2398 t‘slv
1643 2378 1674 2398 v.
1703 2368 1734 2397 2.
1762 2372 1823 2397 etc.
1878 2367 1950 2397 Nec

166 2437 257 2468 vern,
284 2429 542 2467 quemadmodum
565 2429 759 2459 scholiastes
780 2429 956 2471 adnotavit,
986 2431 1047 2461 isto
1067 2431 1269 2470 comparandi
1288 2431 1380 2461 modo
1399 2441 1487 2461 arma
1506 2430 1721 2471 designantur.
1749 2428 1948 2458 Scholiastes

167 2489 251 2530 dicit,
278 2494 399 2529 poetam
426 2491 520 2532 velle,
546 2500 583 2521 se
612 2502 715 2532 neque
743 2492 869 2522 dentem
896 2502 998 2532 neque
1024 2503 1163 2535 unguem
1191 2494 1324 2534 amplius
1352 2494 1482 2532 habere,
1510 2499 1544 2524 ut
1570 2493 1718 2522 timeatur
1746 2496 1779 2522 et
1806 2491 1950 2531 loquendi

168 2551 292 2581 modum
319 2553 449 2583 similem
477 2553 508 2582 in
533 2552 734 2584 hemistichio
769 2554 903 2585 inveniri
937 2556 1043 2594 (metr.
1071 2556 1204 2596 Sarih):
1243 2557 1330 2587 Non
1364 2557 1419 2587 ibi
1453 2555 1625 2585 videbis
1662 2554 1870 2584 lacertam
1910 2555 1948 2583 in

167 2611 377 2644 latibulum
404 2616 622 2648 intrantem
651 2618 687 2658 (i.
717 2628 746 2648 e.
774 2618 919 2657 nullam).
