<?xml version="1.0" encoding="UTF-8"?>
<!DOCTYPE html PUBLIC "-//W3C//DTD XHTML 1.0 Transitional//EN"
    "http://www.w3.org/TR/xhtml1/DTD/xhtml1-transitional.dtd">
<html xmlns="http://www.w3.org/1999/xhtml" xml:lang="en" lang="en">
 <head>
  <title>
</title>
<meta http-equiv="Content-Type" content="text/html;charset=utf-8" />
  <meta name='ocr-system' content='tesseract 3.04.00' />
  <meta name='ocr-capabilities' content='ocr_page ocr_carea ocr_par ocr_line ocrx_word'/>
</head>
<body>
  <div class='ocr_page' id='page_1' title='image "./p2hamassaecarmin02abbiuoft_0102.png"; bbox 0 0 2155 2892; ppageno 0'>
   <div class='ocr_carea' id='block_1_1' title="bbox 902 103 1146 135">
    <p class='ocr_par' dir='ltr' id='par_1_1' title="bbox 902 103 1146 135">
     <span class='ocr_line' id='line_1_1' title="bbox 902 103 1146 135; baseline -0.004 -6"><span class='ocrx_word' id='word_1_1' title='bbox 902 103 1146 135; x_wconf 74' lang='grc'><strong>-92-</strong></span> 
     </span>
    </p>
   </div>
   <div class='ocr_carea' id='block_1_2' title="bbox 126 199 1918 629">
    <p class='ocr_par' dir='ltr' id='par_1_2' title="bbox 126 199 1918 629">
     <span class='ocr_line' id='line_1_2' title="bbox 910 199 1104 234; baseline -0.015 0"><span class='ocrx_word' id='word_1_2' title='bbox 910 199 1104 234; x_wconf 76' lang='lat' dir='ltr'><strong>XLVII.</strong></span> 
     </span>
     <span class='ocr_line' id='line_1_3' title="bbox 163 261 1883 309; baseline -0.005 -5"><span class='ocrx_word' id='word_1_3' title='bbox 163 269 303 305; x_wconf 69' lang='lat' dir='ltr'><strong>uixit</strong></span> <span class='ocrx_word' id='word_1_4' title='bbox 325 267 595 302; x_wconf 70' lang='lat' dir='ltr'><strong>Fathiniah</strong></span> <span class='ocrx_word' id='word_1_5' title='bbox 618 266 722 301; x_wconf 79' lang='lat' dir='ltr'><strong>filia</strong></span> <span class='ocrx_word' id='word_1_6' title='bbox 745 265 1039 309; x_wconf 69' lang='lat' dir='ltr'><strong>Aladjhami</strong></span> <span class='ocrx_word' id='word_1_7' title='bbox 1062 266 1125 299; x_wconf 77' lang='lat' dir='ltr'><strong>ad</strong></span> <span class='ocrx_word' id='word_1_8' title='bbox 1149 266 1342 307; x_wconf 78' lang='lat' dir='ltr'><strong>gentem</strong></span> <span class='ocrx_word' id='word_1_9' title='bbox 1366 263 1593 298; x_wconf 68' lang='lat' dir='ltr'><strong>cinosaah</strong></span> <span class='ocrx_word' id='word_1_10' title='bbox 1618 261 1883 304; x_wconf 64' lang='lat' dir='ltr'><strong>pertinens.</strong></span> 
     </span>
     <span class='ocr_line' id='line_1_4' title="bbox 228 333 1915 380; baseline -0.004 -10"><span class='ocrx_word' id='word_1_11' title='bbox 228 342 323 371; x_wconf 86' lang='lat' dir='ltr'><strong>Pater</strong></span> <span class='ocrx_word' id='word_1_12' title='bbox 350 340 505 380; x_wconf 80' lang='lat' dir='ltr'>poetriae,</span> <span class='ocrx_word' id='word_1_13' title='bbox 532 339 617 369; x_wconf 90' lang='lat' dir='ltr'><strong>filius</strong></span> <span class='ocrx_word' id='word_1_14' title='bbox 646 339 813 369; x_wconf 87' lang='lat' dir='ltr'><strong>Dindinahi</strong></span> <span class='ocrx_word' id='word_1_15' title='bbox 841 338 1058 377; x_wconf 64' lang='lat' dir='ltr'><strong>Cliosaihtae,</strong></span> <span class='ocrx_word' id='word_1_16' title='bbox 1096 337 1228 367; x_wconf 89' lang='lat' dir='ltr'><strong>maritus</strong></span> <span class='ocrx_word' id='word_1_17' title='bbox 1257 336 1423 376; x_wconf 66' lang='lat' dir='ltr'><strong>Chalidae,</strong></span> <span class='ocrx_word' id='word_1_18' title='bbox 1450 335 1533 365; x_wconf 83' lang='lat' dir='ltr'><strong>filiae</strong></span> <span class='ocrx_word' id='word_1_19' title='bbox 1561 334 1725 365; x_wconf 88' lang='lat' dir='ltr'><strong>Haschimi</strong></span> <span class='ocrx_word' id='word_1_20' title='bbox 1747 335 1776 364; x_wconf 90' lang='lat' dir='ltr'><strong>b.</strong></span> <span class='ocrx_word' id='word_1_21' title='bbox 1803 333 1915 363; x_wconf 84' lang='lat' dir='ltr'><strong>Abbd-</strong></span> 
     </span>
     <span class='ocr_line' id='line_1_5' title="bbox 126 395 1917 441; baseline -0.006 -8"><span class='ocrx_word' id='word_1_22' title='bbox 126 402 365 434; x_wconf 87' lang='lat' dir='ltr'><strong>Almoththaleb</strong></span> <span class='ocrx_word' id='word_1_23' title='bbox 392 408 425 431; x_wconf 87' lang='lat' dir='ltr'><strong>et</strong></span> <span class='ocrx_word' id='word_1_24' title='bbox 449 401 599 441; x_wconf 82' lang='lat' dir='ltr'><strong>princeps</strong></span> <span class='ocrx_word' id='word_1_25' title='bbox 635 401 717 431; x_wconf 87' lang='lat' dir='ltr'><strong>inter</strong></span> <span class='ocrx_word' id='word_1_26' title='bbox 745 401 870 430; x_wconf 78' lang='lat' dir='ltr'>Arabes</span> <span class='ocrx_word' id='word_1_27' title='bbox 904 400 1007 429; x_wconf 86' lang='lat' dir='ltr'><strong>fuisse</strong></span> <span class='ocrx_word' id='word_1_28' title='bbox 1043 399 1166 429; x_wconf 85' lang='lat' dir='ltr'><strong>dicitur.</strong></span> <span class='ocrx_word' id='word_1_29' title='bbox 1228 398 1367 429; x_wconf 78' lang='lat' dir='ltr'><strong>Gentem</strong></span> <span class='ocrx_word' id='word_1_30' title='bbox 1397 397 1547 429; x_wconf 81' lang='lat' dir='ltr'><strong>Cliosaah</strong></span> <span class='ocrx_word' id='word_1_31' title='bbox 1575 401 1678 427; x_wconf 87' lang='lat' dir='ltr'><strong>autem</strong></span> <span class='ocrx_word' id='word_1_32' title='bbox 1706 405 1820 425; x_wconf 89' lang='lat' dir='ltr'><strong>nomen</strong></span> <span class='ocrx_word' id='word_1_33' title='bbox 1845 395 1917 424; x_wconf 90' lang='lat' dir='ltr'><strong>inde</strong></span> 
     </span>
     <span class='ocr_line' id='line_1_6' title="bbox 128 456 1918 504; baseline -0.004 -10"><span class='ocrx_word' id='word_1_34' title='bbox 128 464 297 504; x_wconf 86' lang='lat' dir='ltr'><strong>accepisse</strong></span> <span class='ocrx_word' id='word_1_35' title='bbox 323 464 455 503; x_wconf 87' lang='lat' dir='ltr'><strong>volunt,</strong></span> <span class='ocrx_word' id='word_1_36' title='bbox 493 463 578 503; x_wconf 88' lang='lat' dir='ltr'><strong>quod</strong></span> <span class='ocrx_word' id='word_1_37' title='bbox 605 473 623 493; x_wconf 93' lang='lat' dir='ltr'><strong>a</strong></span> <span class='ocrx_word' id='word_1_38' title='bbox 650 468 745 502; x_wconf 81' lang='lat' dir='ltr'><strong>gente</strong></span> <span class='ocrx_word' id='word_1_39' title='bbox 774 461 843 491; x_wconf 87' lang='lat' dir='ltr'><strong>Asd</strong></span> <span class='ocrx_word' id='word_1_40' title='bbox 871 466 1037 500; x_wconf 88' lang='lat' dir='ltr'><strong>tempore,</strong></span> <span class='ocrx_word' id='word_1_41' title='bbox 1073 470 1133 500; x_wconf 88' lang='lat' dir='ltr'><strong>quo</strong></span> <span class='ocrx_word' id='word_1_42' title='bbox 1162 460 1192 489; x_wconf 93' lang='lat' dir='ltr'><strong>in</strong></span> <span class='ocrx_word' id='word_1_43' title='bbox 1220 462 1383 501; x_wconf 84' lang='lat' dir='ltr'><strong>regionem</strong></span> <span class='ocrx_word' id='word_1_44' title='bbox 1412 459 1525 498; x_wconf 85' lang='lat' dir='ltr'><strong>Hidjas</strong></span> <span class='ocrx_word' id='word_1_45' title='bbox 1560 459 1663 488; x_wconf 89' lang='lat' dir='ltr'><strong>locum</strong></span> <span class='ocrx_word' id='word_1_46' title='bbox 1691 457 1793 487; x_wconf 85' lang='lat' dir='ltr'><strong>Marib</strong></span> <span class='ocrx_word' id='word_1_47' title='bbox 1819 456 1918 486; x_wconf 83' lang='lat' dir='ltr'><strong>relin-</strong></span> 
     </span>
     <span class='ocr_line' id='line_1_7' title="bbox 128 519 1917 573; baseline -0.005 -16"><span class='ocrx_word' id='word_1_48' title='bbox 128 532 265 568; x_wconf 89' lang='lat' dir='ltr'><strong>quentes</strong></span> <span class='ocrx_word' id='word_1_49' title='bbox 281 526 461 568; x_wconf 79' lang='lat' dir='ltr'>tenderent,</span> <span class='ocrx_word' id='word_1_50' title='bbox 483 535 518 556; x_wconf 89' lang='lat' dir='ltr'><strong>se</strong></span> <span class='ocrx_word' id='word_1_51' title='bbox 534 525 757 565; x_wconf 83' lang='lat' dir='ltr'>separaverint</span> <span class='ocrx_word' id='word_1_52' title='bbox 772 523 897 573; x_wconf 42' lang='grc' dir='ltr'><strong>(εἱ-ζῆ</strong></span> <span class='ocrx_word' id='word_1_53' title='bbox 924 524 1016 562; x_wconf 86' lang='lat' dir='ltr'><strong>(con</strong></span> <span class='ocrx_word' id='word_1_54' title='bbox 1026 523 1047 552; x_wconf 92' lang='lat' dir='ltr'><strong>f.</strong></span> <span class='ocrx_word' id='word_1_55' title='bbox 1074 523 1212 554; x_wconf 84' lang='lat' dir='ltr'><strong>Pocock.</strong></span> <span class='ocrx_word' id='word_1_56' title='bbox 1233 532 1321 562; x_wconf 89' lang='lat' dir='ltr'><strong>spec.</strong></span> <span class='ocrx_word' id='word_1_57' title='bbox 1341 523 1416 554; x_wconf 89' lang='lat' dir='ltr'><strong>hist.</strong></span> <span class='ocrx_word' id='word_1_58' title='bbox 1432 523 1529 568; x_wconf 85' lang='lat' dir='ltr'><strong>Arab.</strong></span> <span class='ocrx_word' id='word_1_59' title='bbox 1547 533 1576 562; x_wconf 91' lang='lat' dir='ltr'><strong>p.</strong></span> <span class='ocrx_word' id='word_1_60' title='bbox 1599 521 1679 551; x_wconf 80' lang='lat'><strong>473.</strong></span> <span class='ocrx_word' id='word_1_61' title='bbox 1700 525 1732 550; x_wconf 87' lang='lat' dir='ltr'><strong>et</strong></span> <span class='ocrx_word' id='word_1_62' title='bbox 1749 519 1917 550; x_wconf 75' lang='lat' dir='ltr'><strong>Reiskium</strong></span> 
     </span>
     <span class='ocr_line' id='line_1_8' title="bbox 127 581 1917 629; baseline -0.006 -9"><span class='ocrx_word' id='word_1_63' title='bbox 127 589 165 620; x_wconf 86' lang='lat' dir='ltr'><strong>de</strong></span> <span class='ocrx_word' id='word_1_64' title='bbox 192 589 332 620; x_wconf 87' lang='lat' dir='ltr'>Arabum</span> <span class='ocrx_word' id='word_1_65' title='bbox 358 588 480 628; x_wconf 85' lang='lat' dir='ltr'>epocha</span> <span class='ocrx_word' id='word_1_66' title='bbox 506 592 628 617; x_wconf 87' lang='lat' dir='ltr'><strong>vetust.</strong></span> <span class='ocrx_word' id='word_1_67' title='bbox 649 587 716 617; x_wconf 88' lang='lat' dir='ltr'><strong>Sail</strong></span> <span class='ocrx_word' id='word_1_68' title='bbox 738 586 776 617; x_wconf 97' lang='lat' dir='ltr'><strong>Ol</strong></span> <span class='ocrx_word' id='word_1_69' title='bbox 796 588 924 624; x_wconf 78' lang='lat' dir='ltr'><strong>Arem).</strong></span> <span class='ocrx_word' id='word_1_70' title='bbox 976 587 1076 616; x_wconf 89' lang='lat' dir='ltr'><strong>Poeta</strong></span> <span class='ocrx_word' id='word_1_71' title='bbox 1105 586 1183 615; x_wconf 82' lang='lat' dir='ltr'><strong>dixit</strong></span> <span class='ocrx_word' id='word_1_72' title='bbox 1211 582 1489 629; x_wconf 76' lang='lat' dir='ltr'><strong>(nielr.&#39;1&#39;liawil):</strong></span> <span class='ocrx_word' id='word_1_73' title='bbox 1518 586 1566 614; x_wconf 86' lang='lat' dir='ltr'><strong>Et</strong></span> <span class='ocrx_word' id='word_1_74' title='bbox 1593 594 1708 624; x_wconf 87' lang='lat' dir='ltr'><strong>quum</strong></span> <span class='ocrx_word' id='word_1_75' title='bbox 1737 585 1774 612; x_wconf 91' lang='lat' dir='ltr'><strong>in</strong></span> <span class='ocrx_word' id='word_1_76' title='bbox 1804 581 1917 611; x_wconf 87' lang='lat' dir='ltr'><strong>valle</strong></span> 
     </span>
    </p>
   </div>
   <div class='ocr_carea' id='block_1_3' title="bbox 128 643 1914 692">
    <p class='ocr_par' dir='ltr' id='par_1_3' title="bbox 128 643 1914 692">
     <span class='ocr_line' id='line_1_9' title="bbox 128 643 1914 692; baseline -0.006 -9"><span class='ocrx_word' id='word_1_77' title='bbox 128 653 237 683; x_wconf 89' lang='lat' dir='ltr'><strong>Marr</strong></span> <span class='ocrx_word' id='word_1_78' title='bbox 264 652 646 692; x_wconf 63' lang='lat' dir='ltr'><strong>substitissemus,</strong></span> <span class='ocrx_word' id='word_1_79' title='bbox 676 659 776 680; x_wconf 70' lang='lat' dir='ltr'><strong>‹rens</strong></span> <span class='ocrx_word' id='word_1_80' title='bbox 805 649 1004 680; x_wconf 87' lang='lat' dir='ltr'><strong>Chosaah</strong></span> <span class='ocrx_word' id='word_1_81' title='bbox 1031 658 1116 678; x_wconf 90' lang='lat' dir='ltr'><strong>cum</strong></span> <span class='ocrx_word' id='word_1_82' title='bbox 1144 648 1380 689; x_wconf 84' lang='lat' dir='ltr'>agminibus</span> <span class='ocrx_word' id='word_1_83' title='bbox 1414 657 1459 676; x_wconf 90' lang='lat' dir='ltr'><strong>se</strong></span> <span class='ocrx_word' id='word_1_84' title='bbox 1486 647 1655 676; x_wconf 88' lang='lat' dir='ltr'><strong>anobis</strong></span> <span class='ocrx_word' id='word_1_85' title='bbox 1683 643 1914 684; x_wconf 85' lang='lat' dir='ltr'><strong>separavit.</strong></span> 
     </span>
    </p>
   </div>
   <div class='ocr_carea' id='block_1_4' title="bbox 674 676 694 691">
    <p class='ocr_par' dir='ltr' id='par_1_4' title="bbox 674 676 694 691">
     <span class='ocr_line' id='line_1_10' title="bbox 674 676 694 691; baseline 0 0"><span class='ocrx_word' id='word_1_86' title='bbox 674 676 694 691; x_wconf 67' lang='grc' dir='ltr'>β</span> 
     </span>
    </p>
   </div>
   <div class='ocr_carea' id='block_1_5' title="bbox 92 737 1922 1412">
    <p class='ocr_par' dir='ltr' id='par_1_5' title="bbox 92 737 1919 835">
     <span class='ocr_line' id='line_1_11' title="bbox 92 737 1919 785; baseline -0.008 -6"><span class='ocrx_word' id='word_1_87' title='bbox 92 767 95 770; x_wconf 62' lang='lat'><strong>&gt;</strong></span> <span class='ocrx_word' id='word_1_88' title='bbox 128 749 157 779; x_wconf 83' lang='grc'><strong>1.</strong></span> <span class='ocrx_word' id='word_1_89' title='bbox 180 748 207 779; x_wconf 92' lang='grc'><em>0</em></span> <span class='ocrx_word' id='word_1_90' title='bbox 227 748 316 778; x_wconf 82' lang='lat' dir='ltr'><strong>ocule</strong></span> <span class='ocrx_word' id='word_1_91' title='bbox 338 749 381 776; x_wconf 82' lang='lat' dir='ltr'><strong>mi</strong></span> <span class='ocrx_word' id='word_1_92' title='bbox 387 746 401 775; x_wconf 75' lang='lat' dir='ltr'><strong>l</strong></span> <span class='ocrx_word' id='word_1_93' title='bbox 421 748 530 785; x_wconf 75' lang='lat' dir='ltr'><strong>quovis</strong></span> <span class='ocrx_word' id='word_1_94' title='bbox 554 749 690 782; x_wconf 81' lang='lat' dir='ltr'><strong>tempore</strong></span> <span class='ocrx_word' id='word_1_95' title='bbox 711 746 863 773; x_wconf 78' lang='lat' dir='ltr'><strong>matulina</strong></span> <span class='ocrx_word' id='word_1_96' title='bbox 887 743 1018 772; x_wconf 81' lang='lat' dir='ltr'><strong>mullum</strong></span> <span class='ocrx_word' id='word_1_97' title='bbox 1040 742 1140 780; x_wconf 82' lang='lat' dir='ltr'><strong>plora,</strong></span> <span class='ocrx_word' id='word_1_98' title='bbox 1163 745 1292 779; x_wconf 79' lang='lat' dir='ltr'><strong>propter</strong></span> <span class='ocrx_word' id='word_1_99' title='bbox 1315 741 1547 778; x_wconf 72' lang='lat' dir='ltr'><strong>Aldjarralzum</strong></span> <span class='ocrx_word' id='word_1_100' title='bbox 1570 749 1612 768; x_wconf 64' lang='lat' dir='ltr'><strong>ez·</strong></span> <span class='ocrx_word' id='word_1_101' title='bbox 1634 742 1768 778; x_wconf 77' lang='lat' dir='ltr'><strong>quatuor</strong></span> <span class='ocrx_word' id='word_1_102' title='bbox 1790 737 1919 774; x_wconf 56' lang='lat' dir='ltr'><strong>angulis</strong></span> 
     </span>
     <span class='ocr_line' id='line_1_12' title="bbox 753 794 1294 835; baseline -0.006 -8"><span class='ocrx_word' id='word_1_103' title='bbox 753 799 838 828; x_wconf 79' lang='lat' dir='ltr'><strong>oculi</strong></span> <span class='ocrx_word' id='word_1_104' title='bbox 859 799 1019 835; x_wconf 75' lang='lat' dir='ltr'><strong>lacrymas</strong></span> <span class='ocrx_word' id='word_1_105' title='bbox 1042 798 1131 834; x_wconf 76' lang='lat' dir='ltr'><strong>Iarye</strong></span> <span class='ocrx_word' id='word_1_106' title='bbox 1153 794 1294 833; x_wconf 76' lang='lat' dir='ltr'><strong>effunde!</strong></span> 
     </span>
    </p>

    <p class='ocr_par' dir='ltr' id='par_1_6' title="bbox 128 861 1922 1412">
     <span class='ocr_line' id='line_1_13' title="bbox 229 861 1918 910; baseline -0.008 -7"><span class='ocrx_word' id='word_1_107' title='bbox 229 872 349 903; x_wconf 86' lang='lat' dir='ltr'>Oculos</span> <span class='ocrx_word' id='word_1_108' title='bbox 377 871 528 910; x_wconf 86' lang='lat' dir='ltr'><strong>hortans,</strong></span> <span class='ocrx_word' id='word_1_109' title='bbox 557 876 591 901; x_wconf 87' lang='lat' dir='ltr'><strong>ut</strong></span> <span class='ocrx_word' id='word_1_110' title='bbox 618 871 666 901; x_wconf 93' lang='lat' dir='ltr'><strong>vir</strong></span> <span class='ocrx_word' id='word_1_111' title='bbox 694 871 744 900; x_wconf 83' lang='lat' dir='ltr'><strong>ille</strong></span> <span class='ocrx_word' id='word_1_112' title='bbox 775 868 879 900; x_wconf 87' lang='lat' dir='ltr'><strong>multis</strong></span> <span class='ocrx_word' id='word_1_113' title='bbox 914 867 1062 908; x_wconf 85' lang='lat' dir='ltr'><strong>lacrymis</strong></span> <span class='ocrx_word' id='word_1_114' title='bbox 1095 866 1298 905; x_wconf 59' lang='lat' dir='ltr'><strong>demoretur,</strong></span> <span class='ocrx_word' id='word_1_115' title='bbox 1330 873 1479 905; x_wconf 80' lang='lat' dir='ltr'><strong>magnum</strong></span> <span class='ocrx_word' id='word_1_116' title='bbox 1515 872 1690 892; x_wconf 88' lang='lat' dir='ltr'><strong>moerorem</strong></span> <span class='ocrx_word' id='word_1_117' title='bbox 1724 861 1918 891; x_wconf 86' lang='lat' dir='ltr'><strong>manifestat.</strong></span> 
     </span>
     <span class='ocr_line' id='line_1_14' title="bbox 129 925 1918 979; baseline -0.006 -16"><span class='ocrx_word' id='word_1_118' title='bbox 129 928 340 973; x_wconf 61' lang='lat' dir='ltr'><strong>(lt-⁴113.)</strong></span> <span class='ocrx_word' id='word_1_119' title='bbox 383 935 417 963; x_wconf 94' lang='lat' dir='ltr'><strong>In</strong></span> <span class='ocrx_word' id='word_1_120' title='bbox 444 943 528 963; x_wconf 87' lang='lat' dir='ltr'><strong>voce</strong></span> <span class='ocrx_word' id='word_1_121' title='bbox 555 945 624 979; x_wconf 40' lang='grc' dir='ltr'><strong>(δὴ-ε</strong></span> <span class='ocrx_word' id='word_1_122' title='bbox 649 933 754 963; x_wconf 90' lang='lat' dir='ltr'><strong>littera</strong></span> <span class='ocrx_word' id='word_1_123' title='bbox 780 946 817 972; x_wconf 38' lang='grc' dir='ltr'><strong>μς</strong></span> <span class='ocrx_word' id='word_1_124' title='bbox 853 931 881 961; x_wconf 93' lang='lat' dir='ltr'><strong>in</strong></span> <span class='ocrx_word' id='word_1_125' title='bbox 918 930 981 959; x_wconf 86' lang='lat' dir='ltr'><strong>fine</strong></span> <span class='ocrx_word' id='word_1_126' title='bbox 1018 929 1141 958; x_wconf 86' lang='lat' dir='ltr'><strong>abiecta</strong></span> <span class='ocrx_word' id='word_1_127' title='bbox 1175 932 1226 957; x_wconf 85' lang='lat' dir='ltr'><strong>est</strong></span> <span class='ocrx_word' id='word_1_128' title='bbox 1255 926 1373 965; x_wconf 84' lang='lat' dir='ltr'><strong>(conf.</strong></span> <span class='ocrx_word' id='word_1_129' title='bbox 1406 925 1517 956; x_wconf 85' lang='lat' dir='ltr'><strong>Gram.</strong></span> <span class='ocrx_word' id='word_1_130' title='bbox 1545 926 1591 954; x_wconf 86' lang='lat' dir='ltr'><strong>Ar</strong></span> <span class='ocrx_word' id='word_1_131' title='bbox 1631 925 1667 953; x_wconf 87' lang='grc' dir='ltr'><strong>Τ.</strong></span> <span class='ocrx_word' id='word_1_132' title='bbox 1696 926 1718 954; x_wconf 88' lang='lat'><strong>1.</strong></span> <span class='ocrx_word' id='word_1_133' title='bbox 1748 935 1777 964; x_wconf 90' lang='lat' dir='ltr'><strong>p.</strong></span> <span class='ocrx_word' id='word_1_134' title='bbox 1806 925 1918 963; x_wconf 63' lang='lat'><strong>459.)</strong></span> 
     </span>
     <span class='ocr_line' id='line_1_15' title="bbox 129 987 1918 1041; baseline -0.007 -13"><span class='ocrx_word' id='word_1_135' title='bbox 129 996 280 1028; x_wconf 84' lang='lat' dir='ltr'><strong>Secunda</strong></span> <span class='ocrx_word' id='word_1_136' title='bbox 306 996 395 1025; x_wconf 91' lang='lat' dir='ltr'><strong>verbi</strong></span> <span class='ocrx_word' id='word_1_137' title='bbox 421 992 490 1041; x_wconf 41' lang='lat'><strong>255?</strong></span> <span class='ocrx_word' id='word_1_138' title='bbox 517 995 618 1025; x_wconf 89' lang='lat' dir='ltr'><strong>forma</strong></span> <span class='ocrx_word' id='word_1_139' title='bbox 645 998 699 1024; x_wconf 87' lang='lat' dir='ltr'><strong>aut</strong></span> <span class='ocrx_word' id='word_1_140' title='bbox 726 993 955 1023; x_wconf 73' lang='lat' dir='ltr'><strong>multitudinem</strong></span> <span class='ocrx_word' id='word_1_141' title='bbox 983 992 1127 1031; x_wconf 78' lang='lat' dir='ltr'>ploratus</span> <span class='ocrx_word' id='word_1_142' title='bbox 1155 995 1210 1020; x_wconf 85' lang='lat' dir='ltr'><strong>aut</strong></span> <span class='ocrx_word' id='word_1_143' title='bbox 1229 989 1450 1028; x_wconf 77' lang='lat' dir='ltr'>repetitionem</span> <span class='ocrx_word' id='word_1_144' title='bbox 1470 988 1653 1028; x_wconf 84' lang='lat' dir='ltr'><strong>significare</strong></span> <span class='ocrx_word' id='word_1_145' title='bbox 1675 991 1792 1026; x_wconf 86' lang='lat' dir='ltr'><strong>potest.</strong></span> <span class='ocrx_word' id='word_1_146' title='bbox 1819 987 1918 1016; x_wconf 85' lang='lat' dir='ltr'><strong>Tem-</strong></span> 
     </span>
     <span class='ocr_line' id='line_1_16' title="bbox 129 1049 1920 1098; baseline -0.007 -10"><span class='ocrx_word' id='word_1_147' title='bbox 129 1058 215 1098; x_wconf 84' lang='lat' dir='ltr'>poris</span> <span class='ocrx_word' id='word_1_148' title='bbox 242 1058 385 1088; x_wconf 89' lang='lat' dir='ltr'><strong>matutini</strong></span> <span class='ocrx_word' id='word_1_149' title='bbox 413 1058 604 1086; x_wconf 74' lang='lat' dir='ltr'><strong>mentionem</strong></span> <span class='ocrx_word' id='word_1_150' title='bbox 631 1056 748 1086; x_wconf 84' lang='lat' dir='ltr'><strong>fecisse</strong></span> <span class='ocrx_word' id='word_1_151' title='bbox 777 1055 900 1095; x_wconf 69' lang='lat' dir='ltr'><strong>dicitur,</strong></span> <span class='ocrx_word' id='word_1_152' title='bbox 936 1053 1018 1093; x_wconf 89' lang='lat' dir='ltr'><strong>quod</strong></span> <span class='ocrx_word' id='word_1_153' title='bbox 1054 1054 1113 1083; x_wconf 88' lang='lat' dir='ltr'><strong>isto</strong></span> <span class='ocrx_word' id='word_1_154' title='bbox 1149 1058 1290 1091; x_wconf 88' lang='lat' dir='ltr'><strong>tempore</strong></span> <span class='ocrx_word' id='word_1_155' title='bbox 1326 1053 1355 1081; x_wconf 91' lang='lat' dir='ltr'><strong>in</strong></span> <span class='ocrx_word' id='word_1_156' title='bbox 1392 1051 1540 1080; x_wconf 85' lang='lat' dir='ltr'><strong>hostilem</strong></span> <span class='ocrx_word' id='word_1_157' title='bbox 1574 1054 1690 1079; x_wconf 83' lang='lat' dir='ltr'><strong>terram</strong></span> <span class='ocrx_word' id='word_1_158' title='bbox 1725 1049 1920 1078; x_wconf 81' lang='lat' dir='ltr'><strong>incursiones</strong></span> 
     </span>
     <span class='ocr_line' id='line_1_17' title="bbox 128 1109 1920 1160; baseline -0.007 -8"><span class='ocrx_word' id='word_1_159' title='bbox 128 1121 251 1160; x_wconf 88' lang='lat' dir='ltr'><strong>fecerit,</strong></span> <span class='ocrx_word' id='word_1_160' title='bbox 279 1125 313 1151; x_wconf 89' lang='lat' dir='ltr'><strong>ut</strong></span> <span class='ocrx_word' id='word_1_161' title='bbox 340 1120 452 1150; x_wconf 88' lang='lat' dir='ltr'><strong>eodem</strong></span> <span class='ocrx_word' id='word_1_162' title='bbox 483 1124 623 1158; x_wconf 89' lang='lat' dir='ltr'><strong>tempore</strong></span> <span class='ocrx_word' id='word_1_163' title='bbox 652 1129 706 1159; x_wconf 91' lang='lat' dir='ltr'><strong>pro</strong></span> <span class='ocrx_word' id='word_1_164' title='bbox 736 1118 824 1148; x_wconf 82' lang='lat' dir='ltr'><strong>factis</strong></span> <span class='ocrx_word' id='word_1_165' title='bbox 853 1120 920 1148; x_wconf 91' lang='lat' dir='ltr'><strong>suis</strong></span> <span class='ocrx_word' id='word_1_166' title='bbox 943 1118 1103 1156; x_wconf 83' lang='lat' dir='ltr'><strong>lacrymae</strong></span> <span class='ocrx_word' id='word_1_167' title='bbox 1123 1116 1341 1145; x_wconf 83' lang='lat' dir='ltr'><strong>funderentur.</strong></span> <span class='ocrx_word' id='word_1_168' title='bbox 1395 1114 1480 1143; x_wconf 83' lang='lat' dir='ltr'><strong>Ante</strong></span> <span class='ocrx_word' id='word_1_169' title='bbox 1496 1122 1611 1142; x_wconf 87' lang='lat' dir='ltr'><strong>vocem</strong></span> <span class='ocrx_word' id='word_1_170' title='bbox 1627 1109 1702 1156; x_wconf 52' lang='grc' dir='ltr'><strong>κιρ)</strong></span> <span class='ocrx_word' id='word_1_171' title='bbox 1723 1109 1920 1140; x_wconf 79' lang='lat' dir='ltr'><strong>antecedens</strong></span> 
     </span>
     <span class='ocr_line' id='line_1_18' title="bbox 128 1175 1920 1235; baseline -0.006 -21"><span class='ocrx_word' id='word_1_172' title='bbox 128 1191 207 1235; x_wconf 43' lang='grc' dir='ltr'><strong>εγω</strong></span> <span class='ocrx_word' id='word_1_173' title='bbox 232 1184 393 1224; x_wconf 81' lang='lat' dir='ltr'><strong>lacrymae</strong></span> <span class='ocrx_word' id='word_1_174' title='bbox 427 1187 460 1212; x_wconf 92' lang='lat' dir='ltr'><strong>et</strong></span> <span class='ocrx_word' id='word_1_175' title='bbox 495 1187 570 1222; x_wconf 91' lang='lat' dir='ltr'><strong>post</strong></span> <span class='ocrx_word' id='word_1_176' title='bbox 605 1191 720 1212; x_wconf 86' lang='lat' dir='ltr'><strong>vocem</strong></span> <span class='ocrx_word' id='word_1_177' title='bbox 756 1179 831 1224; x_wconf 40' lang='grc' dir='ltr'><strong>ἐἰκώ</strong></span> <span class='ocrx_word' id='word_1_178' title='bbox 868 1180 994 1209; x_wconf 89' lang='lat' dir='ltr'><strong>nomina</strong></span> <span class='ocrx_word' id='word_1_179' title='bbox 1030 1180 1151 1209; x_wconf 85' lang='lat' dir='ltr'><strong>omissa</strong></span> <span class='ocrx_word' id='word_1_180' title='bbox 1187 1183 1271 1209; x_wconf 89' lang='lat' dir='ltr'><strong>sunt.</strong></span> <span class='ocrx_word' id='word_1_181' title='bbox 1325 1178 1432 1207; x_wconf 84' lang='lat' dir='ltr'><strong>Minus</strong></span> <span class='ocrx_word' id='word_1_182' title='bbox 1459 1182 1611 1207; x_wconf 86' lang='lat' dir='ltr'><strong>accurate</strong></span> <span class='ocrx_word' id='word_1_183' title='bbox 1638 1176 1804 1205; x_wconf 81' lang='lat' dir='ltr'><strong>&#39;rebrisius</strong></span> <span class='ocrx_word' id='word_1_184' title='bbox 1830 1175 1920 1205; x_wconf 88' lang='lat' dir='ltr'><strong>verbi</strong></span> 
     </span>
     <span class='ocr_line' id='line_1_19' title="bbox 129 1241 1922 1292; baseline -0.005 -16"><span class='ocrx_word' id='word_1_185' title='bbox 129 1244 216 1292; x_wconf 41' lang='lat'><strong>&amp;5225</strong></span> <span class='ocrx_word' id='word_1_186' title='bbox 243 1245 328 1285; x_wconf 45' lang='lat' dir='ltr'><strong>&amp;fligi</strong></span> <span class='ocrx_word' id='word_1_187' title='bbox 355 1245 531 1285; x_wconf 84' lang='lat' dir='ltr'><strong>explicandi</strong></span> <span class='ocrx_word' id='word_1_188' title='bbox 560 1245 664 1286; x_wconf 86' lang='lat' dir='ltr'><strong>gratia</strong></span> <span class='ocrx_word' id='word_1_189' title='bbox 691 1245 864 1283; x_wconf 85' lang='lat' dir='ltr'><strong>scripsisse</strong></span> <span class='ocrx_word' id='word_1_190' title='bbox 892 1242 1028 1272; x_wconf 83' lang='lat' dir='ltr'><strong>videtur.</strong></span> <span class='ocrx_word' id='word_1_191' title='bbox 1082 1241 1226 1279; x_wconf 87' lang='lat' dir='ltr'><strong>Quatuor</strong></span> <span class='ocrx_word' id='word_1_192' title='bbox 1253 1241 1414 1271; x_wconf 86' lang='lat' dir='ltr'><strong>oculorum</strong></span> <span class='ocrx_word' id='word_1_193' title='bbox 1441 1241 1596 1281; x_wconf 79' lang='lat' dir='ltr'><strong>angulos,</strong></span> <span class='ocrx_word' id='word_1_194' title='bbox 1626 1248 1813 1278; x_wconf 87' lang='lat' dir='ltr'><strong>quamquam</strong></span> <span class='ocrx_word' id='word_1_195' title='bbox 1839 1247 1922 1267; x_wconf 91' lang='lat' dir='ltr'><strong>non-</strong></span> 
     </span>
     <span class='ocr_line' id='line_1_20' title="bbox 129 1301 1921 1349; baseline -0.004 -11"><span class='ocrx_word' id='word_1_196' title='bbox 129 1310 190 1339; x_wconf 88' lang='lat' dir='ltr'><strong>nisi</strong></span> <span class='ocrx_word' id='word_1_197' title='bbox 217 1319 259 1339; x_wconf 85' lang='lat' dir='ltr'><strong>ex</strong></span> <span class='ocrx_word' id='word_1_198' title='bbox 283 1308 482 1338; x_wconf 87' lang='lat' dir='ltr'><strong>interioribus</strong></span> <span class='ocrx_word' id='word_1_199' title='bbox 511 1307 637 1348; x_wconf 81' lang='lat' dir='ltr'><strong>angulis</strong></span> <span class='ocrx_word' id='word_1_200' title='bbox 665 1307 823 1346; x_wconf 80' lang='lat' dir='ltr'><strong>lacrymae</strong></span> <span class='ocrx_word' id='word_1_201' title='bbox 846 1305 1021 1345; x_wconf 78' lang='lat' dir='ltr'><strong>profluunt,</strong></span> <span class='ocrx_word' id='word_1_202' title='bbox 1048 1304 1231 1346; x_wconf 82' lang='lat' dir='ltr'><strong>significare</strong></span> <span class='ocrx_word' id='word_1_203' title='bbox 1258 1304 1392 1334; x_wconf 86' lang='lat' dir='ltr'><strong>videtur.</strong></span> <span class='ocrx_word' id='word_1_204' title='bbox 1446 1303 1508 1333; x_wconf 79' lang='lat' dir='ltr'><strong>Alii</strong></span> <span class='ocrx_word' id='word_1_205' title='bbox 1534 1301 1624 1349; x_wconf 52' lang='lat'><strong>03:255</strong></span> <span class='ocrx_word' id='word_1_206' title='bbox 1651 1318 1749 1347; x_wconf 54' lang='lat'><strong>0²2*</strong></span> <span class='ocrx_word' id='word_1_207' title='bbox 1775 1301 1921 1342; x_wconf 78' lang='lat' dir='ltr'><strong>(fistulae</strong></span> 
     </span>
     <span class='ocr_line' id='line_1_21' title="bbox 130 1367 1921 1412; baseline -0.003 -10"><span class='ocrx_word' id='word_1_208' title='bbox 130 1370 361 1412; x_wconf 83' lang='lat' dir='ltr'><strong>lacrymarum)</strong></span> <span class='ocrx_word' id='word_1_209' title='bbox 388 1370 562 1411; x_wconf 82' lang='lat' dir='ltr'><strong>significari</strong></span> <span class='ocrx_word' id='word_1_210' title='bbox 589 1374 711 1409; x_wconf 87' lang='lat' dir='ltr'><strong>putant.</strong></span> <span class='ocrx_word' id='word_1_211' title='bbox 766 1368 911 1406; x_wconf 89' lang='lat' dir='ltr'><strong>Quatuor</strong></span> <span class='ocrx_word' id='word_1_212' title='bbox 940 1373 1044 1398; x_wconf 85' lang='lat' dir='ltr'><strong>autem</strong></span> <span class='ocrx_word' id='word_1_213' title='bbox 1071 1368 1258 1408; x_wconf 80' lang='lat' dir='ltr'><strong>appellavit,</strong></span> <span class='ocrx_word' id='word_1_214' title='bbox 1287 1372 1321 1397; x_wconf 89' lang='lat' dir='ltr'><strong>ut</strong></span> <span class='ocrx_word' id='word_1_215' title='bbox 1349 1367 1452 1397; x_wconf 83' lang='lat' dir='ltr'><strong>onmia</strong></span> <span class='ocrx_word' id='word_1_216' title='bbox 1480 1368 1559 1408; x_wconf 72' lang='lat' dir='ltr'><strong>loca,</strong></span> <span class='ocrx_word' id='word_1_217' title='bbox 1589 1378 1606 1397; x_wconf 90' lang='lat' dir='ltr'><strong>e</strong></span> <span class='ocrx_word' id='word_1_218' title='bbox 1627 1369 1739 1407; x_wconf 88' lang='lat' dir='ltr'><strong>quibus</strong></span> <span class='ocrx_word' id='word_1_219' title='bbox 1760 1369 1921 1408; x_wconf 74' lang='lat' dir='ltr'><strong>lacrymae</strong></span> 
     </span>
    </p>
   </div>
   <div class='ocr_carea' id='block_1_6' title="bbox 131 1430 1920 1484">
    <p class='ocr_par' dir='ltr' id='par_1_7' title="bbox 131 1430 1920 1484">
     <span class='ocr_line' id='line_1_22' title="bbox 131 1430 1920 1484; baseline -0.002 -19"><span class='ocrx_word' id='word_1_220' title='bbox 131 1435 258 1476; x_wconf 90' lang='lat' dir='ltr'><strong>prodire</strong></span> <span class='ocrx_word' id='word_1_221' title='bbox 284 1437 427 1474; x_wconf 79' lang='lat' dir='ltr'><strong>possent,</strong></span> <span class='ocrx_word' id='word_1_222' title='bbox 454 1432 663 1474; x_wconf 86' lang='lat' dir='ltr'><strong>significaret.</strong></span> <span class='ocrx_word' id='word_1_223' title='bbox 700 1433 750 1462; x_wconf 84' lang='lat' dir='ltr'><strong>Ex</strong></span> <span class='ocrx_word' id='word_1_224' title='bbox 782 1433 872 1462; x_wconf 87' lang='lat' dir='ltr'><strong>vocis</strong></span> <span class='ocrx_word' id='word_1_225' title='bbox 901 1430 984 1484; x_wconf 50' lang='lat'><strong>&amp;⁹⁵</strong></span> <span class='ocrx_word' id='word_1_226' title='bbox 1009 1431 1259 1460; x_wconf 89' lang='lat' dir='ltr'><strong>homoioteleuto</strong></span> <span class='ocrx_word' id='word_1_227' title='bbox 1287 1431 1432 1460; x_wconf 85' lang='lat' dir='ltr'><strong>carminis</strong></span> <span class='ocrx_word' id='word_1_228' title='bbox 1452 1431 1572 1461; x_wconf 87' lang='lat' dir='ltr'><strong>initium</strong></span> <span class='ocrx_word' id='word_1_229' title='bbox 1593 1441 1668 1461; x_wconf 86' lang='lat' dir='ltr'><strong>esse</strong></span> <span class='ocrx_word' id='word_1_230' title='bbox 1682 1432 1920 1472; x_wconf 84' lang='lat' dir='ltr'><strong>cognoscimus.</strong></span> 
     </span>
    </p>
   </div>
   <div class='ocr_carea' id='block_1_7' title="bbox 130 1512 1920 1556">
    <p class='ocr_par' dir='ltr' id='par_1_8' title="bbox 130 1512 1920 1556">
     <span class='ocr_line' id='line_1_23' title="bbox 130 1512 1920 1556; baseline -0.002 -7"><span class='ocrx_word' id='word_1_231' title='bbox 130 1521 162 1550; x_wconf 76' lang='lat'><strong>2.</strong></span> <span class='ocrx_word' id='word_1_232' title='bbox 186 1519 284 1549; x_wconf 62' lang='lat' dir='ltr'><strong>lilons</strong></span> <span class='ocrx_word' id='word_1_233' title='bbox 304 1520 382 1548; x_wconf 66' lang='lat' dir='ltr'><strong>milti</strong></span> <span class='ocrx_word' id='word_1_234' title='bbox 403 1528 485 1553; x_wconf 82' lang='lat' dir='ltr'><strong>eras,</strong></span> <span class='ocrx_word' id='word_1_235' title='bbox 512 1519 555 1546; x_wconf 80' lang='lat' dir='ltr'><strong>ml</strong></span> <span class='ocrx_word' id='word_1_236' title='bbox 575 1519 667 1546; x_wconf 79' lang='lat' dir='ltr'><strong>cuius</strong></span> <span class='ocrx_word' id='word_1_237' title='bbox 688 1518 831 1546; x_wconf 80' lang='lat' dir='ltr'><strong>umbram</strong></span> <span class='ocrx_word' id='word_1_238' title='bbox 854 1512 1076 1554; x_wconf 72' lang='lat' dir='ltr'><strong>c&#39;onfuyerem;</strong></span> <span class='ocrx_word' id='word_1_239' title='bbox 1099 1519 1163 1545; x_wconf 88' lang='lat' dir='ltr'><strong>lum</strong></span> <span class='ocrx_word' id='word_1_240' title='bbox 1188 1518 1220 1544; x_wconf 76' lang='lat' dir='ltr'><strong>in</strong></span> <span class='ocrx_word' id='word_1_241' title='bbox 1243 1516 1311 1547; x_wconf 85' lang='lat' dir='ltr'><strong>Ioco</strong></span> <span class='ocrx_word' id='word_1_242' title='bbox 1334 1517 1418 1545; x_wconf 81' lang='lat' dir='ltr'><strong>nudo</strong></span> <span class='ocrx_word' id='word_1_243' title='bbox 1440 1517 1502 1545; x_wconf 82' lang='lat' dir='ltr'><strong>soli</strong></span> <span class='ocrx_word' id='word_1_244' title='bbox 1522 1519 1665 1554; x_wconf 58' lang='lat' dir='ltr'><strong>exposito</strong></span> <span class='ocrx_word' id='word_1_245' title='bbox 1687 1526 1735 1545; x_wconf 86' lang='lat' dir='ltr'><strong>me</strong></span> <span class='ocrx_word' id='word_1_246' title='bbox 1756 1517 1920 1556; x_wconf 78' lang='lat' dir='ltr'><strong>reliquisti.</strong></span> 
     </span>
    </p>
   </div>
   <div class='ocr_carea' id='block_1_8' title="bbox 131 1589 1922 1758">
    <p class='ocr_par' dir='ltr' id='par_1_9' title="bbox 131 1589 1922 1758">
     <span class='ocr_line' id='line_1_24' title="bbox 231 1589 1922 1632; baseline -0.001 -9"><span class='ocrx_word' id='word_1_247' title='bbox 231 1593 275 1624; x_wconf 84' lang='lat' dir='ltr'><strong>Ut</strong></span> <span class='ocrx_word' id='word_1_248' title='bbox 302 1602 433 1623; x_wconf 86' lang='lat' dir='ltr'><strong>causam</strong></span> <span class='ocrx_word' id='word_1_249' title='bbox 460 1591 670 1622; x_wconf 84' lang='lat' dir='ltr'><strong>veliementer</strong></span> <span class='ocrx_word' id='word_1_250' title='bbox 698 1590 841 1631; x_wconf 89' lang='lat' dir='ltr'><strong>plorandi</strong></span> <span class='ocrx_word' id='word_1_251' title='bbox 867 1600 904 1620; x_wconf 86' lang='lat' dir='ltr'><strong>se</strong></span> <span class='ocrx_word' id='word_1_252' title='bbox 930 1590 1048 1620; x_wconf 83' lang='lat' dir='ltr'><strong>habere</strong></span> <span class='ocrx_word' id='word_1_253' title='bbox 1077 1589 1275 1628; x_wconf 83' lang='lat' dir='ltr'><strong>ostenderet,</strong></span> <span class='ocrx_word' id='word_1_254' title='bbox 1304 1594 1461 1620; x_wconf 89' lang='lat' dir='ltr'><strong>mortuum</strong></span> <span class='ocrx_word' id='word_1_255' title='bbox 1482 1600 1552 1621; x_wconf 89' lang='lat' dir='ltr'><strong>cum</strong></span> <span class='ocrx_word' id='word_1_256' title='bbox 1581 1593 1685 1620; x_wconf 86' lang='lat' dir='ltr'><strong>monte</strong></span> <span class='ocrx_word' id='word_1_257' title='bbox 1712 1591 1922 1632; x_wconf 73' lang='lat' dir='ltr'><strong>comparavit,</strong></span> 
     </span>
     <span class='ocr_line' id='line_1_25' title="bbox 131 1652 1922 1693; baseline -0.003 -6"><span class='ocrx_word' id='word_1_258' title='bbox 131 1661 163 1689; x_wconf 89' lang='lat' dir='ltr'><strong>in</strong></span> <span class='ocrx_word' id='word_1_259' title='bbox 189 1657 278 1687; x_wconf 90' lang='lat' dir='ltr'><strong>cuius</strong></span> <span class='ocrx_word' id='word_1_260' title='bbox 309 1657 450 1686; x_wconf 83' lang='lat' dir='ltr'><strong>umbram</strong></span> <span class='ocrx_word' id='word_1_261' title='bbox 478 1660 589 1686; x_wconf 87' lang='lat' dir='ltr'><strong>contra</strong></span> <span class='ocrx_word' id='word_1_262' title='bbox 608 1655 686 1684; x_wconf 89' lang='lat' dir='ltr'><strong>solis</strong></span> <span class='ocrx_word' id='word_1_263' title='bbox 707 1654 852 1684; x_wconf 86' lang='lat' dir='ltr'><strong>ardorem</strong></span> <span class='ocrx_word' id='word_1_264' title='bbox 873 1653 1070 1693; x_wconf 86' lang='lat' dir='ltr'><strong>confugeret.</strong></span> <span class='ocrx_word' id='word_1_265' title='bbox 1100 1653 1148 1682; x_wconf 82' lang='lat' dir='ltr'><strong>Eo</strong></span> <span class='ocrx_word' id='word_1_266' title='bbox 1177 1658 1300 1682; x_wconf 90' lang='lat' dir='ltr'><strong>mortuo</strong></span> <span class='ocrx_word' id='word_1_267' title='bbox 1327 1652 1406 1682; x_wconf 92' lang='lat' dir='ltr'><strong>solis</strong></span> <span class='ocrx_word' id='word_1_268' title='bbox 1434 1653 1538 1683; x_wconf 82' lang='lat' dir='ltr'><strong>ardori</strong></span> <span class='ocrx_word' id='word_1_269' title='bbox 1567 1663 1603 1682; x_wconf 90' lang='lat' dir='ltr'><strong>se</strong></span> <span class='ocrx_word' id='word_1_270' title='bbox 1632 1656 1810 1693; x_wconf 86' lang='lat' dir='ltr'><strong>expositum</strong></span> <span class='ocrx_word' id='word_1_271' title='bbox 1836 1663 1922 1683; x_wconf 88' lang='lat' dir='ltr'><strong>esse.</strong></span> 
     </span>
     <span class='ocr_line' id='line_1_26' title="bbox 132 1713 1921 1758; baseline -0.002 -8"><span class='ocrx_word' id='word_1_272' title='bbox 132 1721 225 1750; x_wconf 89' lang='lat' dir='ltr'><strong>Mons</strong></span> <span class='ocrx_word' id='word_1_273' title='bbox 251 1719 382 1749; x_wconf 88' lang='lat' dir='ltr'><strong>tutelam</strong></span> <span class='ocrx_word' id='word_1_274' title='bbox 410 1723 442 1748; x_wconf 88' lang='lat' dir='ltr'><strong>et</strong></span> <span class='ocrx_word' id='word_1_275' title='bbox 470 1719 641 1758; x_wconf 87' lang='lat' dir='ltr'><strong>potentiam</strong></span> <span class='ocrx_word' id='word_1_276' title='bbox 667 1717 817 1758; x_wconf 81' lang='lat' dir='ltr'><strong>designat</strong></span> <span class='ocrx_word' id='word_1_277' title='bbox 844 1716 947 1746; x_wconf 80' lang='lat' dir='ltr'><strong>conf.</strong></span> <span class='ocrx_word' id='word_1_278' title='bbox 978 1716 1084 1745; x_wconf 85' lang='lat' dir='ltr'><strong>llam.</strong></span> <span class='ocrx_word' id='word_1_279' title='bbox 1114 1725 1144 1754; x_wconf 93' lang='lat' dir='ltr'><strong>p.</strong></span> <span class='ocrx_word' id='word_1_280' title='bbox 1171 1717 1196 1744; x_wconf 67' lang='grc' dir='ltr'><strong>οἱ</strong></span> <span class='ocrx_word' id='word_1_281' title='bbox 1223 1725 1255 1744; x_wconf 91' lang='lat' dir='ltr'><strong>v.</strong></span> <span class='ocrx_word' id='word_1_282' title='bbox 1282 1715 1310 1744; x_wconf 90' lang='lat'><strong>1.</strong></span> <span class='ocrx_word' id='word_1_283' title='bbox 1339 1725 1368 1754; x_wconf 93' lang='lat' dir='ltr'><strong>p.</strong></span> <span class='ocrx_word' id='word_1_284' title='bbox 1395 1713 1433 1745; x_wconf 60' lang='lat' dir='ltr'><strong>ma</strong></span> <span class='ocrx_word' id='word_1_285' title='bbox 1460 1725 1491 1745; x_wconf 86' lang='lat' dir='ltr'><strong>v.</strong></span> <span class='ocrx_word' id='word_1_286' title='bbox 1509 1715 1561 1756; x_wconf 78' lang='lat'><strong>4.;</strong></span> <span class='ocrx_word' id='word_1_287' title='bbox 1589 1715 1648 1745; x_wconf 87' lang='lat' dir='ltr'><strong>sed</strong></span> <span class='ocrx_word' id='word_1_288' title='bbox 1675 1720 1811 1746; x_wconf 88' lang='lat' dir='ltr'><strong>montem</strong></span> <span class='ocrx_word' id='word_1_289' title='bbox 1837 1715 1921 1746; x_wconf 88' lang='lat' dir='ltr'><strong>illum</strong></span> 
     </span>
    </p>
   </div>
   <div class='ocr_carea' id='block_1_9' title="bbox 132 1779 1048 1823">
    <p class='ocr_par' dir='ltr' id='par_1_10' title="bbox 132 1779 1048 1823">
     <span class='ocr_line' id='line_1_27' title="bbox 132 1779 1048 1823; baseline -0.005 -10"><span class='ocrx_word' id='word_1_290' title='bbox 132 1783 296 1814; x_wconf 78' lang='lat' dir='ltr'><strong>arboribus</strong></span> <span class='ocrx_word' id='word_1_291' title='bbox 326 1786 456 1823; x_wconf 79' lang='lat' dir='ltr'><strong>tectum,</strong></span> <span class='ocrx_word' id='word_1_292' title='bbox 484 1786 519 1812; x_wconf 91' lang='lat' dir='ltr'><strong>ut</strong></span> <span class='ocrx_word' id='word_1_293' title='bbox 546 1782 674 1812; x_wconf 84' lang='lat' dir='ltr'><strong>umbrae</strong></span> <span class='ocrx_word' id='word_1_294' title='bbox 701 1782 788 1811; x_wconf 91' lang='lat' dir='ltr'><strong>locus</strong></span> <span class='ocrx_word' id='word_1_295' title='bbox 816 1784 917 1821; x_wconf 77' lang='lat' dir='ltr'><strong>esset,</strong></span> <span class='ocrx_word' id='word_1_296' title='bbox 947 1779 1048 1809; x_wconf 83' lang='lat' dir='ltr'><strong>finxit.</strong></span> 
     </span>
    </p>
   </div>
   <div class='ocr_carea' id='block_1_10' title="bbox 133 1862 1667 1905">
    <p class='ocr_par' dir='ltr' id='par_1_11' title="bbox 133 1862 1667 1905">
     <span class='ocr_line' id='line_1_28' title="bbox 133 1862 1667 1905; baseline -0.004 -8"><span class='ocrx_word' id='word_1_297' title='bbox 133 1868 165 1897; x_wconf 88' lang='grc'><strong>3.</strong></span> <span class='ocrx_word' id='word_1_298' title='bbox 186 1868 296 1901; x_wconf 75' lang='lat' dir='ltr'><strong>Eram,</strong></span> <span class='ocrx_word' id='word_1_299' title='bbox 320 1867 469 1905; x_wconf 81' lang='lat' dir='ltr'><strong>quamdiu</strong></span> <span class='ocrx_word' id='word_1_300' title='bbox 490 1867 568 1895; x_wconf 71' lang='lat' dir='ltr'><strong>milti</strong></span> <span class='ocrx_word' id='word_1_301' title='bbox 588 1866 720 1899; x_wconf 76' lang='lat' dir='ltr'><strong>vivebas,</strong></span> <span class='ocrx_word' id='word_1_302' title='bbox 747 1866 917 1902; x_wconf 69' lang='lat' dir='ltr'><strong>honorala5</strong></span> <span class='ocrx_word' id='word_1_303' title='bbox 941 1866 974 1892; x_wconf 80' lang='lat' dir='ltr'><strong>in</strong></span> <span class='ocrx_word' id='word_1_304' title='bbox 997 1872 1141 1899; x_wconf 73' lang='lat' dir='ltr'><strong>campum</strong></span> <span class='ocrx_word' id='word_1_305' title='bbox 1161 1863 1332 1901; x_wconf 80' lang='lat' dir='ltr'><strong>prodeunli</strong></span> <span class='ocrx_word' id='word_1_306' title='bbox 1351 1862 1430 1891; x_wconf 80' lang='lat' dir='ltr'><strong>mihi</strong></span> <span class='ocrx_word' id='word_1_307' title='bbox 1449 1872 1563 1891; x_wconf 81' lang='lat' dir='ltr'><strong>mames</strong></span> <span class='ocrx_word' id='word_1_308' title='bbox 1587 1873 1667 1892; x_wconf 80' lang='lat' dir='ltr'><strong>eras.</strong></span> 
     </span>
    </p>
   </div>
   <div class='ocr_carea' id='block_1_11' title="bbox 133 1932 1923 2225">
    <p class='ocr_par' dir='ltr' id='par_1_12' title="bbox 133 1932 1923 2225">
     <span class='ocr_line' id='line_1_29' title="bbox 232 1932 1923 1974; baseline -0.002 -8"><span class='ocrx_word' id='word_1_309' title='bbox 232 1936 453 1967; x_wconf 86' lang='lat' dir='ltr'><strong>Conditionem</strong></span> <span class='ocrx_word' id='word_1_310' title='bbox 481 1945 574 1965; x_wconf 83' lang='lat' dir='ltr'><strong>suam</strong></span> <span class='ocrx_word' id='word_1_311' title='bbox 596 1940 751 1974; x_wconf 77' lang='lat' dir='ltr'><strong>tempore,</strong></span> <span class='ocrx_word' id='word_1_312' title='bbox 780 1943 840 1973; x_wconf 89' lang='lat' dir='ltr'><strong>quo</strong></span> <span class='ocrx_word' id='word_1_313' title='bbox 860 1934 909 1963; x_wconf 88' lang='lat' dir='ltr'><strong>vir</strong></span> <span class='ocrx_word' id='word_1_314' title='bbox 927 1934 979 1964; x_wconf 91' lang='lat' dir='ltr'><strong>ille</strong></span> <span class='ocrx_word' id='word_1_315' title='bbox 998 1932 1141 1973; x_wconf 74' lang='lat' dir='ltr'><strong>vivebat,</strong></span> <span class='ocrx_word' id='word_1_316' title='bbox 1170 1932 1328 1965; x_wconf 86' lang='lat' dir='ltr'><strong>describit,</strong></span> <span class='ocrx_word' id='word_1_317' title='bbox 1356 1932 1385 1961; x_wconf 82' lang='lat' dir='ltr'><strong>A</strong></span> <span class='ocrx_word' id='word_1_318' title='bbox 1407 1932 1530 1962; x_wconf 87' lang='lat' dir='ltr'><strong>nemine</strong></span> <span class='ocrx_word' id='word_1_319' title='bbox 1549 1932 1690 1961; x_wconf 88' lang='lat' dir='ltr'><strong>iniuriam</strong></span> <span class='ocrx_word' id='word_1_320' title='bbox 1711 1941 1748 1962; x_wconf 89' lang='lat' dir='ltr'><strong>se</strong></span> <span class='ocrx_word' id='word_1_321' title='bbox 1766 1935 1923 1971; x_wconf 77' lang='lat' dir='ltr'><strong>patienter</strong></span> 
     </span>
     <span class='ocr_line' id='line_1_30' title="bbox 134 1993 1921 2036; baseline -0.002 -9"><span class='ocrx_word' id='word_1_322' title='bbox 134 1998 259 2035; x_wconf 78' lang='lat' dir='ltr'><strong>tulisse,</strong></span> <span class='ocrx_word' id='word_1_323' title='bbox 285 2007 381 2036; x_wconf 90' lang='lat' dir='ltr'><strong>quum</strong></span> <span class='ocrx_word' id='word_1_324' title='bbox 409 2007 464 2036; x_wconf 88' lang='lat' dir='ltr'><strong>per</strong></span> <span class='ocrx_word' id='word_1_325' title='bbox 494 2007 564 2027; x_wconf 90' lang='lat' dir='ltr'><strong>eum</strong></span> <span class='ocrx_word' id='word_1_326' title='bbox 593 1996 745 2025; x_wconf 82' lang='lat' dir='ltr'><strong>defensus</strong></span> <span class='ocrx_word' id='word_1_327' title='bbox 774 2000 875 2026; x_wconf 83' lang='lat' dir='ltr'><strong>esset.</strong></span> <span class='ocrx_word' id='word_1_328' title='bbox 928 1996 1038 2026; x_wconf 82' lang='lat' dir='ltr'><strong>Voces</strong></span> <span class='ocrx_word' id='word_1_329' title='bbox 1066 1999 1154 2032; x_wconf 40' lang='lat' dir='ltr'><strong>Q&gt;</strong></span> <span class='ocrx_word' id='word_1_330' title='bbox 1165 1993 1231 2023; x_wconf 58' lang='lat'><strong>053&gt;</strong></span> <span class='ocrx_word' id='word_1_331' title='bbox 1257 1997 1288 2024; x_wconf 92' lang='lat' dir='ltr'><strong>in</strong></span> <span class='ocrx_word' id='word_1_332' title='bbox 1315 1999 1421 2024; x_wconf 91' lang='lat' dir='ltr'><strong>nostro</strong></span> <span class='ocrx_word' id='word_1_333' title='bbox 1448 2004 1547 2024; x_wconf 85' lang='lat' dir='ltr'><strong>versu</strong></span> <span class='ocrx_word' id='word_1_334' title='bbox 1575 1994 1719 2024; x_wconf 85' lang='lat' dir='ltr'><strong>feminam</strong></span> <span class='ocrx_word' id='word_1_335' title='bbox 1743 1994 1921 2035; x_wconf 84' lang='lat' dir='ltr'><strong>designant,</strong></span> 
     </span>
     <span class='ocr_line' id='line_1_31' title="bbox 135 2055 1920 2105; baseline -0.001 -17"><span class='ocrx_word' id='word_1_336' title='bbox 135 2067 215 2098; x_wconf 87' lang='lat' dir='ltr'><strong>quae</strong></span> <span class='ocrx_word' id='word_1_337' title='bbox 243 2058 370 2098; x_wconf 90' lang='lat' dir='ltr'><strong>pudoris</strong></span> <span class='ocrx_word' id='word_1_338' title='bbox 399 2059 484 2088; x_wconf 87' lang='lat' dir='ltr'><strong>haud</strong></span> <span class='ocrx_word' id='word_1_339' title='bbox 518 2058 614 2088; x_wconf 87' lang='lat' dir='ltr'><strong>oblita</strong></span> <span class='ocrx_word' id='word_1_340' title='bbox 652 2058 793 2088; x_wconf 88' lang='lat' dir='ltr'><strong>iniuriam</strong></span> <span class='ocrx_word' id='word_1_341' title='bbox 829 2060 985 2097; x_wconf 79' lang='lat' dir='ltr'><strong>patienter</strong></span> <span class='ocrx_word' id='word_1_342' title='bbox 1013 2068 1082 2087; x_wconf 76' lang='lat' dir='ltr'><strong>-non</strong></span> <span class='ocrx_word' id='word_1_343' title='bbox 1118 2058 1189 2088; x_wconf 87' lang='lat' dir='ltr'><strong>fert.</strong></span> <span class='ocrx_word' id='word_1_344' title='bbox 1243 2059 1318 2089; x_wconf 87' lang='lat' dir='ltr'><strong>Vox</strong></span> <span class='ocrx_word' id='word_1_345' title='bbox 1342 2055 1425 2105; x_wconf 49' lang='lat' dir='ltr'><strong>2⁴52ss</strong></span> <span class='ocrx_word' id='word_1_346' title='bbox 1454 2067 1508 2097; x_wconf 93' lang='lat' dir='ltr'><strong>pro</strong></span> <span class='ocrx_word' id='word_1_347' title='bbox 1526 2055 1610 2105; x_wconf 42' lang='lat' dir='ltr'><strong>&gt;id-»555</strong></span> <span class='ocrx_word' id='word_1_348' title='bbox 1638 2055 1665 2095; x_wconf 57' lang='grc' dir='ltr'><em>ὅ</em></span> <span class='ocrx_word' id='word_1_349' title='bbox 1693 2063 1753 2088; x_wconf 87' lang='lat' dir='ltr'><strong>est.</strong></span> <span class='ocrx_word' id='word_1_350' title='bbox 1805 2058 1920 2087; x_wconf 77' lang='lat' dir='ltr'><strong>Dicere</strong></span> 
     </span>
     <span class='ocr_line' id='line_1_32' title="bbox 133 2116 1920 2171; baseline -0.001 -22"><span class='ocrx_word' id='word_1_351' title='bbox 133 2120 215 2160; x_wconf 85' lang='lat' dir='ltr'><strong>vult,</strong></span> <span class='ocrx_word' id='word_1_352' title='bbox 241 2129 278 2149; x_wconf 87' lang='lat' dir='ltr'><strong>se</strong></span> <span class='ocrx_word' id='word_1_353' title='bbox 307 2121 345 2149; x_wconf 91' lang='lat' dir='ltr'><strong>ob</strong></span> <span class='ocrx_word' id='word_1_354' title='bbox 373 2122 516 2149; x_wconf 86' lang='lat' dir='ltr'><strong>timorem</strong></span> <span class='ocrx_word' id='word_1_355' title='bbox 544 2130 715 2158; x_wconf 86' lang='lat' dir='ltr'><strong>personam</strong></span> <span class='ocrx_word' id='word_1_356' title='bbox 743 2128 834 2149; x_wconf 78' lang='lat' dir='ltr'><strong>suam</strong></span> <span class='ocrx_word' id='word_1_357' title='bbox 862 2129 923 2148; x_wconf 91' lang='lat' dir='ltr'><strong>non</strong></span> <span class='ocrx_word' id='word_1_358' title='bbox 951 2121 1147 2150; x_wconf 81' lang='lat' dir='ltr'><strong>occultasse.</strong></span> <span class='ocrx_word' id='word_1_359' title='bbox 1199 2120 1275 2151; x_wconf 78' lang='lat' dir='ltr'><strong>Vox</strong></span> <span class='ocrx_word' id='word_1_360' title='bbox 1303 2116 1391 2171; x_wconf 56' lang='lat' dir='ltr'><strong>Cla?</strong></span> <span class='ocrx_word' id='word_1_361' title='bbox 1414 2120 1539 2159; x_wconf 86' lang='lat' dir='ltr'><strong>proprie</strong></span> <span class='ocrx_word' id='word_1_362' title='bbox 1559 2120 1639 2150; x_wconf 84' lang='lat' dir='ltr'><strong>alam</strong></span> <span class='ocrx_word' id='word_1_363' title='bbox 1658 2120 1727 2149; x_wconf 91' lang='lat' dir='ltr'><strong>avis</strong></span> <span class='ocrx_word' id='word_1_364' title='bbox 1747 2119 1920 2160; x_wconf 81' lang='lat' dir='ltr'><strong>designans</strong></span> 
     </span>
     <span class='ocr_line' id='line_1_33' title="bbox 134 2178 1919 2225; baseline -0.001 -14"><span class='ocrx_word' id='word_1_365' title='bbox 134 2178 163 2211; x_wconf 83' lang='lat' dir='ltr'><strong>in</strong></span> <span class='ocrx_word' id='word_1_366' title='bbox 192 2191 312 2212; x_wconf 86' lang='lat' dir='ltr'><strong>manum</strong></span> <span class='ocrx_word' id='word_1_367' title='bbox 340 2182 473 2211; x_wconf 88' lang='lat' dir='ltr'><strong>hominis</strong></span> <span class='ocrx_word' id='word_1_368' title='bbox 501 2182 656 2211; x_wconf 84' lang='lat' dir='ltr'><strong>translata</strong></span> <span class='ocrx_word' id='word_1_369' title='bbox 683 2187 735 2211; x_wconf 88' lang='lat' dir='ltr'><strong>est</strong></span> <span class='ocrx_word' id='word_1_370' title='bbox 761 2180 884 2225; x_wconf 88' lang='lat' dir='ltr'><strong>(conf.</strong></span> <span class='ocrx_word' id='word_1_371' title='bbox 912 2183 1017 2212; x_wconf 88' lang='lat' dir='ltr'><strong>Harir.</strong></span> <span class='ocrx_word' id='word_1_372' title='bbox 1047 2192 1077 2221; x_wconf 93' lang='lat' dir='ltr'><strong>p.</strong></span> <span class='ocrx_word' id='word_1_373' title='bbox 1104 2183 1160 2221; x_wconf 64' lang='grc' dir='ltr'><strong>θ’).</strong></span> <span class='ocrx_word' id='word_1_374' title='bbox 1215 2183 1330 2212; x_wconf 76' lang='lat' dir='ltr'><strong>Manus</strong></span> <span class='ocrx_word' id='word_1_375' title='bbox 1364 2186 1471 2211; x_wconf 89' lang='lat' dir='ltr'><strong>autem</strong></span> <span class='ocrx_word' id='word_1_376' title='bbox 1508 2181 1552 2210; x_wconf 86' lang='lat' dir='ltr'><strong>rei</strong></span> <span class='ocrx_word' id='word_1_377' title='bbox 1586 2180 1797 2220; x_wconf 86' lang='lat' dir='ltr'><strong>perficiendae</strong></span> <span class='ocrx_word' id='word_1_378' title='bbox 1824 2185 1919 2219; x_wconf 88' lang='lat' dir='ltr'><strong>pote-</strong></span> 
     </span>
    </p>
   </div>
   <div class='ocr_carea' id='block_1_12' title="bbox 134 2243 688 2284">
    <p class='ocr_par' dir='ltr' id='par_1_13' title="bbox 134 2243 688 2284">
     <span class='ocr_line' id='line_1_34' title="bbox 134 2243 688 2284; baseline 0.002 -10"><span class='ocrx_word' id='word_1_379' title='bbox 134 2250 253 2275; x_wconf 83' lang='lat' dir='ltr'><strong>statem</strong></span> <span class='ocrx_word' id='word_1_380' title='bbox 281 2245 449 2284; x_wconf 80' lang='lat' dir='ltr'><strong>designant</strong></span> <span class='ocrx_word' id='word_1_381' title='bbox 477 2244 548 2274; x_wconf 89' lang='lat' dir='ltr'><strong>ibid.</strong></span> <span class='ocrx_word' id='word_1_382' title='bbox 578 2254 607 2283; x_wconf 94' lang='lat' dir='ltr'><strong>p.</strong></span> <span class='ocrx_word' id='word_1_383' title='bbox 634 2243 688 2275; x_wconf 48' lang='lat' dir='ltr'><strong>ft.</strong></span> 
     </span>
    </p>
   </div>
   <div class='ocr_carea' id='block_1_13' title="bbox 135 2328 1731 2372">
    <p class='ocr_par' dir='ltr' id='par_1_14' title="bbox 135 2328 1731 2372">
     <span class='ocr_line' id='line_1_35' title="bbox 135 2328 1731 2372; baseline -0.003 -13"><span class='ocrx_word' id='word_1_384' title='bbox 135 2331 165 2359; x_wconf 77' lang='lat'><strong>4.</strong></span> <span class='ocrx_word' id='word_1_385' title='bbox 191 2330 292 2372; x_wconf 58' lang='lat' dir='ltr'><strong>Hodie</strong></span> <span class='ocrx_word' id='word_1_386' title='bbox 314 2330 368 2359; x_wconf 73' lang='lat' dir='ltr'><strong>vili</strong></span> <span class='ocrx_word' id='word_1_387' title='bbox 389 2331 567 2358; x_wconf 79' lang='lat' dir='ltr'><strong>submissus</strong></span> <span class='ocrx_word' id='word_1_388' title='bbox 590 2340 659 2358; x_wconf 81' lang='lat' dir='ltr'><strong>sum</strong></span> <span class='ocrx_word' id='word_1_389' title='bbox 682 2340 814 2368; x_wconf 80' lang='lat' dir='ltr'><strong>eumque</strong></span> <span class='ocrx_word' id='word_1_390' title='bbox 835 2333 937 2359; x_wconf 73' lang='lat' dir='ltr'><strong>metuo</strong></span> <span class='ocrx_word' id='word_1_391' title='bbox 959 2333 991 2358; x_wconf 80' lang='lat' dir='ltr'><strong>et</strong></span> <span class='ocrx_word' id='word_1_392' title='bbox 1011 2331 1159 2358; x_wconf 71' lang='lat' dir='ltr'><strong>z&#39;m‘ura&#39;am</strong></span> <span class='ocrx_word' id='word_1_393' title='bbox 1182 2329 1260 2357; x_wconf 79' lang='lat' dir='ltr'><strong>mihi</strong></span> <span class='ocrx_word' id='word_1_394' title='bbox 1280 2330 1466 2368; x_wconf 75' lang='lat' dir='ltr'><strong>inferentem</strong></span> <span class='ocrx_word' id='word_1_395' title='bbox 1489 2338 1585 2358; x_wconf 79' lang='lat' dir='ltr'><strong>manu</strong></span> <span class='ocrx_word' id='word_1_396' title='bbox 1606 2328 1731 2365; x_wconf 78' lang='lat' dir='ltr'><strong>repello.</strong></span> 
     </span>
    </p>
   </div>
   <div class='ocr_carea' id='block_1_14' title="bbox 135 2396 1920 2563">
    <p class='ocr_par' dir='ltr' id='par_1_15' title="bbox 135 2396 1920 2563">
     <span class='ocr_line' id='line_1_36' title="bbox 233 2396 1920 2439; baseline -0.002 -10"><span class='ocrx_word' id='word_1_397' title='bbox 233 2399 358 2429; x_wconf 83' lang='lat' dir='ltr'><strong>Statum</strong></span> <span class='ocrx_word' id='word_1_398' title='bbox 386 2409 480 2428; x_wconf 87' lang='lat' dir='ltr'><strong>sunm</strong></span> <span class='ocrx_word' id='word_1_399' title='bbox 508 2398 692 2429; x_wconf 89' lang='lat' dir='ltr'><strong>hodiernum</strong></span> <span class='ocrx_word' id='word_1_400' title='bbox 721 2404 753 2428; x_wconf 89' lang='lat' dir='ltr'><strong>et</strong></span> <span class='ocrx_word' id='word_1_401' title='bbox 780 2399 896 2439; x_wconf 83' lang='lat' dir='ltr'><strong>agendi</strong></span> <span class='ocrx_word' id='word_1_402' title='bbox 924 2398 1078 2428; x_wconf 88' lang='lat' dir='ltr'><strong>rationem</strong></span> <span class='ocrx_word' id='word_1_403' title='bbox 1106 2399 1237 2437; x_wconf 87' lang='lat' dir='ltr'><strong>pristino</strong></span> <span class='ocrx_word' id='word_1_404' title='bbox 1265 2399 1363 2428; x_wconf 85' lang='lat' dir='ltr'><strong>statui</strong></span> <span class='ocrx_word' id='word_1_405' title='bbox 1390 2400 1529 2438; x_wconf 86' lang='lat' dir='ltr'><strong>opponit.</strong></span> <span class='ocrx_word' id='word_1_406' title='bbox 1584 2396 1674 2435; x_wconf 85' lang='lat' dir='ltr'><strong>Quae</strong></span> <span class='ocrx_word' id='word_1_407' title='bbox 1702 2396 1771 2426; x_wconf 90' lang='lat' dir='ltr'><strong>olim</strong></span> <span class='ocrx_word' id='word_1_408' title='bbox 1801 2396 1839 2426; x_wconf 87' lang='lat' dir='ltr'><strong>ab</strong></span> <span class='ocrx_word' id='word_1_409' title='bbox 1858 2396 1920 2433; x_wconf 85' lang='lat' dir='ltr'><strong>ullo</strong></span> 
     </span>
     <span class='ocr_line' id='line_1_37' title="bbox 135 2458 1920 2501; baseline -0.002 -11"><span class='ocrx_word' id='word_1_410' title='bbox 135 2461 276 2491; x_wconf 82' lang='lat' dir='ltr'><strong>iniuriam</strong></span> <span class='ocrx_word' id='word_1_411' title='bbox 304 2462 421 2493; x_wconf 86' lang='lat' dir='ltr'><strong>illatam</strong></span> <span class='ocrx_word' id='word_1_412' title='bbox 451 2462 607 2501; x_wconf 86' lang='lat' dir='ltr'><strong>patienter</strong></span> <span class='ocrx_word' id='word_1_413' title='bbox 634 2461 718 2491; x_wconf 90' lang='lat' dir='ltr'><strong>haud</strong></span> <span class='ocrx_word' id='word_1_414' title='bbox 746 2461 889 2500; x_wconf 84' lang='lat' dir='ltr'><strong>ferebat,</strong></span> <span class='ocrx_word' id='word_1_415' title='bbox 916 2461 973 2491; x_wconf 87' lang='lat' dir='ltr'><strong>sed</strong></span> <span class='ocrx_word' id='word_1_416' title='bbox 1002 2471 1071 2491; x_wconf 87' lang='lat' dir='ltr'><strong>eam</strong></span> <span class='ocrx_word' id='word_1_417' title='bbox 1096 2461 1129 2490; x_wconf 86' lang='lat' dir='ltr'><strong>vi</strong></span> <span class='ocrx_word' id='word_1_418' title='bbox 1156 2460 1344 2501; x_wconf 80' lang='lat' dir='ltr'><strong>repellebat,</strong></span> <span class='ocrx_word' id='word_1_419' title='bbox 1371 2469 1453 2490; x_wconf 89' lang='lat' dir='ltr'><strong>nnnc</strong></span> <span class='ocrx_word' id='word_1_420' title='bbox 1479 2469 1517 2490; x_wconf 88' lang='lat' dir='ltr'><strong>eo</strong></span> <span class='ocrx_word' id='word_1_421' title='bbox 1544 2458 1679 2488; x_wconf 84' lang='lat' dir='ltr'><strong>adducta</strong></span> <span class='ocrx_word' id='word_1_422' title='bbox 1705 2463 1772 2498; x_wconf 83' lang='lat' dir='ltr'><strong>est,</strong></span> <span class='ocrx_word' id='word_1_423' title='bbox 1799 2462 1834 2488; x_wconf 87' lang='lat' dir='ltr'><strong>ut</strong></span> <span class='ocrx_word' id='word_1_424' title='bbox 1860 2458 1920 2497; x_wconf 90' lang='lat' dir='ltr'><strong>ipsi</strong></span> 
     </span>
     <span class='ocr_line' id='line_1_38' title="bbox 135 2520 1919 2563; baseline -0.002 -10"><span class='ocrx_word' id='word_1_425' title='bbox 135 2523 189 2553; x_wconf 91' lang='lat' dir='ltr'><strong>vili</strong></span> <span class='ocrx_word' id='word_1_426' title='bbox 217 2534 253 2554; x_wconf 92' lang='lat' dir='ltr'><strong>se</strong></span> <span class='ocrx_word' id='word_1_427' title='bbox 280 2526 443 2555; x_wconf 83' lang='lat' dir='ltr'><strong>submittat</strong></span> <span class='ocrx_word' id='word_1_428' title='bbox 470 2525 580 2554; x_wconf 83' lang='lat' dir='ltr'><strong>timore</strong></span> <span class='ocrx_word' id='word_1_429' title='bbox 609 2524 737 2563; x_wconf 88' lang='lat' dir='ltr'><strong>impleta</strong></span> <span class='ocrx_word' id='word_1_430' title='bbox 764 2528 796 2553; x_wconf 90' lang='lat' dir='ltr'><strong>et</strong></span> <span class='ocrx_word' id='word_1_431' title='bbox 822 2524 946 2554; x_wconf 89' lang='lat' dir='ltr'><strong>nonnisi</strong></span> <span class='ocrx_word' id='word_1_432' title='bbox 972 2523 1104 2553; x_wconf 85' lang='lat' dir='ltr'><strong>lenitate</strong></span> <span class='ocrx_word' id='word_1_433' title='bbox 1133 2532 1192 2553; x_wconf 83' lang='lat' dir='ltr'><strong>usa</strong></span> <span class='ocrx_word' id='word_1_434' title='bbox 1219 2523 1360 2553; x_wconf 88' lang='lat' dir='ltr'><strong>iniuriam</strong></span> <span class='ocrx_word' id='word_1_435' title='bbox 1388 2532 1406 2552; x_wconf 85' lang='lat' dir='ltr'><strong>a</strong></span> <span class='ocrx_word' id='word_1_436' title='bbox 1432 2532 1469 2552; x_wconf 90' lang='lat' dir='ltr'><strong>se</strong></span> <span class='ocrx_word' id='word_1_437' title='bbox 1502 2529 1669 2551; x_wconf 85' lang='lat' dir='ltr'><strong>removere</strong></span> <span class='ocrx_word' id='word_1_438' title='bbox 1704 2524 1816 2551; x_wconf 83' lang='lat' dir='ltr'><strong>tentet.</strong></span> <span class='ocrx_word' id='word_1_439' title='bbox 1845 2520 1919 2550; x_wconf 87' lang='lat' dir='ltr'><strong>Vox</strong></span> 
     </span>
    </p>
   </div>
   <div class='ocr_carea' id='block_1_15' title="bbox 133 2585 863 2633">
    <p class='ocr_par' dir='ltr' id='par_1_16' title="bbox 133 2585 863 2633">
     <span class='ocr_line' id='line_1_39' title="bbox 133 2585 863 2633; baseline 0 -18"><span class='ocrx_word' id='word_1_440' title='bbox 133 2585 208 2633; x_wconf 50' lang='lat' dir='ltr'><strong>wi)</strong></span> <span class='ocrx_word' id='word_1_441' title='bbox 236 2587 328 2625; x_wconf 75' lang='lat' dir='ltr'><strong>(vola</strong></span> <span class='ocrx_word' id='word_1_442' title='bbox 355 2588 485 2626; x_wconf 88' lang='lat' dir='ltr'><strong>manus)</strong></span> <span class='ocrx_word' id='word_1_443' title='bbox 514 2587 676 2617; x_wconf 87' lang='lat' dir='ltr'><strong>lenitatem</strong></span> <span class='ocrx_word' id='word_1_444' title='bbox 705 2586 863 2628; x_wconf 84' lang='lat' dir='ltr'><strong>designat.</strong></span> 
     </span>
    </p>
   </div>
  </div>
 </body>
</html>
