2155 2892
903 149 1073 180 -379
1133 166 1171 172 —

152 249 185 280 2.
229 247 346 285 Quot-ia
370 249 420 278 die
442 250 600 286 neyoh'um
622 250 656 277 in
677 250 761 276 term
788 250 843 275 tua
865 246 1089 284 perficiendum
1118 245 1195 274 mihi
1222 253 1283 273 non
1306 247 1372 276 est.
1399 253 1456 273 nec
1477 244 1585 281 quor-ie
1610 242 1659 271 die
1680 243 1722 271 ad
1743 246 1772 271 te
1794 243 1872 271 rnr'lu'
1893 243 1941 271 Ie-

948 302 1043 337 (μείης
1066 302 1122 328 est.
1694 294 1763 338 (ΙΙ.
1793 293 1940 338 590.)

249 375 339 405 naec
364 375 467 405 omnia
495 374 534 405 ad
560 382 688 403 versum
716 375 845 401 sextum
873 369 1044 408 respiciunt
1071 373 1104 398 et
1129 377 1260 398 causam
1289 368 1450 407 adserunt,
1478 377 1530 398 cur
1556 368 1594 397 ab
1623 368 1726 397 amica
1753 368 1843 397 locus
1859 376 1940 397 con—

150 437 297 467 veniendi
326 443 462 478 paretur.
528 436 630 474 Quuin
663 444 765 474 neque
801 433 831 462 in
868 433 938 463 eius
966 437 1080 462 terram
1107 431 1218 461 venire
1245 431 1349 471 possit
1376 440 1479 470 neque
1508 430 1666 470 legatum,
1707 439 1798 469 quem
1826 430 1939 469 mittat,

151 500 276 541 habeat,
302 510 368 530 rem
394 500 611 530 necessarium
627 498 742 528 sactum
759 506 845 528 esse.

153 597 207 626 10.
251 596 342 626 Folia
362 598 562 634 viluperliom'
582 596 738 624 destinata
761 597 847 632 apud
865 606 912 624 me
935 599 1028 629 sunt,-
1051 606 1087 624 ea
1112 605 1196 624 ηηηε
1218 595 1407 633 complicm';
1433 595 1491 623 sed
1512 595 1680 634 aliquando
1702 596 1936 632 expandentur,

800 651 871 678 dum
895 652 1079 686 vituperatio
1101 651 1195 686 Ionya
1216 652 1283 678 erit.

152 706 198 735 11.
242 707 292 736 Ave
319 708 434 736 crimen
463 715 563 734 meum
589 708 621 735 in
650 710 680 734 Ie
706 707 838 742 suscipe,
863 714 935 733 ιιηηι
959 705 1068 733 debilis
1097 708 1131 733 Iu
1159 703 1218 733 es!
1246 704 1445 742 Smryuinem
1468 714 1569 733 meum
1591 705 1752 740 suscipere
1781 704 1830 732 die
1854 713 1938 732 com-

860 760 997 796 pulamli
1015 768 1113 796 gyrare
1136 761 1202 787 eril.

245 829 287 859 Hi
312 839 441 869 versus,
469 831 520 868 qui
549 838 619 859 cum
647 828 803 867 prioribus
830 837 929 857 sensu
956 837 1017 857 non
1045 827 1218 858 cohaerere
1246 827 1405 863 videntur,
1426 827 1455 855 in
1480 826 1636 856 Mersukii
1664 825 1778 856 codiee
1806 825 1937 855 deside-

146 894 262 920 rantur.
315 891 421 920 Abu·
439 890 611 930 Rijaschus
638 890 764 929 retulit,
799 889 945 920 Jasidum
973 890 1055 920 haud
1084 890 1170 920 lirino
1198 900 1332 929 corpore
1361 888 1559 928 praeditu¹113
1588 887 1646 917 sed
1683 888 1938 917 strenuissimum

147 958 179 983 et
206 953 447 993 pulcherrimum
475 953 586 983 fuisse.
640 953 752 982 Frater
779 953 848 982 eius
875 953 980 982 'l'saur
1008 962 1102 991 quum
1131 962 1220 982 mane
1251 953 1321 982 eius
1349 962 1473 982 comam
1503 952 1689 990 abrasisset,
1722 955 1849 989 poetam
1879 959 1938 978 no-

149 1019 245 1045 strum
273 1014 395 1044 dixisse
423 1015 529 1053 (metr.
557 1014 722 1051 '1¹11awil);
763 1014 929 1042 Tsauro
965 1013 1075 1053 dicu,
1113 1014 1199 1044 dum
1235 1024 1396 1045 comam
1438 1024 1561 1045 meam
1599 1014 1773 1044 abradit
1814 1013 1937 1042 ferro

149 1075 325 1114 adunco,
354 1076 415 1105 cui
442 1075 698 1105 manubrium
725 1075 976 1105 restitutum
1004 1080 1092 1105 est:
1129 1076 1347 1116 Benignus
1375 1086 1480 1116 erga
1507 1086 1593 1106 eam
1620 1076 1695 1116 sis,
1724 1069 1936 1105 o'l'saure!

149 1147 231 1168 uam
261 1138 382 1167 sicei
409 1147 489 1167 non
515 1137 881 1176 rependitur3sed
902 1137 1100 1167 adomino
1129 1146 1215 1167 meo
1243 1137 1723 1176 eirependitur.Nonne
1744 1136 1937 1175 saepius,

150 1209 168 1229 ο
195 1199 514 1240 Tsaure,digiti
542 1198 848 1239 molles,modo
876 1199 1003 1230 tincti
1030 1201 1139 1230 inter
1166 1210 1251 1230 eam
1278 1200 1471 1240 ingressi
1499 1195 1623 1229 sunt?
1652 1198 1938 1229 Sedeaurus

150 1270 230 1290 eam
250 1260 552 1300 splendentem
571 1260 823 1300 abstulit,ae
849 1261 882 1290 si
902 1262 998 1291 eius
1026 1261 1303 1301 pulchritudo
1329 1266 1368 1291 et
1396 1261 1545 1291 fluxus
1574 1260 1937 1291 catenaeloricae

150 1326 309 1352 essent.
368 1322 562 1361 Vespera
589 1327 723 1352 autem
753 1328 879 1362 caput
907 1333 1029 1353 meum
1057 1325 1220 1354 abstuli
1247 1324 1393 1354 simile
1413 1328 1565 1363 petrae
1592 1332 1777 1362 parvae,
1804 1331 1937 1361 super

151 1394 227 1424 qua
252 1385 397 1424 aquila
432 1385 544 1415 elata
581 1385 744 1425 suerat,
782 1389 864 1415 turn
904 1386 1182 1418 avolaverat.
1241 1388 1411 1426 Tempore,
1447 1396 1508 1426 quo
1538 1396 1607 1416 cum
1634 1391 1725 1416 secta
1755 1385 1934 1415 Haruritica

149 1453 280 1478 strenue
309 1457 456 1488 pugnans
495 1458 587 1478 manu
622 1449 767 1488 privatus
802 1454 889 1489 erat,
923 1455 1098 1489 sequentes
1132 1459 1249 1480 versus
1277 1449 1356 1479 dixit
1385 1449 1493 1487 (metr.
1520 1447 1679 1489 Redjes):
1706 1448 1752 1478 Si
1794 1453 1835 1478 tu
1877 1457 1932 1477 me

149 1512 411 1550 fratremque
441 1520 565 1540 meum
593 1510 767 1540 Otharid
794 1510 969 1541 videres
993 1513 1268 1552 repellentes
1296 1512 1438 1542 turbas
1466 1512 1723 1542 invadentes
1750 1520 1767 1541 e
1804 1515 1933 1553 gente

150 1573 352 1613 llanisah,
383 1573 603 1613 abigentes
632 1583 767 1604 earum
795 1575 948 1613 primos
975 1575 1148 1614 equites
1176 1574 1468 1604 advenientes
1509 1583 1673 1603 numero
1701 1574 1846 1604 instar
1876 1573 1933 1602 lo-

151 1641 395 1673 custarum,
425 1645 525 1674 quae
552 1637 643 1666 vias
671 1636 715 1666 ad
741 1646 884 1676 aquam
912 1637 1125 1667 ducentes
1153 1641 1412 1675 sequuntur.
1465 1637 1618 1666 Nonne
1645 1637 1708 1666 vir
1743 1639 1832 1673 est,
1870 1636 1936 1674 qui

151 1704 288 1737 potum
325 1698 525 1739 frigidum
560 1699 784 1729 bibendum
820 1696 913 1729 dat?
954 1708 1107 1729 manum
1137 1707 1292 1738 quaero
1320 1704 1579 1737 amputatam
1615 1698 1934 1738 brachiumque.

151 1769 270 1800 quam
295 1766 574 1800 quaerentem
601 1770 760 1791 menon
788 1766 887 1800 puto
915 1762 1187 1792 inventurum
1215 1771 1324 1791 esse.
1379 1762 1526 1792 Perfer
1554 1762 1640 1792 Abu
1661 1760 1935 1792 -Lathifaho

152 1823 415 1863 repugnanti
445 1824 662 1859 nuntium,
692 1824 760 1862 qui
787 1833 863 1853 sex
890 1824 1090 1862 personis
1119 1834 1231 1854 uuum
1259 1824 1384 1854 Modd
1416 1824 1620 1854 edendum
1648 1823 1728 1853 dat.
1790 1823 1936 1853 Scholia-

151 1890 220 1915 stes
246 1885 429 1924 adnotavit,
469 1895 540 1914 eum
568 1886 652 1914 velle
680 1886 751 1914 Abu
769 1902 785 1907 -
805 1886 1017 1926 Lathifahum,
1046 1889 1098 1926 qui
1127 1889 1190 1916 isto
1219 1886 1265 1916 die
1293 1888 1400 1926 gentis
1430 1886 1544 1916 Olikail
1570 1885 1633 1915 dux
1661 1890 1760 1914 esset.
1815 1872 1936 1924 Fugam

152 1956 276 1987 quoque
300 1956 392 1986 quum
420 1948 574 1986 cepisset,
590 1948 806 1977 ‚Sawadahum
834 1948 862 1977 b.
892 1948 980 1978 Cilab
1008 1949 1035 1977 b.
1064 1948 1200 1978 Hanit'ah
1229 1970 1377 1978 .....
1407 1948 1434 1977 b.
1456 1947 1623 1985 Koscliair,
1650 1948 1688 1976 ab
1716 1956 1817 1976 uxore
1847 1947 1934 1976 vitu-

152 2015 294 2049 peratum
320 2019 406 2039 esse.
458 2011 518 2040 Hic
545 2020 638 2039 unum
666 2020 682 2039 e
709 2010 816 2049 sociis,
845 2010 896 2048 qui
922 2010 951 2038 in
981 2010 1088 2050 sugam
1116 2016 1206 2040 actus
1236 2015 1335 2045 esset,
1370 2010 1569 2049 conspiciens
1597 2010 1696 2039 tribus
1724 2009 1830 2050 digitis
1858 2009 1934 2038 dac-

151 2071 236 2110 tylos
263 2080 333 2100 cum
362 2081 502 2100 cremore
530 2073 618 2101 lactis
646 2072 825 2110 capientem
854 2072 934 2101 dixit
962 2073 1070 2111 (metr.
1107 2073 1271 2111 'rhawinz
1318 2073 1541 2112 Aequales
1583 2082 1661 2102 non
1703 2077 1797 2102 suut
1834 2071 1935 2101 duae

152 2139 299 2172 partes
337 2133 419 2162 cibi
458 2135 610 2173 sumti,
640 2144 714 2163 uua
754 2143 836 2164 cuin
873 2144 1079 2171 cremore,
1117 2136 1260 2165 altera
1288 2136 1374 2164 viri
1401 2135 1645 2164 Haruritici
1672 2144 1758 2164 eum
1787 2133 1933 2173 gladio

152 2193 436 2233 splendente,
463 2202 643 2224 secante.
699 2194 760 2232 Qui
788 2205 879 2234 quum
907 2201 1049 2226 mortuus
1075 2203 1175 2238 esset,
1204 2197 1237 2239 (a
1265 2203 1362 2239 gente
1390 2197 1641 2228 Banu-[lanisah
1671 2199 1796 2226 occisus
1826 2198 1933 2233 es1)a

152 2266 263 2286 sorore
289 2256 407 2286 Sainab
434 2257 572 2286 carmine
600 2258 724 2298 lugubri
753 2258 927 2289 honoratus
957 2265 1005 2289 est
1033 2262 1142 2298 (metr.
1170 2261 1338 2299 Tliawil):
1369 2260 1507 2289 Video
1541 2260 1776 2290 tamarices
1805 2258 1932 2287 vallis

152 2318 306 2349 Alakik
335 2319 432 2349 mihi
458 2319 622 2349 vicinas
649 2326 721 2361 etc.,
751 2322 843 2351 cuius
872 2322 989 2352 mentio
1018 2323 1179 2362 praeteriit
1208 2322 1307 2362 (conr.
1339 2332 1368 2362 p.
1396 2321 1477 2363 ῨἹΛ).

871 2442 1194 2476 Lxxxvnl.

759 2507 1007 2541 Alius
1065 2507 1314 2542 dixit.

151 2572 178 2601 Ι.
221 2573 307 2602 Num
327 2577 399 2610 poe!
420 2574 461 2610 id,
486 2574 570 2613 quod
588 2573 666 2603 milii
685 2574 830 2611 inhaesit,
855 2585 903 2605 me
925 2578 1084 2606 inimicum
1113 2577 1221 2613 habes,
1255 2576 1327 2604 dum
1343 2559 1506 2603 *venenum
1529 2585 1647 2604 merum
1669 2574 1747 2603 mihi
1767 2574 1930 2603 bibendum

974 2630 1109 2659 dedisti?
