2155 2892
920 158 1187 189 —489—

159 260 365 296 comparatos
393 264 478 295 esse,
506 261 539 286 ut
568 256 640 286 odio
669 256 778 294 iraque
809 255 922 285 rubros
947 266 1005 286 eos
1033 265 1109 286 esse
1134 255 1344 297 significaret.
1399 257 1472 287 Vox
1500 256 1573 293 Q
1601 257 1772 297 praecipue
1791 258 1953 296 vexilium,

159 319 243 361 quod
269 318 396 349 cuilibet
422 319 511 360 genti
539 318 697 358 proprium
726 322 806 358 erat,
834 316 1004 358 designare
1032 317 1155 348 videtur
1182 317 1285 347 cuns.
1315 327 1345 356 p.
1376 319 1435 346 Ην.

992 467 1123 500 XL!-

583 532 1033 566 Ahbd-Ahulnnau
1059 534 1104 566 Ι».
1128 533 1370 566 :ln-acam
1395 531 1532 565 «nxit.

273 604 378 634 Avnm
409 599 611 634 Abu-l'Ahz
639 605 668 634 b.
697 604 841 644 Omajjab
870 604 990 635 habens
1025 607 1215 646 cognomine
1249 601 1417 647 2:5122343
1446 613 1525 633 usus
1555 609 1615 634 est.
1669 605 1823 644 Tempore
1852 606 1955 635 isiumi

161 672 258 706 poeta
293 666 458 696 mediocris
500 667 623 697 Ahbd-
642 667 866 697 Alrnlnnanum
902 667 929 697 b.
964 668 1093 697 nassau
1130 668 1158 697 b.
1185 668 1322 707 Tsabet,
1351 667 1400 697 cui
1429 667 1623 698 adversatus
1650 673 1712 707 cst,
1740 669 1852 707 satyrii
1883 679 1956 707 pcr-

160 729 299 758 strinxit.
329 728 420 758 Aiter
447 729 485 758 ab
513 729 614 760 altero
644 730 793 760 iustitiam
821 730 879 759 sibi
907 729 1101 759 vendicavit.
1132 729 1234 767 Quum
1257 728 1494 768 Moahwijahus
1521 730 1719 759 Merwanum
1747 730 1774 758 b.
1805 730 1955 759 Albanum

160 800 179 820 a
208 790 371 829 provincia
398 790 511 830 llidjas
540 791 733 821 removisset
761 794 791 821 in
819 792 921 821 locum
948 794 1049 820 misso
1077 790 1198 821 Saihdo
1226 791 1254 821 b.
1283 790 1401 829 Alahz,
1432 795 1526 830 poeta
1553 790 1591 821 ad
1607 791 1859 831 Moahwijahum
1881 801 1956 831 pro-

160 850 266 882 sectus
296 861 360 882 rem
383 855 575 892 composuit.
606 853 711 883 cons.
742 852 1017 894 Citab-Aiaghani
1044 859 1076 884 et
1102 854 1208 884 Abuif.
1238 855 1320 884 Anu.
1350 855 1386 883 T.
1415 855 1439 894 Ι,
1468 853 1549 884 362.

160 947 188 976 1.
233 948 321 976 Deus
341 952 464 985 yentem
481 949 704 978 lsais-Ai'lilau
727 950 878 978 dedecore
900 951 1034 988 (ulfiam,
1055 960 1127 979 nam
1149 953 1282 988 confinia
1304 951 1641 980 Moharnmedanorum
1660 954 1802 989 corrupit
1818 957 1848 980 e!
1866 954 1962 982 abitt!

161 1004 192 1032 2.
238 1003 349 1032 Hnsle‘s
380 1005 564 1042 confodiens
593 1005 736 1034 Kaisilas
766 1006 922 1034 adoriaris
951 1015 1052 1044 neque
1074 1016 1181 1035 eorum
1208 1007 1311 1043 frater
1346 1007 1407 1040 sis,
1440 1006 1564 1044 quando
1595 1007 1697 1043 qladn'
1726 1006 1960 1044 Jlasclirefitici

952 1058 1153 1088 educuntur!
1729 1060 1790 1097 (ΙΙ.
1816 1059 1958 1096 660.)

261 1126 294 1155 ln
322 1131 451 1166 gentem
479 1126 556 1156 Kais
581 1125 740 1156 invehitur
767 1129 859 1166 eique
887 1137 905 1158 a
939 1128 1008 1157 Deo
1037 1129 1116 1158 mala
1144 1134 1302 1168 precatur.
1333 1129 1414 1158 Voci
1442 1117 1507 1174 σὲ
1535 1129 1721 1158 Mersukius
1749 1128 1901 1168 duplicem
1930 1130 1959 1159 in

161 1197 258 1219 versu
294 1189 559 1230 significationem
587 1194 641 1220 ant
670 1189 883 1220 decorticandi
911 1195 966 1220 aut
993 1191 1150 1222 dedecore
1178 1191 1346 1222 adficiendi
1372 1192 1462 1221 tribui
1490 1201 1588 1231 posse
1615 1192 1702 1221 dixit.
1765 1192 1842 1222 Voci
1871 1194 1958 1232 σῳ,

163 1258 196 1283 ut
226 1253 383 1282 sermonis
419 1253 469 1281 vis
499 1258 684 1292 augeretur,
712 1262 811 1283 voces
838 1250 935 1298 Ubi-3:
961 1255 1038 1294 υωςὲ
1065 1254 1222 1293 adposuit.
1276 1254 1352 1284 Vox
1381 1252 1434 1292 Lpi
1462 1257 1515 1284 aut
1543 1263 1611 1283 cnm
1640 1256 1744 1285 vocali
1773 1254 1876 1285 Fatba
1903 1260 1960 1285 aut

164 1324 235 1345 cum
263 1315 365 1344 vocali
395 1315 500 1344 Kesra
528 1315 754 1354 pronuntiatur.
783 1311 818 1345 In
845 1316 1024 1354 posteriore
1052 1317 1164 1355 prioris
1192 1325 1310 1345 versus
1342 1321 1435 1355 parte
1462 1319 1549 1357 genti
1564 1317 1642 1346 Kais
1661 1318 1797 1348 obiicere
1826 1317 1962 1355 videtur,

166 1387 235 1408 earn
263 1379 292 1408 in
321 1377 463 1408 confiniis
490 1378 528 1407 ab
556 1377 702 1407 hostibus
731 1378 839 1418 fugam
869 1380 1011 1418 cepisse,
1032 1384 1065 1408 ut
1093 1377 1298 1408 confiniorum
1331 1379 1466 1408 conditio
1491 1385 1754 1418 corrumperetur.
1782 1381 1816 1410 In
1845 1385 1960 1420 poste-

163 1440 245 1470 riore
273 1449 372 1469 versu
401 1439 558 1479 hortatur,
587 1445 622 1470 ut.
649 1444 757 1470 contra
786 1445 916 1481 gentem
944 1440 1022 1470 Kais
1053 1444 1194 1482 pugnent
1221 1450 1323 1479 neque
1353 1441 1382 1470 in
1410 1441 1492 1470 bello
1521 1443 1591 1470 eius
1619 1441 1808 1471 societatem
1842 1442 1958 1481 ineant,

163 1511 258 1542 quum
286 1501 401 1531 fiducia}
429 1501 524 1541 digna
549 1511 609 1530 non
638 1501 686 1532 sit.
740 1502 881 1531 Verbum
908 1499 987 1542 &gi-02¹0
1015 1503 1145 1533 caudam
1174 1503 1302 1533 tollendi
1331 1508 1364 1533 et
1393 1503 1541 1532 movendi
1568 1503 1830 1544 significationem
1851 1503 1960 1543 babet,

163 1574 222 1604 qua
250 1574 284 1594 re
311 1565 433 1594 camela
462 1569 691 1605 praegnantem
718 1573 756 1593 se
784 1564 956 1594 ostendere
983 1566 1075 1595 solet.
1129 1567 1219 1596 Haec
1245 1570 1349 1595 autem
1377 1565 1567 1606 significatio
1595 1575 1665 1596 cum
1695 1575 1777 1596 voce
1803 1572 1962 1605 sequente

166 1623 278 1670 Oiai-13⁸
299 1628 401 1656 minus
421 1635 563 1667 congrua
580 1632 652 1666 est3
680 1632 712 1657 at
741 1635 819 1656 vero
850 1636 942 1665 qnam
970 1627 1142 1667 Djeuhario
1171 1632 1299 1658 auclore
1318 1629 1548 1669 grammaticus
1568 1628 1742 1658 Abu-Said
1764 1633 1824 1658 tam
1846 1629 1961 1659 tertiae

163 1699 253 1728 quam
281 1693 396 1718 sextae
423 1689 513 1718 verbi
541 1688 662 1718 formae
691 1688 860 1718 lanceis
889 1690 1096 1730 pugnandi
1124 1690 1387 1730 significationem
1418 1691 1535 1731 tribuit,
1552 1689 1624 1720 inde
1651 1689 1796 1720 derivata
1824 1690 1962 1722 videtur.

166 1751 367 1781 scholiastae
394 1756 499 1781 autem
527 1752 683 1782 Mersukii
712 1752 836 1792 legendi
864 1753 987 1791 modus,
1019 1755 1068 1792 qui
1103 1754 1172 1786 loco
1206 1754 1298 1783 vocis
1334 1750 1446 1798 otu-'225
1480 1752 1575 1783 habet
1609 1749 1724 1796 zkssjji,
1751 1758 1825 1783 ante
1851 1753 1960 1783 ocnios

164 1818 317 1842 versatus
347 1818 409 1851 est,
438 1816 469 1842 ut
497 1822 566 1842 cum
593 1819 692 1854 gente
721 1815 798 1844 Kais
827 1816 949 1844 nonnisi
978 1821 1124 1855 tempore
1152 1819 1268 1857 quietis
1296 1828 1346 1848 res
1363 1817 1507 1848 habenda
1533 1818 1584 1846 sit.
1614 1818 1683 1847 Hoc
1710 1820 1814 1846 autem
1835 1815 1960 1855 legendi

165 1875 269 1914 modo,
289 1875 339 1914 qui
368 1875 397 1905 in
426 1875 537 1905 codice
556 1877 692 1906 'I'ebrisii
722 1879 959 1917 superscriptus
984 1884 1044 1919 est,
1072 1879 1213 1910 admisso
1242 1883 1356 1920 prioris
1386 1881 1484 1919 partis
1512 1888 1630 1909 sensus
1659 1879 1779 1908 omnino
1809 1883 1959 1907 mutatur.

168 1936 354 1967 Gladiorum
373 1937 692 1979 Maschreiiticorum,
720 1939 769 1977 qui
803 1939 874 1968 boni
902 1946 987 1981 sunt,
1018 1941 1074 1970 iam
1102 1947 1197 1972 antea
1224 1943 1339 1972 mentio
1368 1943 1451 1972 facta
1477 1947 1528 1972 est
1555 1941 1674 1981 (conf.
1703 1940 1784 1970 348.
1815 1941 1853 1980 11,
1875 1939 1961 1979 43).

983 2080 1136 2113 an.

258 2155 561 2191 Abu-iahad
584 2154 634 2188 in
658 2154 966 2188 Aniasanum
990 2157 1030 2189 b.
1054 2156 1219 2197 Redja
1244 2155 1284 2188 b.
1306 2154 1711 2188 Abi-l'llhahhac
1734 2151 1870 2186 dixit.

757 2231 931 2268 (Tempore
962 2228 1234 2258 Abu-'rammam
1261 2228 1372 2266 vixit.)

167 2302 194 2331 1.
240 2301 408 2339 Profecto!
428 2311 484 2338 eqo
506 2311 617 2331 versus
640 2305 759 2330 montes
782 2304 912 2339 eiusque
935 2299 1069 2337 incolas,
1093 2309 1150 2328 nec
1173 2308 1235 2328 non
1259 2309 1370 2328 versus
1392 2301 1564 2335 sthyeslus
1587 2299 1685 2326 visum
1709 2297 1841 2333 diriqum
1863 2295 1963 2324 oculis

993 2356 1150 2390 angustis.

242 2422 335 2453 Oculi
348 2423 477 2464 angusti
496 2431 586 2462 quum
597 2423 772 2464 ¹Mersukio
799 2425 930 2452 auctore
949 2422 1054 2452 odium
1081 2422 1275 2463 significent,
1297 2425 1394 2460 poeta
1420 2430 1457 2450 se
1477 2420 1560 2451 illam
1580 2419 1742 2460 regionem
1759 2427 1830 2448 cum
1853 2417 1963 2447 incolis

160 2484 236 2513 suis
261 2484 332 2514 odio
359 2484 477 2514 habere
495 2484 578 2514 dicit.
606 2484 746 2515 Piurium
773 2490 989 2526 suggestnum
1020 2486 1211 2516 mentionem
1233 2484 1319 2520 fecit,
1336 2483 1418 2523 quod
1437 2483 1465 2511 in
1484 2482 1620 2521 quolibet
1642 2480 1759 2519 templo
1787 2484 1965 2520 suggestus

166 2551 266 2577 esset.
305 2547 411 2588 Regio
441 2552 546 2578 autem
577 2552 725 2577 montana
745 2536 834 2584 &kq-535
862 2545 1228 2587 amaraca-Alahdjam
1247 2547 1355 2585 (lraca
1388 2546 1537 2583 Persiac)
1573 2549 1624 2574 est
1650 2543 1731 2573 cons.
1765 2543 1793 2572 Α
1812 2541 1926 2571 bulfe
1937 2541 1965 2571 d.

172 2606 295 2649 Geogr.
323 2619 352 2648 p.
380 2608 428 2639 fu.
