2155 2892
914 119 1183 151 -170-

167 233 289 270 putant.
338 227 418 257 Tum
443 233 500 265 pro
527 233 611 255 voce
636 223 695 261 ,μὲ
721 221 839 265 legitur
864 222 940 260 Μ.
992 221 1027 251 ln
1052 224 1187 259 utroque
1213 222 1320 249 autem
1346 218 1498 249 suffixum
1525 216 1643 258 primae
1669 227 1827 258 personae
1852 219 1949 250 omis-

168 301 239 322 sum
266 294 329 328 est,
356 292 391 319 ut
412 295 532 318 sensus
561 285 613 326 sit,
640 290 774 317 mortem
801 284 905 324 ipsum
931 292 970 314 se
995 282 1182 313 offerentem
1206 290 1269 311 non
1296 281 1471 322 accepisse.

167 402 199 431 2.
221 399 267 429 Et
288 398 430 435 coniuyis
451 397 520 426 eius
541 397 700 434 separatio
723 397 875 424 matutino
899 397 1044 432 tempore,
1070 401 1130 432 quo
1152 391 1269 421 camelo
1292 391 1410 421 vehens
1425 387 1468 420 ea
1491 391 1625 427 abierat,
1656 390 1767 420 similis
1789 394 1858 419 erat
1877 392 1947 426 diei,

883 457 943 487 quo
965 449 1033 485 ipse
1055 447 1240 477 decesserat.

265 522 344 553 Viro
377 520 548 562 defuncto,
582 528 739 550 summum
772 517 913 548 dolorem
946 520 1041 557 poeta
1073 518 1280 555 perceperat3
1316 513 1375 543 sed
1411 516 1594 544 remanente
1626 512 1817 553 aliquamdiu
1851 522 1951 543 uxore

165 585 248 615 inter
272 586 375 625 ipSOS‚
402 582 475 614 inde
501 582 649 612 solatium
676 585 821 620 ceperat3
849 583 880 610 at
903 589 981 609 vero
1009 587 1104 618 quum
1131 578 1182 608 illa
1198 581 1340 616 tempore
1355 575 1455 606 luctus
1470 575 1558 606 finito
1575 580 1631 606 aut
1645 575 1685 606 ad
1698 575 1844 606 familiam
1859 585 1952 605 suam

166 647 286 678 rediret
318 651 374 677 aut
399 655 418 676 a
444 653 529 674 novo
558 643 670 674 marito
698 642 927 679 abduceretur,
962 649 1067 670 novus
1108 651 1171 672 non
1205 641 1308 671 minus
1347 648 1483 680 magnus
1517 648 1640 669 moeror
1667 643 1794 678 poetam
1821 639 1951 668 invasit.

167 710 253 741 Ante
279 718 393 740 vocem
415 718 494 752 ²⁴⁰⁴?
519 716 586 737 vox
611 717 679 748 “J-⁴·
704 705 797 736 dies
824 714 872 736 sc.
899 704 1112 745 separationis
1139 701 1318 743 supplenda
1354 705 1424 744 est,
1461 705 1497 731 ut
1533 711 1673 741 sequens
1699 712 1768 743 ωαχ
1794 703 1857 738 sit,
1895 710 1952 740 pro

167 775 245 802 κιλὲὲ
271 784 353 814 ‘0st-
406 773 440 801 111
466 771 535 801 aliis
563 769 641 800 locis
668 778 735 799 vox
762 780 829 810 κοάξ
857 767 941 797 diem
967 767 1077 797 mortis
1105 766 1272 807 designat,
1308 770 1341 795 et
1374 764 1506 795 eandem
1541 764 1807 805 significationem
1833 764 1896 794 hoc
1922 764 1952 793 in

166 846 267 867 versu
292 835 497 874 admitterem,
522 834 584 864 nisi
610 842 678 863 vox
703 841 801 876 '‘md-‘²7
834 834 909 860 ante
935 839 1028 870 quam
1055 838 1072 859 e
1099 832 1253 868 sequente
1279 837 1346 857 vox
1372 838 1439 868 1⁰5?-
1464 825 1642 866 supplenda
1668 830 1735 864 est,
1767 836 1817 856 me
1848 826 1953 866 impe-

167 899 258 931 diret.
311 898 524 936 scholiastes,
552 900 587 927 ut
613 895 688 926 mihi
713 894 853 935 videtur,
882 892 983 923 minus
1009 895 1160 922 accurate
1187 889 1227 920 ad
1252 890 1423 920 verborum
1452 887 1656 919 construendi
1687 887 1813 918 modum
1839 897 1953 918 vocem

166 959 263 1008 eiiij-iza
289 960 487 1000 (separatio)
513 956 724 998 supplendam
751 959 851 996 putat.
901 955 937 984 In
962 962 1081 983 versus
1109 953 1216 983 verbis
1243 953 1384 982 inversio
1411 956 1473 992 est,
1502 956 1537 983 ut
1562 952 1664 982 verba
1690 951 1737 981 sic
1756 950 1952 990 disponenda

167 1023 247 1055 sint:
285 1032 353 1066 αἰσχ
378 1022 441 1060 &2¹⁶
465 1008 552 1059 &435
581 1018 623 1061 kg.)
649 1017 714 1056 olba
742 1020 790 1047 kala
816 1020 905 1047 00„ss
931 1016 1011 1046 8504}
1037 1025 1138 1062 esa-152.
1189 1016 1316 1046 Nomen
1343 1014 1422 1045 ilai:
1448 1014 1685 1045 Nunnationem
1708 1013 1833 1055 amisit,
1861 1018 1895 1043 ut
1922 1016 1952 1043 in

167 1086 267 1125 primo
293 1094 393 1115 versu
420 1093 486 1114 vox
513 1094 590 1124 μοχ,
619 1081 702 1122 quod
719 1091 787 1112 cum
814 1084 970 1121 sequente
997 1081 1195 1110 coniunctum
1222 1081 1273 1108 est
1299 1075 1426 1121 (Gram.
1444 1077 1499 1107 Ar.
1526 1077 1563 1106 Τ.
1590 1077 1628 1106 11.
1657 1086 1687 1116 p.
1718 1075 1830 1115 147.)-

166 1195 199 1224 3.
223 1193 377 1225 Columna
399 1196 509 1222 nostra
532 1194 562 1221 e!
582 1192 692 1221 domus
713 1194 841 1220 nostrae
860 1191 1010 1227 princeps
1032 1191 1116 1224 erat,
1142 1191 1172 1217 et
1193 1189 1313 1223 onmia,
1338 1197 1419 1225 quae
1440 1186 1526 1224 milii,
1551 1196 1585 1214 eo
1607 1189 1740 1224 mortuo,
1763 1186 1952 1221 eveniebant,

959 1243 1039 1272 levia
1061 1245 1160 1273 erant.

268 1315 395 1346 Laudat
421 1315 589 1346 absentem
616 1319 762 1353 tanquam
791 1322 886 1351 eum,
923 1312 962 1343 ad
997 1322 1089 1352 quem
1119 1320 1230 1341 omnes
1258 1309 1468 1351 confugerint.
1521 1310 1595 1340 Vox
1623 1314 1712 1346 ιλρε
1738 1309 1864 1349 proprie
1890 1317 1953 1346 res,

168 1389 230 1420 qua
256 1379 324 1419 quis
350 1379 471 1419 nititur,
497 1379 526 1408 in
553 1378 726 1418 principem
754 1376 930 1415 ducemque
957 1375 1062 1417 gentis
1091 1374 1246 1403 translata
1272 1377 1334 1402 est.
1387 1372 1496 1403 Verba
1521 1368 1606 1409 &4435
1632 1375 1713 1409 ἰἑκαρ
1748 1376 1812 1402 tam
1841 1372 1871 1401 in
1901 1372 1954 1401 vi-

169 1444 369 1483 tuperatione
402 1452 495 1482 quam
525 1442 555 1472 in
591 1441 685 1472 laude
719 1440 871 1481 adhiberi,
899 1444 993 1469 antea
1021 1437 1160 1468 vidimus
1186 1433 1307 1479 (conf.
1338 1435 1431 1465 Ham.
1460 1444 1489 1474 p.
1516 1433 1574 1464 ffv?
1602 1444 1632 1463 v.
1664 1432 1729 1476 1.);
1767 1434 1822 1464 sed
1856 1434 1956 1464 verba

158 1495 251 1554 fagi
279 1509 360 1544 ἰζ’κιρ
375 1511 406 1537 et
421 1503 520 1543 war-055
548 1509 629 1542 ἐἰκκιρ
656 1504 782 1534 nonnisi
808 1504 838 1534 in
866 1502 960 1533 laude
987 1501 1185 1532 adhibentur.
1213 1498 1262 1528 De
1288 1497 1524 1539 significatione
1550 1497 1721 1527 verborum
1747 1494 1848 1535 ιμ’-ΜΠ
1875 1500 1956 1535 ime?

169 1579 230 1600 non
257 1569 470 1600 consentiunt.
523 1569 590 1598 Aut
614 1568 718 1597 virum
746 1576 818 1596 cum
845 1564 1094 1596 struthiocameli
1119 1572 1182 1593 ovo
1210 1571 1418 1601 comparasse
1443 1561 1609 1602 videntur,
1646 1561 1686 1591 ad
1715 1571 1808 1601 quem
1846 1571 1956 1591 omnes

168 1632 312 1673 redeant,
340 1636 374 1662 ut
402 1630 683 1661 struthiocamelus
710 1629 749 1660 ad
778 1639 874 1659 ovum
902 1638 995 1658 suum
1023 1636 1151 1665 semper
1180 1625 1273 1665 redit,
1301 1628 1356 1654 aut
1383 1633 1455 1654 cum
1482 1633 1556 1663 ονο,
1584 1632 1602 1652 e
1630 1632 1689 1662 quo
1719 1622 1820 1662 pullus
1842 1623 1955 1662 prodit.

169 1697 368 1728 Scholiastes
395 1695 544 1736 loquendi
573 1694 699 1725 modum
727 1703 799 1724 eum
827 1693 936 1722 verbis
960 1690 1129 1721 traditione
1155 1688 1196 1719 ad
1225 1697 1284 1717 nos
1312 1687 1428 1717 delatis
1459 1687 1551 1716 »Nos
1590 1695 1699 1716 sumus
1734 1684 1825 1716 radix
1858 1678 1965 1726 legati*

170 1760 261 1800 Dei,
288 1768 305 1789 e
333 1768 394 1799 qua
420 1757 536 1798 prodiit
561 1762 594 1787 et
612 1767 707 1787 ovum
727 1757 808 1796 eius,
835 1766 854 1785 e
881 1763 941 1794 quo
959 1758 1051 1793 rupto
1071 1752 1249 1792 processit«
1271 1754 1442 1790 comparat.
1471 1749 1552 1779 Voci
1570 1746 1660 1788 342,
1684 1749 1732 1778 cui
1762 1751 1793 1779 et
1818 1749 1957 1789 gravis

169 1827 202 1853 et
228 1822 347 1862 parvi
374 1821 496 1862 negotii
522 1820 716 1861 significatio
744 1823 811 1859 est,
845 1817 904 1847 hoc
930 1817 961 1846 in
989 1824 1086 1846 versu
1113 1813 1205 1854 parvi
1232 1812 1350 1853 negotii
1377 1811 1570 1852 significatio
1598 1810 1752 1841 tribuitur.
1815 1810 1957 1840 Similem

168 1894 299 1915 sensum
327 1885 358 1915 iu
385 1884 490 1924 priore
515 1892 632 1914 versus
659 1887 751 1922 parte
780 1886 874 1921 poeta
902 1881 994 1911 Ham.
1025 1889 1054 1919 p.
1083 1880 1133 1910 imit*
1159 1888 1191 1907 v.
1220 1877 1253 1908 5.
1278 1876 1451 1915 expressit.

978 1987 1164 2021 xcnl.

169 2058 568 2093 Ebu-Almamah
591 2055 848 2092 Dhabnita
871 2055 1078 2090 :nortem
1100 2052 1348 2088 Bisthami
1372 2053 1413 2086 b.
1433 2049 1576 2093 Bais,
1599 2049 1662 2084 ab
1685 2048 1895 2083 Ahzimo
1916 2048 1956 2082 b.

668 2109 904 2144 Chalifah
928 2107 1091 2151 occisi,
1114 2107 1297 2141 dellens
1321 2105 1458 2140 «lixit.

269 2182 526 2213 Ebn-Ahnamah
553 2191 647 2221 quum
674 2182 706 2211 in
733 2187 828 2222 gente
854 2181 1016 2212 Schaiban
1043 2184 1191 2219 tanquam
1218 2179 1346 2209 vicinus
1379 2177 1529 2217 degeret,
1566 2175 1628 2206 hoe
1663 2176 1801 2205 carmine
1827 2179 1957 2216 gentem

168 2245 327 2276 Schaiban
353 2244 413 2274 sibi
438 2253 630 2284 propensam
658 2243 792 2273 reddere
818 2243 936 2273 studet.
987 2243 1090 2273 Poeta
1125 2246 1231 2271 autem
1268 2240 1308 2270 ad
1344 2244 1473 2282 gentem
1510 2238 1601 2270 Alsid
1629 2239 1657 2268 b.
1685 2237 1792 2268 Maleo
1818 2237 1846 2266 b.
1875 2236 1957 2265 Beer

169 2310 199 2339 b.
228 2307 316 2339 Sahd
343 2308 372 2338 b.
400 2306 554 2337 Dhabbah
580 2306 766 2346 pertinebat.
821 2306 922 2336 Poeta
948 2310 1022 2336 ante
1048 2304 1156 2334 Islami
1183 2306 1309 2342 tempus
1337 2303 1427 2333 vixit.
1468 2301 1626 2333 Alizimus
1653 2299 1805 2331 Bisthami
1833 2298 1957 2328 occisor

170 2377 295 2412 tempus
321 2371 424 2401 Islami
451 2370 559 2412 attigit
584 2368 688 2400 conf.
716 2369 808 2399 Ham.
837 2378 867 2407 p.
895 2370 948 2398 ΓΛΓ.

171 2481 198 2509 1.
227 2481 292 2510 Vae
313 2481 491 2510 habitaculo
514 2478 639 2509 terrae!
661 2479 745 2516 Quid
764 2480 845 2508 teoeit
864 2480 898 2508 in
918 2478 991 2513 loco,
1015 2479 1068 2508 ubi
1088 2479 1138 2507 via
1159 2478 1203 2507 ad
1222 2481 1355 2508 montem
1380 2477 1528 2508 Allzasan
1549 2470 1802 2515 appropinquat?

270 2549 421 2587 Queritur
448 2549 698 2590 reprehendens,
727 2547 809 2588 quod
825 2553 911 2579 terra
925 2548 1021 2578 talem
1036 2547 1138 2577 virum
1162 2548 1191 2577 in
1213 2548 1362 2587 sepulcro
1379 2547 1509 2587 texerit,
1535 2544 1624 2576 cuius
1651 2543 1742 2574 factis
1761 2547 1844 2573 terra
1863 2542 1952 2572 nimis

171 2615 309 2652 angusta
334 2611 433 2640 fuerit.
487 2611 577 2641 Hanc
604 2612 796 2641 sententiam
823 2619 1009 2650 quamquam
1037 2609 1145 2640 verbis
1173 2609 1255 2641 haud
1284 2610 1365 2640 clare
1395 2608 1576 2649 expressit,
1616 2615 1656 2636 ea
1683 2610 1788 2636 tamen
1814 2605 1951 2636 subesse
