2155 2892
885 154 928 159 —
982 135 1052 166 310
1123 150 1165 156 —

129 249 223 285 poeta
251 243 338 273 albos
366 249 448 279 ng-{2⁸²
475 236 659 278 appellavit.
687 236 795 266 conf.
823 236 916 265 Ham.
954 233 1006 263 05²ss
1032 243 1063 263 v.
1093 233 1128 263 2.
1180 233 1323 263 Meccam
1351 235 1455 262 autem
1481 229 1565 260 ducti
1593 230 1702 260 cameli
1727 230 1827 271 signis
1861 234 1914 261 aut

130 309 202 338 lana
227 309 280 335 aut
306 303 420 333 cortice
447 301 597 331 interiore
623 303 769 330 contorta
795 296 939 326 instructi
970 299 1076 333 erant,
1113 295 1195 325 hanc
1221 296 1260 325 ob
1286 305 1417 325 cansam
1444 292 1528 322 exli&
1554 293 1767 334 cognominati
1791 290 1912 336 (conf.

132 370 224 400 Ham.
251 365 295 396 vio
321 375 353 398 v,
380 365 401 394 6
430 364 547 402 Mers.)
575 366 628 392 aut
654 361 787 391 vulnere
815 360 844 389 in
870 359 965 400 gibbo
994 358 1091 398 facto,
1120 342 1163 388 ut.
1180 358 1313 398 sanguis
1340 357 1510 387 deflueret.
1551 354 1641 383 Haec
1667 362 1720 383 res
1743 351 1828 398 ,2225
1855 364 1915 393 ap—

133 431 305 471 pellabatur
332 428 439 459 eonf.
468 427 561 459 Ham.
587 426 627 454 vlt
655 434 687 453 v.
716 424 747 453 4.
802 421 893 459 Quod
922 425 1025 451 autem
1052 421 1180 450 verbum
1209 431 1284 470 ff,
1312 421 1428 459 quippe
1455 417 1536 458 quod
1563 418 1699 446 maxime
1725 418 1756 446 in
1782 416 1917 446 homini-

133 496 192 525 bus
219 494 364 523 Meccam
392 490 431 521 ad
458 498 552 520 sacra
578 484 855 526 proficiscentibus
881 483 1079 523 adhibeatur,
1109 492 1176 512 cum
1204 482 1335 512 camelis
1363 480 1578 517 coniunxerit,
1608 479 1638 508 in
1665 488 1703 508 eo
1730 478 1815 508 haud
1840 479 1920 508 bene

136 557 255 586 fecisse
286 554 423 584 videtur.
489 552 576 581 Loco
611 550 704 580 vocis
739 550 838 594 &⁴⁵53
876 546 991 586 legitur
1028 555 1152 585 quoque
1179 544 1299 591 σύ),
1364 543 1456 582 Quod
1493 545 1530 575 de
1570 544 1747 574 hominibus
1775 545 1919 574 Meccam

136 617 356 649 ficiscentibus
382 614 548 645 dicendum
577 612 645 653 fuit,
672 612 702 642 id
729 611 768 641 ad
795 608 932 640 camelos
960 608 1131 637 transtulit.
1161 609 1236 637 vox
1262 609 1355 638 msc-z
1381 608 1530 646 camelos,
1557 607 1760 636 substantivo
1788 606 1919 645 omisso,

136 680 306 720 designat,
333 685 464 716 quorum
501 674 602 713 capilli
629 674 759 713 pulvere
786 669 936 710 inquinati
963 675 993 701 et
1020 669 1104 700 haud
1138 670 1211 709 pexi
1238 674 1323 699 sunt.
1386 670 1530 699 Vocibus
1564 666 1658 710 &4512
1686 668 1785 710 L÷L2a5
1809 669 1917 699 modus

137 742 264 783 quidam
291 738 454 770 incedendi
481 736 689 777 significatur,
718 735 757 764 de
785 743 844 773 quo
873 733 1091 773 lexicographi
1118 732 1268 762 dubitant.
1321 733 1355 761 In
1382 733 1442 762 hoc
1466 742 1566 774 uversu
1601 733 1705 762 cultus
1738 732 1819 762 sacri
1845 742 1921 771 par-

137 810 200 835 tem
221 807 314 843 poeta
349 800 510 838 respicere
542 797 678 827 videtur.
732 795 817 826 Inter
844 794 904 824 alia
937 794 1018 823 inter
1055 794 1141 823 locos
1169 796 1293 825 Merwa
1321 800 1352 825 et
1379 795 1463 825 Zafa
1490 795 1581 825 modo
1607 796 1725 826 lenibus
1752 796 1843 826 modo
1863 805 1919 825 ce-

1878 864 1897 890 ἒ
1913 859 1919 886 l

137 929 177 959 de
193 928 333 968 pluribus
360 926 439 955 inter
455 933 492 954 se
508 921 715 952 iaculantibus
741 920 905 949 adhibetur
932 922 962 949 et
986 919 1068 948 haec
1092 924 1144 948 est
1171 929 1282 960 causa,
1309 931 1363 951 eur
1393 921 1452 951 hoc
1478 921 1546 951 loco
1565 922 1604 952 de
1623 921 1776 960 lapidibus
1792 931 1809 952 a
1824 880 1922 961 pigri).

140 868 258 898 leribus
286 864 454 906 gressibus
482 860 631 891 incedunt
659 864 692 889 et
719 858 870 898 lapidibus
898 856 990 886 iactis
1016 857 1045 885 in
1072 857 1157 886 valle
1182 858 1269 888 Mina
1299 858 1454 888 sacrificia
1488 859 1615 889 faciunt.
1677 858 1817 888 Verbum

138 992 195 1021 bus
233 988 382 1019 iaciendis
419 987 549 1016 verbum
576 983 813 1024 intelligendum
848 981 1025 1022 putaverim
1060 981 1158 1011 conf.
1197 981 1235 1012 de
1264 982 1354 1023 Ryer
1380 983 1539 1014 l'Alcoran
1566 984 1603 1013 T.
1630 985 1644 1012 Ι
1671 994 1700 1023 p.
1729 983 1798 1013 244
1825 992 1872 1023 sq.

138 1102 170 1130 2.
214 1098 383 1138 Profecto!
411 1099 441 1126 si
468 1095 637 1133 aliquando
665 1093 898 1122 vicissitudines
928 1092 1076 1127 temporis
1109 1091 1187 1119 milti
1217 1092 1254 1119 de
1276 1095 1376 1120 matre
1398 1091 1537 1121 Allmrm
1563 1092 1724 1120 victoriam
1747 1092 1923 1127 concedent,

705 1148 744 1174 iis
767 1142 848 1185 [hoc
867 1142 1054 1184 peccalum)
1078 1154 1141 1173 non
1164 1147 1352 1174 condonabo.

246 1221 349 1250 'ranto
385 1227 489 1248 amore
517 1216 651 1246 feminae
679 1214 805 1244 deditus
833 1219 882 1244 est
910 1219 1022 1253 poeta,
1049 1219 1082 1243 ut
1108 1214 1135 1243 si
1162 1216 1298 1245 victoria
1325 1219 1489 1254 reportata
1516 1214 1642 1244 dolores
1670 1214 1826 1245 cessaturi
1851 1214 1925 1254 sint,

139 1285 198 1315 hoc
223 1294 261 1314 se
288 1293 387 1324 aegre
414 1282 546 1311 laturum
573 1288 649 1309 esse
677 1277 772 1307 dicat.
824 1277 874 1306 De
901 1286 981 1306 voce
1009 1273 1067 1321 Ui]
1096 1276 1177 1306 conf.
1206 1278 1297 1310 llam,
1326 1287 1356 1317 p.
1383 1276 1437 1306 1⁹1⁹v
1464 1276 1513 1306 0¹²⁶!
1541 1287 1572 1306 v.
1589 1276 1621 1306 2.
1657 1277 1790 1306 Varium
1818 1280 1925 1306 autem

140 1345 370 1386 interpretandi
407 1342 530 1373 modum
563 1349 681 1370 versus
709 1338 838 1378 patitur.
897 1337 1058 1367 Suffixum
1086 1341 1117 1368 in
1144 1350 1226 1370 voce
1254 1338 1338 1380 Qi
1366 1344 1422 1370 aut
1447 1339 1486 1370 ad
1513 1339 1749 1369 vicissitudines
1776 1341 1926 1378 temporis

140 1415 194 1442 aut
222 1409 262 1439 ad
289 1408 431 1438 feminam
460 1404 571 1435 referri
597 1404 679 1433 licet.
711 1402 746 1432 Si
774 1403 862 1440 prius
890 1400 1072 1442 admittitur,
1101 1402 1252 1441 temporis
1276 1401 1562 1442 vicissitudinibus,
1591 1406 1739 1440 tanquam
1768 1409 1926 1439 personae

143 1473 262 1504 crimen
289 1471 472 1510 imputatur,
493 1466 575 1507 quod
603 1470 698 1506 poeta
727 1474 787 1493 non
815 1462 993 1504 condonat3
1022 1464 1070 1493 sin
1100 1465 1273 1505 posterius,
1301 1464 1448 1505 feminae,
1476 1464 1525 1494 cui
1552 1472 1736 1502 quamquam
1763 1462 1929 1492 vicissitu-

144 1535 235 1566 dines
265 1532 418 1572 temporis
446 1540 511 1560 rem
542 1528 719 1568 perficiunt,
742 1526 858 1555 crimen
885 1527 1030 1563 imputat,
1058 1526 1214 1555 desiderio
1241 1526 1469 1556 satisfacturus
1497 1529 1555 1555 est.
1607 1525 1679 1554 Hoc
1704 1529 1807 1554 autem
1834 1533 1929 1564 quum

142 1596 259 1627 amoris
295 1600 426 1624 naturae
461 1594 638 1630 repugnet,
677 1589 811 1617 alterum
847 1585 1103 1625 praeliabendum
1136 1594 1228 1629 puto,
1265 1589 1295 1617 in
1330 1597 1388 1627 quo
1416 1592 1512 1627 poeta
1541 1587 1631 1626 ipsos
1659 1587 1774 1616 amoris
1802 1586 1927 1616 dolores

141 1659 202 1688 sibi
216 1662 327 1699 gratos
341 1664 416 1684 esse
432 1652 581 1682 ostendit.
601 1652 708 1681 Verba
726 1648 820 1691 ὀχῶ
838 1649 865 1688 3
879 1648 942 1695 00²
958 1642 1068 1693 ε-Ξὸόξ)
1084 1647 1326 1688 ts‘(schol.1.3)
1343 1649 1455 1679 beatus
1473 1649 1510 1678 de
1525 1648 1654 1687 Sacyus
1668 1648 1773 1678 mutila
1791 1647 1928 1687 putavit,

145 1727 180 1751 ut
199 1720 334 1750 sortasse
362 1715 532 1757 legendum
552 1715 590 1744 sit
604 1712 700 1754 &24⁸
721 1713 748 1751 ξ,
764 1715 868 1749 uffa-nui.»
894 1711 957 1757 0&
986 1710 1009 1740 ia
1027 1716 1059 1740 ab·
1086 1706 1129 1740 »Χὶ
1159 1712 1245 1757 Οὶς;
1274 1712 1331 1741 sed
1359 1716 1422 1740 tam
1448 1711 1478 1739 in
1503 1710 1638 1739 'febrisii
1666 1718 1759 1749 quam
1786 1709 1815 1737 in
1837 1709 1929 1738 Mer-

144 1782 228 1812 sukii
264 1780 371 1810 codice
407 1778 455 1807 sic
491 1777 617 1817 legitur.
680 1776 753 1805 von
787 1773 858 1814 §2530
891 1774 983 1803 modo
1018 1774 1181 1814 infinitivi,
1216 1779 1249 1803 ut
1276 1783 1332 1812 pro
1360 1770 1430 1800 'cili->i
1458 1773 1510 1812 sit,
1539 1771 1769 1801 Accusativum
1798 1770 1928 1799 obtinuit

145 1844 228 1876 conf.
258 1842 365 1874 Graiu.
394 1841 450 1870 Ar.
476 1840 512 1868 T.
541 1839 568 1867 11
593 1848 622 1878 p.
653 1837 739 1877 1133
775 1847 845 1867 nam
872 1837 1026 1867 infinitiva
1053 1847 1123 1866 cnm
1151 1836 1289 1866 diversis
1318 1835 1405 1865 verbi
1432 1834 1704 1874 coniugationibus
1731 1832 1929 1873 coniungun-

145 1914 205 1938 tur.
257 1906 300 1936 Ut
327 1904 520 1945 praepositio
549 1899 568 1936 ..5
595 1902 652 1931 hoe
679 1902 708 1930 in
736 1910 834 1930 versu
862 1899 1059 1930 commodum
1086 1898 1229 1937 victoris,
1257 1898 1305 1927 sic
1333 1896 1526 1936 praepositio
1553 1897 1605 1935 gun
1631 1904 1711 1924 onus
1748 1898 1779 1924 et
1806 1895 1928 1924 incom-

147 1969 271 1999 modum
298 1968 375 1998 victi
403 1966 550 2006 designat
579 1964 607 1995 G
624 1974 712 1994 ram.
741 1964 800 1993 Ar.
830 1964 866 1992 T.
894 1963 923 1992 ΙΙ
949 1973 978 2002 p.
1008 1962 1089 1992 474.
1141 1961 1234 1991 Alter
1259 1960 1386 2001 legendi
1413 1959 1524 1989 modus
1552 1955 1651 1998 &5505
1679 1968 1734 1997 pro
1761 1955 1872 2002 &3505
1898 1957 1929 1987 in

147 2032 257 2063 codice
284 2032 417 2061 'l'ebrisii
443 2029 678 2069 superscriptus
706 2032 765 2058 est.
795 2028 880 2056 hoco
905 2026 994 2056 vocis
1022 2022 1094 2070 0505
1123 2023 1240 2064 legitur
1268 2031 1390 2061 quoque
1416 2019 1502 2067 (ΒΜ,
1530 2025 1563 2050 ut
1590 2029 1655 2050 vox
1681 2018 1752 2059 '21:530
1775 2021 1928 2050 obiectum

151 2094 239 2124 verbi
267 2094 316 2123 sit.
368 2093 494 2123 Sensus
525 2101 642 2121 versus
670 2095 775 2120 autem
805 2099 843 2119 eo
870 2099 931 2119 uon
958 2088 1089 2118 multum
1115 2090 1259 2116 mutatur.

992 2245 1104 2279 xu.

886 2322 1029 2357 Alius
1052 2319 1188 2354 «lixit.

151 2414 176 2441 1.
222 2413 266 2441 Et
289 2421 383 2450 quum
406 2412 505 2439 visum
528 2412 615 2439 luam
636 2411 784 2446 tanquam
815 2406 902 2435 cordi
927 2408 979 2432 tuo
1000 2403 1150 2441 pabulum
1177 2403 1377 2439 quaerentem
1401 2399 1570 2439 aliquando
1592 2398 1743 2432 mittebas,
1767 2407 1827 2432 res,
1852 2406 1930 2435 quas

804 2457 1009 2496 adspiciebas,
1034 2459 1063 2484 te
1087 2457 1275 2493 fallam-wll.

232 2547 333 2577 Poeta
357 2556 394 2576 se
421 2547 523 2585 ipsum
553 2545 713 2584 alloquens
741 2542 843 2584 fingit,
871 2550 908 2570 se
935 2538 1033 2568 oculis
1060 2537 1129 2566 suis
1158 2546 1211 2566 res
1238 2535 1452 2576 quaesivisse,
1478 2542 1609 2573 quarum
1635 2530 1791 2570 adspectu
1817 2532 1931 2561 amoris

152 2608 276 2637 dolores
304 2608 437 2647 leniret3
475 2607 533 2637 sed
569 2610 694 2646 praeter
726 2614 817 2644 spem
845 2601 1023 2641 accidisse,
1058 2601 1147 2632 utin
1172 2601 1319 2631 maiorem
1354 2607 1534 2630 aerumnam
1570 2595 1734 2626 incideret.
1792 2593 1931 2624 Verbum
