2155 2892
918 171 1186 203 ——351—

161 266 192 295 4.
238 264 353 302 Fuere,
377 268 431 304 qui
447 267 678 304 eomeudereut,
695 269 859 302 amantem,
883 278 976 305 ψιηηι
988 267 1153 308 (minatae)
1163 271 1360 307 propinquus
1382 271 1431 302 sit,
1445 270 1545 298 taedio
1564 272 1643 308 capi,
1659 274 1689 299 et
1709 275 1937 310 separationem

845 324 1013 351 remedium
1036 326 1151 352 arnoris
1173 334 1250 352 esse.

160 386 191 415 5.
235 385 365 416 Omnem
388 397 453 416 rem
475 390 623 425 [alequam
648 388 815 416 remedium
839 390 976 417 ricissim
998 390 1207 427 adlubuimus,
1229 391 1286 418 sea!
1306 391 1392 418 uobis
1414 393 1547 420 remedio
1571 402 1631 421 nou
1655 398 1731 422 erat.
1757 395 1819 424 Est
1839 397 1935 433 iqitur

627 440 736 469 domus
755 444 976 479 propinquitas
998 442 1105 471 melior
1133 454 1226 482 quamn
1250 444 1473 483 lonqinque‘las.

258 509 413 548 Exemplo
440 518 500 538 suo
527 508 682 539 hominum
713 510 890 549 opinionem
918 511 1042 550 refellit,
1068 521 1160 550 quam
1186 517 1281 551 poeta
1308 523 1337 552 p.
1366 523 1408 542 ov·
1432 513 1499 544 infr.
1530 516 1669 555 respicit.

163 606 196 635 6.
244 604 310 634 Sed
331 606 440 634 domus
462 608 682 643 propt'uquilas
705 607 792 635 umis
814 616 875 636 non
899 610 957 646 est,
975 618 1069 646 quum
1092 610 1128 645 is,
1154 619 1243 648 quem
1266 620 1364 647 arnas,
1385 614 1551 648 promissis
1574 623 1634 642 non
1657 618 1729 643 slat.

257 676 290 704 1n
316 675 450 705 'l'ebrisii
478 675 587 705 codice
615 676 722 705 verbis
748 682 819 717 κλμ
846 671 928 717 ὑὸς
954 677 1033 708 alter
1061 678 1186 720 legendi
1215 679 1325 710 modus
1353 686 1388 720 o,
1417 674 1500 722 ύὸ-,ι
1527 684 1766 723 superscriptus
1796 690 1854 714 est.

1009 806 1087 839 Lu.

899 871 1040 905 Alius
1070 872 1200 907 uixit.

158 938 186 966 1.
231 937 490 975 Quotiescunque
513 937 548 965 ob
571 939 704 966 anu'cum
727 940 756 966 le
779 939 937 968 consolari
958 942 1014 975 ris,
1039 943 1155 971 mullas
1176 945 1245 972 siue
1266 954 1300 973 eo
1323 947 1429 973 noctes
1448 955 1564 982 peraqe
1578 945 1592 974 l

158 1006 189 1034 2.
234 1004 328 1033 Nihil
361 1013 481 1042 quoque
513 1005 647 1032 amicum
676 1006 777 1041 maqis
807 1006 1004 1042 consolatur,
1045 1018 1137 1046 quam
1170 1010 1311 1039 absentia
1335 1013 1366 1039 et
1394 1011 1440 1038 m'l
1456 1015 1570 1040 vestem
1594 1014 1679 1040 luam
1701 1021 1811 1042 novam
1833 1017 1934 1052 maqis

767 1060 853 1096 terit,
887 1068 979 1097 quam
1007 1070 1085 1089 usus
1113 1064 1321 1100 quotidiana-e.

251 1126 405 1156 Remedia
432 1125 549 1155 doloris
576 1125 606 1155 in
633 1134 739 1156 amore
765 1126 875 1158 adfert.
902 1128 1004 1158 Unum
1032 1139 1105 1159 esse
1131 1131 1160 1160 in
1186 1132 1343 1173 absentia,
1360 1133 1490 1163 alterum
1520 1133 1549 1163 in
1568 1137 1728 1164 consortio
1743 1136 1932 1174 quotidiano.

156 1189 355 1219 Scholiastes
383 1190 509 1229 quintae
536 1189 654 1219 formae
681 1189 813 1219 candem
841 1191 1105 1232 significationem
1133 1202 1222 1232 quam
1250 1195 1367 1233 primae
1394 1195 1513 1225 formae
1542 1205 1617 1226 esse
1643 1196 1729 1226 dixit.
1787 1198 1933 1230 Formam

155 1256 262 1282 autem
296 1253 386 1282 verbi
416 1253 644 1282 intransitivum
670 1252 751 1282 idem
777 1253 960 1293 significare
986 1264 1078 1294 quam
1108 1255 1239 1286 formam
1267 1258 1476 1298 transitivam‚
1496 1258 1702 1296 sequentibus
1718 1265 1833 1298 poetae
1856 1270 1933 1290 ver·-

154 1313 203 1343 bis
231 1313 360 1352 probat:
397 1311 503 1357 (metr.
533 1311 643 1357 Sarili)
673 1314 723 1344 Et
749 1315 782 1344 si
810 1324 951 1354 aquam
979 1317 1165 1348 conchae
1193 1318 1406 1359 Solwan')
1435 1319 1685 1359 appellatae
1713 1315 1781 1357 (1)-
1805 1315 1930 1361 52².)

155 1375 376 1414 bibissem,
404 1375 610 1406 solatium
637 1385 713 1406 non
739 1378 1017 1409 invenissem.
1069 1380 1157 1411 Loco
1184 1381 1273 1411 vocis
1297 1379 1407 1419 sud>
1436 1384 1467 1412 in
1491 1382 1649 1413 Mersukii
1676 1382 1783 1414 codice
1808 1381 1932 1422 Q

152 1439 278 1480 legitur.

993 1564 1097 1598 LII.

889 1628 1031 1664 Alius
1054 1630 1184 1665 dixit.

254 1701 287 1729 ln
313 1700 389 1730 libro
424 1700 694 1731 Ebu-Challikani
723 1710 872 1730 versuum
899 1707 1063 1732 auctorem
1088 1702 1235 1733 Jasidum
1263 1702 1293 1732 b.
1315 1702 1494 1744 Mosarrigh
1521 1712 1594 1733 esse
1635 1703 1770 1744 legimus
1807 1704 1930 1743 (conf.

157 1763 235 1792 Nro.
264 1763 375 1802 8310,
402 1764 452 1803 qui
480 1774 559 1794 anuo
588 1766 632 1795 69
661 1766 742 1795 diem
769 1766 889 1796 obiisse
915 1764 1037 1796 dicitur.

157 1859 184 1888 1.
229 1858 275 1888 0!
296 1858 437 1889 Saitzabu
459 1864 600 1889 eslremo
623 1864 724 1890 noctis
759 1865 894 1899 tempore
924 1863 966 1891 ad
985 1872 1033 1891 me
1056 1864 1147 1890 venit.
1196 1862 1262 1890 Tibi
1290 1860 1465 1891 salus'sit!
1490 1858 1604 1902 silici)
1628 1862 1713 1891 Num
1735 1863 1818 1900 quod
1834 1871 1931 1898 prae..

853 1918 943 1949 teriil,
974 1915 1140 1952 petendum
1163 1915 1235 1943 est?

266 1981 458 2019 Saiuabam,
487 1993 505 2013 a
543 1988 638 2023 poeta
666 1988 798 2013 amatam
829 1983 985 2024 feminam,
1021 1983 1060 2013 ad
1089 1993 1161 2013 eum
1187 1987 1240 2013 aut
1267 1984 1471 2013 somniantem
1506 1988 1561 2013 aut
1587 1984 1767 2024 vigilantem
1796 1985 1929 2014 venisse

157 2041 256 2084 fingit,
282 2052 343 2072 non
369 2045 449 2074 enim
478 2055 511 2074 re
538 2056 616 2075 vera
645 2045 675 2074 id
703 2045 854 2075 accidisse
882 2050 957 2084 puto
988 2045 1088 2083 (conf.
1120 2046 1212 2075 llam.
1240 2055 1269 2085 p.
1290 2048 1332 2084 l‘t')
1361 2045 1430 2075 infr.
1459 2046 1599 2076 Verbum
1626 2046 1750 2076 dicendi
1775 2046 1929 2076 interdum

157 2105 320 2135 omittitur.
372 2106 406 2135 In
432 2107 702 2138 Ebu-Challikani
730 2117 826 2147 opere
854 2108 920 2138 loco
948 2107 1096 2138 adnotato
1123 2109 1240 2149 legitur
1267 2104 1368 2145 h‚al-{cm
1395 2102 1447 2136 ΦΒ
1474 2109 1522 2146 μ
1547 2104 1599 2138 ³⁴25
1628 2104 1697 2154 fEJ-a·
1723 2105 1825 2136 Mt.
1878 2107 1928 2136 Ex

157 2166 266 2205 prioris
294 2166 483 2198 hemistichii
510 2169 755 2200 homoioteleuto
783 2170 902 2199 initium
930 2170 1077 2199 carminis
1104 2172 1319 2211 cognoscitur.

155 2263 186 2291 2.
230 2262 275 2291 E!
295 2263 396 2291 dixit:
418 2263 540 2292 Recede
561 2274 580 2293 a
603 2266 690 2295 nobis
712 2275 812 2303 neque
832 2266 874 2294 ad
894 2274 952 2294 nos
973 2265 1204 2304 adpropinqua!
1228 2270 1261 2295 at
1284 2276 1354 2295 vero
1378 2267 1537 2305 quomodo,
1549 2277 1644 2306 quum
1661 2267 1738 2296 milti
1755 2269 1928 2296 necessarii

835 2322 915 2358 silis,
939 2329 958 2346 a
980 2319 1063 2348 cobis
1085 2316 1255 2348 recedam?

256 2384 418 2415 Feminam
446 2386 506 2425 ipsi
532 2386 775 2425 respondentem
801 2387 919 2419 inducit
937 2392 969 2418 et
985 2387 1056 2428 ipsi,
1082 2393 1115 2418 ut
1139 2388 1280 2430 recedat,
1307 2389 1525 2429 imperantem,
1549 2392 1613 2417 tum
1631 2397 1668 2417 se
1693 2387 1723 2416 id
1741 2396 1802 2416 non
1828 2396 1925 2426 posse

155 2459 494 2494 ᾕ-ῇῂ-

196 2526 226 2558 1)
245 2528 301 2552 Hoc
319 2530 351 2553 ad
371 2537 444 2554 usum
466 2533 587 2562 respicit.
614 2540 666 2563 quo
689 2534 787 2558 amanti
805 2535 929 2558 concham
949 2534 1062 2566 nigram,
1090 2540 1158 2564 quae
1181 2535 1230 2557 sub
1251 2538 1322 2557 terra
1340 2532 1496 2556 abscondita
1514 2533 1610 2563 suerat,
1628 2537 1673 2557 aut
1692 2537 1788 2556 terram
1808 2533 1925 2563 sepulcri

237 2580 371 2605 bibendam
400 2585 510 2614 dabant,
545 2590 573 2608 ut
599 2590 752 2610 sanaretur.
797 2589 850 2611 Aut
876 2587 965 2618 plures
985 2595 1048 2612 usus
1067 2588 1134 2612 modi
1153 2587 1281 2611 exstitere
1298 2590 1344 2610 aut
1361 2586 1544 2618 lexicographi
1564 2586 1596 2611 de
1615 2587 1689 2611 vocis
1707 2581 1805 2627 0⁸5&ae
1823 2587 1923 2619 signifi-

235 2634 339 2658 catione
357 2642 408 2660 non
428 2638 604 2663 consentiunt.

1495 2689 1540 2719 45
