2155 2892
910 122 1179 152 —258—

266 228 425 257 Externae
451 225 640 256 conditionis
666 224 696 253 in
723 223 792 252 viro
819 221 1018 262 dijudicando
1046 231 1108 251 non
1134 223 1257 251 omnino
1284 220 1436 251 rationem
1462 220 1635 251 habendam
1662 228 1749 260 esse,
1771 223 1806 250 ut
1831 222 1934 250 virum

153 289 192 318 ob
221 289 358 327 corporis
389 292 517 316 tenuem
544 286 678 327 figuram
707 286 796 325 parvi
822 285 994 324 faciamus,
1026 287 1141 324 quippe
1166 283 1235 314 fieri
1260 284 1375 324 possit,
1402 287 1435 314 ut
1461 284 1533 314 talis
1560 283 1642 313 leoni
1678 283 1860 314 fortitudine
1885 287 1933 316 si-

154 351 235 382 milis
257 352 309 380 sit.
361 349 430 380 Viri
456 350 557 379 fortes
587 359 658 379 cum
684 349 828 380 leonibus
856 348 1044 388 saepissime
1070 348 1244 387 comparati
1270 351 1343 378 sunt
1369 347 1451 377 conf.
1481 347 1575 377 Ham.
1604 357 1635 386 p,
1660 349 1680 375 l·
1705 357 1738 377 v.
1765 346 1797 377 3.
1823 349 1876 377 ivr*
1900 358 1932 378 v.

156 415 187 443 4.
215 414 269 442 ΡΨἸ
296 421 328 441 v.
357 412 390 441 2.
417 412 481 440 {⁸2³⁸
506 421 538 440 v.
567 411 587 440 7
617 414 675 440 etc.
740 411 821 441 Voci
840 422 908 458 ἐν
935 420 954 440 a
980 409 1087 440 radice
1109 421 1159 456 „aa
1185 409 1378 439 derivandae
1405 409 1569 449 prudentis
1598 415 1631 439 et
1657 410 1740 440 cauti
1771 409 1935 450 significa-

155 477 271 504 tionem
299 473 492 503 scholiastes
521 473 637 510 tribuit,
657 472 685 502 id
713 472 793 511 quod
821 482 839 502 a
866 471 1161 511 lexicographorum
1188 470 1365 509 explicandi
1394 470 1485 500 modo
1513 471 1628 501 differt.
1656 471 1860 512 Djeuharius‚
1885 472 1936 510 qui

154 546 286 566 versum
312 540 453 565 nostrum
481 535 623 572 adduxit,
650 534 952 564 Abu-Olibadahum
990 543 1127 573 sequens
1168 535 1241 563 voci
1279 532 1352 562 forti
1379 533 1481 562 auimo
1509 533 1639 573 praediti
1669 531 1782 575 (mutii
1809 534 1934 572 ὼιλέυ)

155 597 420 639 significationem
457 597 554 627 dedit.
591 598 626 626 In
661 597 823 636 Djeuharii
860 606 957 636 opere
985 597 1047 626 duo
1075 595 1201 637 legendi
1229 594 1309 624 modi
1337 595 1478 625 adnotati
1504 601 1590 636 sunt,
1619 605 1748 635 quorum
1776 605 1858 625 unus
1886 599 1936 625 est

155 661 223 693 ami
250 666 398 701 tanquam
426 672 537 691 nomen
566 663 739 701 proprium,
769 663 849 692 alter
877 662 945 692 omi
981 658 1071 705 (leo).
1136 658 1270 690 Kamusi
1308 661 1416 687 auctor
1450 657 1613 696 Djeuharii
1651 658 1786 688 vocibus
1825 667 1937 688 vocem

158 722 256 754 οόωἲ
285 724 390 766 addit3
419 723 476 753 sed
503 718 601 752 &bidji
629 720 777 764 (strenue
806 733 857 752 res
886 723 1074 762 perficiens)
1102 721 1271 762 legendum
1301 725 1359 749 est.
1387 720 1474 748 Loco
1499 720 1590 749 vocis
1611 731 1676 766 5³5*
1703 720 1766 760 legi
1789 732 1850 768 5259,
1880 730 1936 760 pro

126 785 130 794 ’
152 784 218 834 fija.
245 787 374 828 (rugit),
402 796 458 826 pro
485 796 546 826 qua.
574 786 676 825 magis
704 784 742 814 ad
768 785 949 825 analogiam
975 788 1008 813 et
1034 784 1229 822 frequentius
1257 782 1380 812 abiecta
1407 781 1510 811 media
1536 781 1662 812 radicali
1687 795 1732 830 δὲ
1750 781 1776 821 ¹)
1821 782 1936 813 dicunt.

159 849 221 887 Qui
256 848 389 878 mediam
423 848 592 878 radicalem
629 857 705 876 esse
733 850 842 885 putat,
871 846 994 875 abiecta
1021 845 1123 875 media
1152 843 1279 874 radicali
1299 856 1346 892 h*
1376 849 1408 874 et
1435 853 1496 873 non
1522 844 1657 885 abiecta7
1676 845 1735 891 )5j-!
1761 844 1852 880 dicat,
1881 855 1940 875 ue-

158 921 254 941 cesse
273 915 333 940 est.
362 910 564 940 scholiastes
593 909 717 950 legendi
735 909 859 939 modum
887 909 969 939 hunc
995 908 1186 948 probandum
1217 918 1276 937 non
1303 916 1378 936 esse
1405 911 1530 946 censet,
1557 916 1652 945 quum
1678 906 1832 946 rugiendo
1853 916 1942 937 com-

159 972 311 1013 parationi
338 981 406 1002 cum
436 971 527 1001 leone
555 981 662 1010 parum
690 981 807 1000 sensus
836 971 980 1001 addatur.
1034 971 1157 1001 Vocem
1190 970 1312 1000 nonnisi
1340 969 1379 999 ad
1405 969 1670 1008 comparationem
1698 968 1940 1000 confirmandam

159 1041 265 1077 aptam
291 1046 377 1065 esse.
430 1035 481 1064 Ad
507 1034 589 1064 hanc
616 1035 805 1063 senteutiam
833 1043 894 1063 non
920 1032 1049 1070 accedo,
1078 1033 1193 1073 quippe
1221 1033 1350 1074 rugiens
1380 1033 1429 1062 leo
1458 1033 1557 1062 iratus
1584 1036 1617 1061 et
1631 1032 1714 1062 hanc
1745 1031 1783 1061 ob
1810 1041 1939 1062 causam

159 1099 317 1130 timendus
341 1098 394 1137 sit,
411 1108 505 1137 quum
532 1098 661 1139 rugiens
687 1097 769 1128 nulla
796 1107 830 1126 re
859 1096 963 1126 addita
990 1096 1113 1125 nonnisi
1139 1095 1272 1135 leonem,
1302 1100 1336 1125 ut
1360 1104 1426 1124 vox
1452 1091 1495 1142 &ji
1527 1095 1690 1125 »clunibus
1709 1094 1823 1124 macris
1848 1103 1944 1133 prae-

159 1161 263 1192 ditus«
291 1161 415 1191 nonnisi
440 1160 547 1200 lupum
574 1160 733 1200 designat.
787 1160 841 1190 Sic
866 1159 897 1188 in
923 1167 1023 1188 versu
1050 1159 1141 1188 metri
1167 1156 1310 1196 Redjes:
1337 1156 1386 1187 Cl
1402 1157 1577 1186 unibus
1606 1166 1634 1186 m
1652 1158 1785 1186 acris
1814 1165 1832 1195 p
1848 1163 1943 1186 rae-

161 1222 293 1253 ditus
319 1220 498 1266 (lupus)
525 1224 567 1252 si
594 1221 790 1251 ducitur
819 1224 863 1250 et
888 1220 928 1249 si
958 1219 1105 1258 ducit,
1134 1224 1340 1249 erectum
1367 1221 1566 1260 signum.

161 1321 193 1350 2.
236 1320 364 1349 Iuvenis
387 1322 474 1348 tener
497 1319 552 1347 tibi
567 1319 694 1356 placel;
716 1319 780 1352 sed,
805 1320 835 1346 si
860 1328 928 1346 eum
952 1320 1063 1352 tentas,
1090 1318 1138 1345 vir
1160 1319 1247 1345 tener
1270 1317 1443 1351 opinionem
1463 1315 1559 1353 fallit.

259 1388 341 1418 Rem
368 1388 564 1428 experientia
591 1388 711 1427 probat.
739 1389 869 1417 Iuvenis
897 1387 1002 1417 mollis
1030 1386 1131 1416 forma
1158 1395 1216 1414 nos
1245 1384 1406 1423 delectat3
1428 1384 1485 1415 sed
1511 1385 1541 1414 in
1568 1385 1661 1415 rebus
1689 1384 1843 1425 gravibus
1863 1393 1941 1424 per-

164 1449 308 1481 ficiendis
335 1450 481 1480 fiduciam
507 1450 537 1479 in
567 1460 605 1480 eo
634 1459 751 1490 ponere
778 1460 839 1479 nou
868 1458 1046 1489 possuinuS.

163 1549 196 1578 3.
239 1548 428 1585 Maym‘tudo
450 1549 526 1576 viris
548 1547 636 1576 laudi
657 1556 719 1575 mm
743 1551 806 1583 est3
830 1548 887 1575 sed
906 1556 1012 1575 eorum
1035 1547 1107 1575 laus
1128 1548 1161 1574 in
1174 1547 1386 1583 yenerosilate
1407 1547 1438 1573 et
1458 1545 1592 1574 bonitate
1614 1547 1668 1573 est.

164 1604 196 1632 4.
240 1602 325 1631 Aves
356 1602 481 1630 viliores
505 1602 658 1638 plurimos
684 1601 790 1638 pullos
820 1602 953 1635 habent:
988 1602 1045 1629 sed
1071 1601 1205 1629 vulturis
1233 1603 1332 1628 mater
1363 1608 1459 1628 unum
1490 1602 1610 1627 tantum
1630 1598 1752 1635 pullum
1777 1597 1870 1626 kabel
1886 1606 1948 1634 pa-

936 1665 1007 1683 rum
1028 1655 1191 1692 prolifera.

166 1707 197 1737 5.
241 1708 368 1737 flebiles
391 1718 463 1737 aves
486 1709 669 1746 lonqissima
693 1719 825 1746 corpora
849 1710 964 1737 habent
985 1713 1015 1737 et
1032 1709 1176 1747 falcones
1199 1709 1401 1746 vultures-qne
1423 1707 1512 1736 haud
1532 1707 1618 1743 lozzyi
1638 1708 1723 1735 sunt.

264 1777 333 1807 Viri
360 1777 508 1807 virtutem
536 1778 565 1807 iu
595 1787 727 1817 corpore
745 1787 806 1807 non
831 1788 916 1818 esse,
943 1778 1100 1817 exemplis
1128 1787 1170 1808 ex
1196 1780 1301 1807 avium
1328 1785 1449 1817 genere
1476 1775 1632 1805 desumtis
1659 1775 1804 1804 illustrat.
1856 1774 1947 1803 Voce

168 1836 252 1876 ΦΒ.)
278 1849 358 1869 aves
385 1849 447 1869 non
474 1846 632 1870 venantes
655 1841 874 1881 designantur.
927 1841 1020 1870 Aves
1047 1845 1155 1870 autem
1184 1849 1319 1879 rapaces
1347 1838 1516 1868 maioribus
1542 1837 1662 1867 viribus
1688 1846 1782 1875 quam
1800 1839 1951 1866 caeterae

167 1902 330 1940 praeditae
355 1908 440 1933 sunt.

169 1998 201 2027 θ.
245 1998 394 2027 camelas
415 2001 518 2028 animo
541 2000 630 2029 Imm!
646 2001 809 2037 praeditus
832 2008 968 2047 muytgus
991 2003 1046 2032 esi,
1072 2000 1129 2028 sed
1150 1999 1289 2028 camelus
1311 2009 1327 2027 e
1348 1998 1563 2035 nmyniludine
1584 1996 1747 2025 ulz'litulem
1771 2004 1833 2024 mm
1855 1997 1945 2032 capit.

168 2052 202 2084 7.
243 2052 329 2081 Puer
351 2062 537 2091 quocunque
558 2055 646 2082 modo
669 2064 738 2082 eum
760 2056 852 2082 ret-lit
871 2063 1010 2092 eumque,
1036 2054 1109 2082 dum
1131 2053 1244 2090 pabulo
1269 2056 1363 2086 curet,
1388 2053 1509 2081 habena
1531 2052 1659 2087 adliyal.

169 2105 203 2134 8.
245 2104 345 2134 Serva
368 2115 436 2133 eum
459 2106 569 2135 baculo
589 2109 744 2143 percuti&
772 2107 829 2134 sed
857 2115 959 2145 neque
979 2108 1116 2135 iniuriae
1136 2109 1339 2137 vindicandae
1361 2107 1517 2144 cupiditas
1538 2115 1638 2144 neque
1659 2105 1837 2133 detrec-lulio
1859 2105 1914 2130 est.

281 2174 367 2204 Idem
396 2175 507 2204 cameli
535 2177 680 2215 exemplo
708 2176 882 2211 confirmat,
909 2177 971 2215 qui,
1000 2186 1184 2215 quamquam
1212 2185 1327 2216 magno
1354 2177 1394 2205 sit
1421 2183 1564 2213 corpore,
1591 2183 1610 2203 a
1636 2181 1734 2212 puero
1762 2174 1892 2212 regatur
1918 2176 1950 2199 et

171 2238 245 2268 fune
272 2238 405 2276 infirmo,
424 2239 495 2269 dum
523 2238 657 2276 esuriat,
680 2238 836 2279 adligetur
851 2243 883 2268 et
899 2248 917 2268 a
946 2239 1051 2278 puella
1078 2239 1268 2278 percutiatur
1297 2247 1357 2267 non
1383 2236 1562 2267 detrectans
1582 2235 1733 2265 iniuriam.
1760 2232 1955 2263 Scholiastes

171 2299 300 2339 pluralis
335 2300 464 2330 formam
498 2300 590 2330 vocis
627 2297 727 2343 μεεὶρ)
763 2299 926 2337 explicans
962 2299 1055 2340 dicit,
1088 2300 1222 2330 litteram
1250 2301 1283 2330 Ia
1309 2303 1516 2339 permutatam
1547 2307 1609 2327 non
1643 2305 1738 2335 esse,
1784 2299 1816 2324 ut
1852 2293 1952 2323 torma

173 2367 239 2409 (p,
265 2365 392 2410 514)
421 2363 537 2393 radicis
565 2372 634 2392 cum
662 2362 769 2393 littera
795 2361 898 2392 ‘Vaw
923 2372 942 2392 a
968 2362 1073 2392 radice
1100 2372 1170 2392 cum
1197 2362 1302 2393 littera
1328 2363 1362 2392 la
1387 2361 1608 2401 distinguatur.

172 2464 205 2493 9.
248 2464 294 2493 Et
315 2466 344 2492 si
364 2465 445 2491 inter
465 2473 580 2500 prat-os
602 2465 722 2491 vestros
743 2470 867 2498 paucus
888 2470 975 2498 ὅπως
997 2463 1030 2488 at
1050 2470 1121 2489 vero
1140 2462 1172 2488 in
1194 2461 1282 2489 bonis
1304 2461 1416 2488 vestris
1437 2458 1556 2487 multus
1576 2465 1655 2486 sum.

271 2532 316 2562 Se
343 2541 442 2572 aegre
471 2541 532 2560 non
560 2531 662 2571 serre,
690 2531 773 2569 quod
800 2540 818 2560 a
845 2531 954 2570 pravis
983 2529 1051 2559 eius
1079 2529 1185 2570 gentis
1210 2529 1300 2568 parvi
1329 2528 1492 2558 habeatnr.
1542 2526 1577 2555 In
1604 2524 1673 2554 viro
1698 2532 1759 2554 uno
1789 2531 1881 2562 quum
1908 2520 1948 2550 de

539 2608 565 2624 ’Φ
1164 2613 1202 2625 ru
1282 2612 1339 2625 ’-0,

210 2636 241 2668 1)
260 2638 289 2660 ¹11
308 2637 420 2661 Tebrisii
438 2637 528 2660 codice
538 2625 730 2682 „g'scriptum
749 2643 807 2667 esu
826 2638 873 2661 sed
894 2636 938 2660 vix
956 2635 1058 2665 dubito,
1077 2634 1195 2677 quiu)j.-1
1214 2638 1338 2676 autfjg
1356 2631 1524 2657 scribendum
1542 2630 1586 2655 sit.
