2155 2892
881 139 1150 169 —628—

947 234 1072 267 clv.

418 302 741 338 Anba-,ulan
772 301 816 334 b,
845 301 1181 342 Amasenus-adj
1209 301 1452 342 njahdita
1474 300 1611 335 «lixit.

238 379 440 411 Scholiastes
468 386 550 406 voce
578 373 791 413 Alhaschradj
821 374 924 404 locum
954 374 1103 413 planum,
1148 373 1198 402 ubi
1224 383 1305 412 aqua
1333 376 1451 413 restet,
1487 372 1651 414 designari
1689 373 1818 415 dicens,
1858 385 1915 406 se-

123 447 270 484 quentem
298 449 427 470 versum
454 437 620 468 adnotavit
646 436 752 475 (metr.
785 435 933 473 Camel):
961 435 1063 464 Eius
1092 435 1150 464 ori
1179 437 1323 465 oscula
1357 435 1450 465 dedi
1478 436 1699 465 cincinnos
1727 439 1819 467 eius
1848 447 1912 467 ar-

122 506 301 546 ripiens,
330 499 671 542 quemadmodum
699 499 956 528 debilitatus
984 507 1127 536 aquam
1163 498 1359 538 frigidam
1395 498 1482 529 loci
1518 501 1658 539 plani,
1692 500 1760 531 ubi
1803 509 1917 539 aqua

120 573 239 600 resta
252 571 361 608 gnat7
380 564 502 594 bibit.
517 564 616 593 Poeta
635 567 740 591 autem
756 561 905 602 generosi
922 560 1013 590 laude
1041 566 1171 590 ornatus
1200 563 1348 600 princeps
1363 565 1431 590 erat
1449 561 1556 591 maiori
1572 565 1653 601 parti
1681 563 1914 602 provinciarum

121 631 342 670 Chorasanae7
370 628 513 668 Pei-siae,
541 627 739 657 Caramanae
767 625 979 663 praepositus.
1008 622 1103 651 Pater
1134 628 1260 661 poetae,
1278 627 1371 659 poeta
1389 630 1525 662 quoque,
1545 623 1737 661 provinciam
1754 623 1915 653 Kuhistan

119 701 261 734 tempore
297 690 496 730 Almosajjibi
524 690 553 718 b.
589 686 757 718 Abi-Ausa
791 684 994 714 Alkoschairi
1030 688 1141 713 tenens
1180 684 1217 713 ab
1248 683 1450 722 Almosajjibo
1485 685 1678 723 provinciam
1705 690 1914 727 expugnante

121 757 246 786 occisus
273 759 335 784 est.
396 754 469 782 Nec
504 760 565 780 non
602 753 717 788 poetae
753 746 906 786 patruelis
934 745 1022 785 Sijad
1049 746 1076 774 Ι).
1106 745 1278 775 Alaschhal
1314 746 1462 785 princeps
1499 750 1576 776 erat.
1630 746 1680 776 Ad
1709 747 1854 788 Ahlium,
1882 753 1916 778 ut

121 828 231 859 pacem
259 818 461 854 componeret
495 822 533 843 ea
568 811 767 845 conditione,
807 814 840 839 ut
866 808 1105 849 Moahwijahus
1133 808 1258 848 Syriam
1287 813 1431 846 teneret,
1474 808 1626 848 tetendit3
1654 809 1713 839 sed
1740 811 1790 840 ille
1817 810 1916 841 noluit

123 881 200 912 Cit.
229 876 462 919 Alaghani.

122 983 149 1012 I.
194 981 309 1009 Nonne
330 979 429 1005 malet·
452 974 555 1004 Sulmi
575 976 604 1001 te
627 971 807 1007 vituperat?
830 970 888 999 sed
908 979 956 998 me
978 978 1042 998 non
1064 971 1244 1006 vituperare
1267 969 1386 996 rectius
1404 968 1476 1005 fnit.

220 1048 324 1078 Prima
351 1044 481 1084 species
508 1042 600 1072 metri
626 1038 746 1072 Wafir.
799 1039 845 1069 Se
871 1039 975 1078 ipsum
1001 1037 1170 1077 alloquitur
1197 1038 1465 1077 vituperationem
1494 1038 1578 1069 illius
1604 1038 1741 1070 feminae
1768 1039 1918 1071 iniustam

123 1120 198 1141 esse
226 1108 379 1138 indicans.

124 1211 156 1238 2.
200 1208 285 1237 Nam
308 1204 391 1244 quod
410 1212 484 1241 opes
506 1211 593 1230 meas
615 1202 764 1238 antiquus
791 1199 939 1227 honorem
963 1208 1167 1233 conseri-ans,
1183 1199 1230 1233 do,
1243 1199 1451 1235 prodiqentia,
1470 1208 1486 1226 o
1502 1197 1668 1228 Omaima!
1688 1201 1719 1227 el
1740 1199 1921 1236 dilapidatio

837 1262 900 1281 non
923 1256 972 1281 est
1000 1253 1200 1291 adpellamla.

223 1331 362 1362 Causam
390 1326 511 1357 adtulit.
566 1324 639 1362 Qui,
667 1328 701 1353 ut
723 1322 874 1352 honorem
902 1328 1085 1364 conservet,
1114 1323 1226 1362 opibus
1254 1323 1337 1353 haud
1366 1326 1507 1363 paroeat,
1538 1332 1609 1352 eum
1637 1327 1725 1353 recte
1752 1331 1858 1363 agere.
1887 1323 1922 1352 In

123 1393 279 1427 Mersukii
307 1390 451 1430 margine
477 1385 588 1434 ⁵229>
614 1391 712 1431 3525&
739 1396 820 1428 “jd-m
853 1383 979 1427 dil-md.)
1017 1398 1116 1428 &2522
1144 1383 1231 1416 jab.
1289 1384 1513 1424 »Adscriptum
1541 1389 1610 1417 est:
1652 1385 1770 1425 legitur
1796 1393 1922 1424 quoque

123 1471 202 1503 τιμὴ*
230 1455 356 1500 25³de
384 1457 416 1482 et
441 1449 593 1482 Sorairah
620 1457 732 1477 nomen
761 1446 887 1486 puellae
915 1447 985 1476 eius
1013 1452 1097 1477 est.«
1131 1447 1290 1486 Antiquae
1318 1456 1397 1486 opes
1427 1450 1502 1476 sunt
1530 1445 1727 1476 haereditate
1753 1449 1919 1484 acceptae.

124 1569 156 1597 3.
201 1567 245 1596 Et
268 1573 339 1596 non,
363 1572 421 1599 per
441 1565 563 1598 patrem
589 1560 699 1590 lencm!
719 1563 818 1589 (antico
841 1570 906 1589 meo
930 1560 1086 1593 arridens,
1111 1569 1185 1596 opes
1206 1568 1292 1587 meus
1315 1559 1463 1595 antiquas
1489 1566 1611 1586 recuso·

198 1636 275 1665 Eius
304 1630 531 1670 vituperationi
558 1630 741 1668 respondet.
770 1630 905 1659 Laetum
933 1628 1067 1658 frontem
1096 1628 1197 1657 amico
1225 1637 1285 1656 non
1314 1625 1514 1665 satisfacere,
1527 1627 1555 1654 si
1572 1624 1689 1654 auxilio
1718 1627 1825 1664 egeat.
1856 1623 1924 1653 Sed

123 1698 183 1744 (Β),
209 1693 332 1737 ¹258.)
361 1692 553 1723 scholiastes
581 1696 655 1720 ante
676 1700 789 1720 vocem
808 1690 889 1718 mal
905 1690 1041 1730 negandi
1072 1689 1254 1728 particulam
1284 1688 1493 1727 supplendam
1521 1696 1596 1717 esse
1623 1691 1725 1727 putat,
1741 1692 1774 1716 ut
1803 1695 1921 1716 sensus

123 1761 178 1789 sit:
206 1758 243 1787 Ei
270 1755 377 1786 ridens
405 1753 519 1782 dentes
558 1761 618 1781 non
649 1751 813 1781 ostendam
846 1761 946 1790 neque
974 1761 1054 1790 opes
1082 1761 1171 1781 meas
1199 1754 1345 1791 antiquas
1374 1752 1402 1780 ei
1430 1751 1595 1781 recusabo.
1650 1750 1711 1780 Rei
1739 1749 1921 1789 probandae

123 1831 222 1853 causa
248 1820 351 1850 locum
379 1815 495 1847 Corani
523 1814 597 1844 Sur.
627 1814 684 1852 77,
713 1813 760 1843 36
788 1813 911 1843 adtulit.
964 1814 1044 1844 Voci
1072 1811 1155 1842 &ai-al
1184 1817 1215 1843 et
1242 1813 1372 1843 formam
1401 1813 1497 1843 futuri
1523 1813 1663 1843 Nasbati
1689 1813 1782 1843 tribui
1810 1822 1920 1852 posse,

124 1890 158 1915 ut
183 1892 248 1913 vox
276 1880 314 1926 Ul
343 1878 536 1919 suppleatur.
605 1877 725 1906 Postea
760 1882 904 1906 nostrum
941 1885 1068 1915 quoque
1096 1875 1275 1915 explicandi
1303 1875 1427 1905 modum
1454 1875 1648 1904 scholiastes
1675 1874 1861 1913 adnotavit,
1889 1879 1923 1903 ut

114 1955 226 1976 ¹voces
255 1940 354 1982 aaut,
383 1941 482 1970 statui
512 1938 690 1969 definiendo
717 1938 908 1970 inserviant.
977 1938 1097 1968 Similis
1136 1936 1280 1976 loquendi
1319 1935 1434 1967 modus
1469 1937 1499 1966 in
1534 1936 1643 1966 verbis
1670 1941 1788 1975 poetae
1815 1936 1922 1974 (metr.

127 2007 239 2045 Sarih)
267 2004 440 2034 invenitur:
470 2002 527 2031 'ru
555 2000 602 2030 ad
630 2009 688 2029 me
715 2008 790 2028 non
817 1999 962 2037 venis,
989 1998 1075 2028 dum
1105 2008 1257 2028 meeum
1285 2007 1388 2027 nunc
1415 1996 1625 2036 loqueris.
1679 1996 1832 2026 Futurum
1860 2006 1920 2026 non

126 2069 306 2100 Nasbatum
334 2063 574 2105 praeferendum
602 2072 688 2103 esse,
716 2072 786 2091 nam
815 2063 841 2090 si
870 2063 941 2102 quis
969 2048 1100 2091 dixerit:
1131 2072 1202 2107 με,
1229 2064 1288 2106 0·ρρ
1316 2057 1430 2104 63⁵sp
1471 2058 1518 2095 Lo,
1547 2068 1617 2089 eum
1649 2058 1750 2087 minus
1784 2067 1922 2097 expres-

127 2132 221 2168 sisse,
255 2138 347 2168 quam
382 2127 431 2165 qui
473 2126 607 2155 dixerit:
646 2137 700 2167 5⁴³²
738 2121 773 2163 ὅ,
812 2128 870 2171 ιλϋ
909 2122 1024 2169 wid>
1060 2120 1092 2151 la.
1158 2121 1277 2151 Prioris
1320 2129 1451 2149 sensum
1478 2129 1554 2149 esse
1591 2127 1711 2158 posse,
1750 2117 1830 2146 duos
1865 2124 1925 2145 ve-

126 2194 250 2223 nientes
286 2199 347 2220 uon
384 2188 568 2218 coniunctos
601 2187 700 2217 fuisse
736 2187 773 2224 (i.
803 2197 831 2216 e.
870 2185 961 2215 simul
994 2194 1056 2214 non
1083 2184 1252 2221 venisse);
1290 2181 1348 2211 sed
1375 2181 1523 2221 singulos
1552 2181 1706 2220 venisse3
1736 2176 1921 2218 posterioris

127 2259 247 2293 autem,
275 2250 432 2280 neminem
461 2259 568 2279 eorum
603 2249 746 2277 venisse.
801 2247 941 2278 Eandem
978 2256 1093 2278 versus
1129 2245 1283 2275 rationem
1312 2252 1399 2281 esse,
1427 2247 1472 2283 ut,
1501 2242 1525 2272 si
1553 2242 1681 2283 negatio
1712 2240 1846 2280 repetita
1870 2238 1922 2278 sit,

129 2320 294 2352 utramque
323 2321 388 2341 rem
420 2315 569 2351 negatam
598 2318 686 2338 esse.

139 2412 174 2440 4.
217 2409 282 2439 Sed
302 2410 349 2437 vir
372 2417 454 2442 sum,
477 2407 542 2444 qui,
563 2414 627 2434 non
646 2406 840 2435 obstantibus
859 2407 1010 2444 fortunae
1029 2405 1308 2435 vicissitudinibus,
1324 2404 1367 2433 ad
1380 2412 1511 2432 cnrsmn
1530 2403 1603 2440 equi
1620 2400 1768 2439 generosi
1788 2398 1924 2427 animam

863 2468 955 2487 snam
976 2458 1201 2496 adsuefecerH,

130 2530 160 2558 5.
206 2530 287 2557 Dum
311 2528 491 2564 dignitatem
514 2535 612 2554 meam
638 2534 787 2554 conservo
810 2529 840 2553 et
858 2527 963 2561 yemis
996 2524 1109 2553 Wurde·
1130 2527 1160 2552 el
1182 2523 1335 2552 Anah-mle
1358 2523 1473 2559 ayemli
1492 2523 1644 2551 ralionem
1664 2527 1787 2556 sequor.

231 2597 341 2625 'Palem
370 2604 406 2624 se
433 2595 596 2633 describit,
626 2595 677 2633 qui
705 2594 935 2624 calamitatibus
962 2603 979 2623 a
1007 2601 1167 2633 generose
1196 2591 1309 2631 agendi
1337 2592 1457 2621 ratione
1485 2588 1611 2620 retineri
1631 2596 1690 2616 non
1719 2587 1834 2625 possit,
1851 2585 1922 2616 dum
