2155 2892
887 120 1155 151 —314-

131 221 273 252 Zalehah
302 220 505 260 appellatam,
533 219 626 250 filiam
654 219 925 250 Abu-Ohbaidahi
952 220 980 250 b.
1009 221 1192 251 Almondsir
1219 223 1248 253 b.
1278 222 1438 262 Alsobair‚
1466 231 1557 262 quam
1585 223 1790 256 vehementer
1820 237 1910 258 ama-

131 287 189 322 ret,
217 292 257 313 ex
282 283 394 313 itinere
422 282 452 311 in
478 282 605 321 Syriam
632 282 774 312 faciendo
800 281 829 312 in
858 282 927 312 loco
941 284 1117 315 Albalacits
1147 288 1297 313 versatus
1324 284 1485 314 Medinam
1513 284 1615 315 rediit.
1677 285 1769 324 Quod
1795 288 1908 319 videns

130 355 209 375 uxor
235 349 268 374 et
295 354 411 375 versus
440 344 580 385 audiens,
607 355 645 375 se
672 355 743 376 eum
771 347 905 375 omnium
933 356 1036 376 rerum
1064 346 1261 376 carissimum
1288 346 1405 376 habere
1431 347 1510 377 dixit
1556 354 1589 378 et
1625 348 1784 379 dimidiam
1822 360 1912 390 opum

130 410 262 447 partem,
290 409 321 437 in
346 407 458 445 quibus
486 407 596 437 dandis
625 418 719 447 parca
746 408 860 449 fuerat,
892 410 1064 439 concessit.
1116 409 1238 439 Auctor
1266 410 1335 440 libri
1359 408 1565 454 (Sibawaihi)
1592 421 1611 442 a
1637 416 1734 453 gente
1755 412 1912 443 Koraisch

131 483 244 503 vocem
269 473 381 519 &⁶⁹53
407 472 610 503 derivandam
638 478 758 503 censet.
810 473 867 502 Sic
894 473 924 502 in
949 482 1050 502 versu
1076 477 1233 512 sequente
1251 471 1360 512 (metr.
1376 472 1538 511 'l‘hawiDz
1563 474 1750 514 lugente
1768 474 1915 503 Korai-

131 536 337 575 schitica,
364 538 437 565 cui
463 538 725 566 reverentia
751 541 834 576 est,
863 534 1065 566 celeriter
1094 533 1139 564 ad
1164 543 1247 564 eum
1275 532 1474 574 tendens,
1501 536 1571 575 qui
1596 535 1646 565 ad
1672 536 1912 566 liberalita-

131 602 205 628 tem
244 593 689 641 generositatemune
717 602 855 628 vocat.
924 598 1050 627 Nomen
1078 601 1185 627 autem
1213 595 1372 625 Koraiscli
1400 596 1488 625 vario
1515 597 1608 627 modo
1635 597 1785 636 derivari,
1814 597 1914 628 scho-

133 662 244 692 liastes
273 661 448 691 adnotavit.

133 759 161 787 1.
204 759 288 788 Dum
311 760 343 786 in
365 758 431 786 loco
456 758 632 787 Albulacils
654 760 684 785 e!
706 756 812 786 Alfi-ala
834 757 1083 793 properabamus
1105 759 1136 784 e!
1157 755 1270 784 cameli
1291 755 1355 783 albi
1374 755 1515 784 celeriter
1536 756 1729 796 incedebant,

235 827 360 857 Itineris
391 827 439 857 sui
467 837 507 856 ex
536 826 649 865 oppido
677 825 827 855 Medinah
855 826 884 854 in
913 825 1039 866 Syriam
1068 824 1205 855 faciendi
1232 824 1422 854 mentionem
1451 823 1526 853 facit
1553 828 1583 854 et
1610 824 1709 864 locos,
1727 826 1777 855 ubi
1806 835 1920 857 versa-

133 895 185 920 tus
212 894 293 930 erat,
320 889 466 928 appellat.
521 888 579 918 Ubi
607 889 666 918 loci
692 888 745 917 siti
772 887 900 926 fuerint,
928 893 1076 918 accurate
1106 886 1237 917 definire
1265 896 1326 915 non
1355 895 1494 926 possum,
1523 895 1617 925 quum
1645 887 1757 926 prioris
1784 888 1863 918 situs
1890 890 1919 918 in

132 952 264 982 Kamusi
292 961 389 990 opere
415 951 595 980 accuratius
612 950 881 981 hauddefiniatur
908 954 939 981 et
961 950 1148 989 posterioris
1175 959 1289 980 nomen
1320 949 1462 989 pluribus
1490 948 1569 979 locis
1589 958 1749 980 commune
1775 950 1825 980 sit.
1852 951 1919 981 Ca-

133 1016 202 1045 meli
228 1015 300 1050 albi,
329 1014 430 1054 luridi,
461 1015 512 1053 qui
539 1014 665 1043 Arabici
693 1014 821 1054 generis
849 1018 935 1052 sunt,
962 1014 1069 1054 magni
1095 1013 1346 1042 aestimabantur
1372 1012 1480 1043 conf.
1516 1012 1751 1043 Amru-l'Kaisi
1777 1013 1861 1044 Diw.
1890 1025 1920 1054 p·

136 1077 204 1108 105
231 1077 301 1107 adn.
330 1083 362 1107 et
388 1078 495 1107 Ham.
525 1075 586 1106 01⁹1..
638 1077 781 1106 verbum
807 1079 885 1118 2539
903 1075 942 1106 de
970 1080 1057 1104 motu
1085 1075 1183 1104 celeri
1209 1074 1375 1104 adhibetur
1403 1074 1508 1108 conf,
1547 1075 1660 1105 Ham.
1689 1085 1719 1115 p.
1746 1076 1791 1106 Μ.
1845 1077 1919 1106 Vox

135 1138 217 1184 tals-u
242 1140 336 1170 statui
361 1140 497 1170 subiecti
524 1139 728 1170 describendo
755 1139 898 1168 inservit.
953 1137 1078 1177 Copula
1104 1136 1206 1167 Waw
1235 1141 1284 1167 est
1311 1137 1424 1176 copula
1450 1137 1540 1178 initii,
1569 1146 1650 1176 quae
1677 1138 1774 1168 statui
1801 1138 1924 1168 descri-

133 1201 234 1230 bendo
262 1201 405 1230 inservit.
435 1201 546 1230 conf.
573 1201 702 1231 Anthol.
730 1210 832 1242 gram.
860 1210 890 1240 p.
923 1211 955 1229 Λν
982 1200 1002 1231 l.
1034 1200 1088 1232 18.

134 1300 166 1328 2.
190 1298 222 1327 E
243 1298 459 1327 recordatione
481 1300 528 1326 lui
547 1299 647 1327 media
670 1301 759 1328 nocte
781 1299 922 1335 cogitatio
946 1299 979 1326 in
1001 1300 1134 1326 mentem
1155 1298 1274 1333 incidit,
1287 1300 1322 1326 ut
1341 1299 1373 1326 in
1395 1299 1507 1327 itinere
1525 1307 1659 1335 peryere
1682 1298 1771 1327 haud
1789 1306 1926 1334 possem.

232 1368 277 1398 Se
304 1367 463 1398 desiderio
492 1368 600 1398 uxoris
628 1368 783 1399 adfectum
809 1367 932 1397 domum
958 1366 1060 1396 redire
1086 1371 1230 1397 coactum
1257 1375 1329 1396 esse
1344 1366 1428 1397 dicit.
1455 1367 1657 1398 Scholiastes
1685 1367 1783 1398 verba
1801 1376 1922 1397 versus

136 1431 299 1471 sequentis
326 1428 411 1468 ἅτις-Σ
438 1431 511 1464 :213
537 1431 644 1461 verbis
671 1431 785 1470 prioris
812 1425 900 1474 &5525
928 1424 1036 1472 &3125-
1063 1437 1123 1458 non
1151 1429 1320 1459 convenire
1347 1433 1379 1459 et
1406 1428 1573 1460 dicendum
1600 1429 1702 1460 fuisse
1728 1433 1805 1470 ἕντι)
1836 1435 1924 1461 ω.)

139 1491 205 1536 (me
231 1493 377 1523 vocando
405 1489 551 1535 vocavit)
577 1492 753 1524 adnotavit.

134 1590 166 1619 3.
210 1592 304 1620 Disci:
341 1591 406 1620 Tibe·
426 1591 597 1628 obsequor,
632 1600 727 1628 quum
753 1590 941 1619 desiderium
974 1591 1022 1618 lui
1049 1599 1096 1618 me
1127 1592 1269 1618 vocasset
1294 1591 1324 1617 el
1354 1588 1473 1617 duobus
1495 1588 1686 1626 ayasonibus
1709 1585 1841 1628 (dia-ij:
1865 1589 1923 1618 Iu-

878 1647 981 1673 menla
1010 1643 1183 1682 insliyale!

249 1713 416 1751 Quomodo
453 1714 500 1744 hic
525 1724 638 1744 versus
666 1724 734 1744 cum
762 1715 927 1753 superiore
953 1713 1143 1751 cohaereat,
1179 1712 1327 1743 vidimus.
1388 1711 1433 1741 Se
1460 1721 1554 1750 quum
1582 1710 1740 1741 desiderio
1768 1712 1919 1742 resistere

136 1788 197 1808 non
228 1782 350 1817 posset,
378 1777 559 1808 revertendi
587 1777 765 1807 mandatum
793 1776 923 1806 dedisse
941 1775 1023 1805 dicit.
1076 1775 1275 1805 Scholiastes
1302 1783 1413 1803 vocem
1440 1770 1523 1810 2542st
1552 1782 1571 1803 a
1598 1773 1697 1802 verbo
1725 1769 1790 1812 „At
1826 1774 1923 1812 (sub-

135 1841 217 1872 stitit
235 1841 323 1879 loco)
339 1840 542 1870 derivandam
570 1848 642 1869 esse
669 1844 702 1869 et
729 1838 820 1868 modo
848 1839 940 1868 vocis
957 1837 1083 1882 Oksxguw
1108 1839 1302 1868 immutatam
1331 1844 1458 1865 manere
1487 1835 1569 1865 dicit.
1599 1834 1813 1865 Grammatico
1824 1835 1921 1866 Siba-

137 1904 233 1934 waihi
260 1914 335 1934 esse
362 1904 490 1933 formam
519 1903 634 1944 dualis,
662 1913 723 1943 qua
751 1901 904 1941 quendam
932 1901 1058 1930 vocanti
1086 1900 1265 1929 subsistere
1295 1908 1356 1928 uua
1382 1899 1454 1927 vice
1480 1901 1555 1936 post
1580 1897 1707 1926 alteram
1733 1896 1925 1938 significent.

139 1966 277 1997 Eandem
305 1967 406 1996 dualis
434 1966 564 1996 formam
591 1976 704 1996 vocem
732 1963 866 2001 25ng
892 1965 1021 2003 habere,
1051 1973 1134 2004 quae
1161 1972 1230 1992 cum
1259 1963 1311 1992 illa
1341 1961 1559 2001 coniungatur.
1605 1958 1655 1988 Ad
1683 1959 1815 1989 formam
1841 1959 1922 1990 dua-

138 2028 175 2060 lis
203 2030 393 2069 probandam
424 2035 539 2069 poetae.
575 2039 705 2058 versum
733 2032 914 2068 sequentem
942 2027 1104 2058 adnotavit
1129 2028 1238 2065 (metr.
1253 2025 1471 2061 Motakarib):
1500 2023 1732 2054 Advocavi
1753 2030 1925 2063 propter

140 2092 196 2132 id,
223 2092 330 2132 quod
357 2092 454 2121 mihi
482 2092 1035 2132 supervenit,Miswarum,
1066 2094 1145 2120 tum
1172 2088 1345 2126 annuit,
1366 2091 1445 2116 tum
1472 2086 1617 2116 annuit
1644 2095 1783 2116 manus
1811 2091 1921 2116 utra-

138 2177 217 2207 que
256 2167 465 2197 Miswari.
534 2167 589 2196 Sic
631 2167 753 2197 Arabes
789 2176 917 2196 versum
960 2165 1150 2204 adnotasse3
1195 2168 1228 2194 at
1269 2162 1347 2193 alios
1375 2171 1488 2191 vocem
1516 2148 1568 2199 :fis
1596 2169 1664 2190 curn
1691 2160 1794 2190 vocali
1821 2160 1923 2190 Kesra

138 2230 230 2261 modo
258 2229 328 2259 soni
353 2228 424 2269 (5ὶὲ
451 2228 598 2268 appellati
625 2229 824 2258 enunciasse.
865 2227 1112 2258 Grammaticum
1138 2228 1244 2257 Junus
1272 2226 1404 2256 sormam
1430 2224 1598 2265 singularis
1627 2232 1703 2253 esse
1722 2222 1923 2261 contendere,

140 2298 174 2323 ut
199 2293 302 2322 littera
329 2292 397 2321 Alif
420 2294 451 2321 in
480 2291 612 2320 litteram
639 2291 672 2320 Ia
700 2294 818 2320 mutata
854 2291 910 2329 sit,
952 2290 1042 2321 modo
1070 2299 1128 2329 quo
1164 2290 1193 2318 in
1222 2287 1507 2328 praepositionibus
1535 2287 1599 2325 ὠς,
1625 2282 1706 2325 &AB
1733 2289 1766 2314 et
1791 2283 1821 2319 &l
1852 2294 1922 2314 cum

140 2356 319 2395 pronomine
346 2354 520 2384 coniunctis
546 2358 694 2384 mutetur.
758 2354 792 2382 In
818 2364 919 2384 versu
948 2355 1046 2395 igitur
1073 2354 1125 2383 illo
1152 2356 1236 2392 &Q
1271 2347 1310 2387 ῳ
1348 2349 1515 2390 legendum
1542 2357 1629 2388 esse,
1654 2347 1745 2376 sicuti
1770 2346 1799 2375 in
1827 2357 1920 2385 prae-

140 2417 361 2457 positionibus,
389 2417 574 2456 quibuscum
600 2425 712 2446 nomen
738 2416 957 2456 coniungatur,
985 2416 1088 2446 littera
1115 2414 1184 2445 Alif
1207 2408 1439 2454 (enunciaudo)
1466 2421 1527 2441 non
1554 2413 1689 2441 mutetur
1717 2413 1752 2438 ut
1773 2411 1802 2438 in
1830 2410 1918 2439 voci-

140 2479 197 2509 bus
224 2484 282 2527 0⁶&
310 2481 361 2518 gu:
387 2483 420 2509 et
438 2491 508 2525 ’5⁴²
535 2478 567 2515 gl
585 2476 620 2521 ¹).

177 2617 204 2647 ¹)
223 2618 257 2641 Ad
276 2621 509 2650 grammaticorum
528 2623 674 2647 sententias
700 2626 768 2647 recte
786 2623 1001 2654 cognoscendas,
1029 2622 1080 2646 loci
1099 2619 1232 2652 Djeuharii
1251 2621 1298 2644 sub
1318 2625 1386 2643 voce
1401 2612 1453 2653 ΨΧ
1473 2619 1500 2639 et
1525 2610 1584 2658 ὕφ’
1597 2617 1705 2641 multum
1724 2615 1831 2639 faciunt.
1852 2615 1927 2639 Prior
