2155 2892
904 135 1174 166 -449—

150 233 183 262 3.
228 232 373 262 Iumenta
396 234 461 267 tua,
485 241 503 261 ο
521 241 602 269 qens
625 232 770 269 Hidsjam
784 232 798 260 !
819 233 952 268 piuquia
975 235 1070 268 euim·
1089 233 1148 261 ced
1167 234 1278 260 merito
1300 237 1404 262 restro
1427 236 1460 262 in
1480 238 1574 271 yeme
1594 236 1726 272 pinguia
1749 244 1811 264 uon
1835 239 1920 264 um!-

257 301 386 339 Cnram,
416 310 476 341 qua
503 301 617 341 opibus
643 301 713 330 suis
741 309 869 339 operam
899 301 985 341 dant,
1013 300 1086 332 dum
1113 302 1265 332 honorem
1293 302 1473 342 negligunt,
1503 304 1540 333 iis
1568 305 1684 334 obiicit.
1737 304 1939 334 Scholiastes

151 373 214 394 rem
242 364 406 404 explicans
434 363 524 401 dixit,
552 372 610 392 eos
636 363 773 392 camelos
801 363 957 393 iuvencos
986 364 1068 395 lacte
1095 366 1174 396 bene
1203 365 1334 404 nutrire,
1352 370 1384 394 ut
1412 366 1548 406 pingues
1575 367 1731 403 sinus-ed
1762 367 1940 406 hospitibus

152 427 412 466 pauperibusque
439 425 486 455 lac
513 434 672 455 recusare.
711 425 786 455 Vox
812 429 916 455 autem
945 423 1080 470 &Silo-⁸3
1106 436 1200 466 quum
1228 436 1289 456 non
1317 427 1397 456 bene
1424 426 1563 457 adbibita
1591 427 1749 469 videatur,
1779 437 1939 458 aramma-

1777 453 1797 469 δ

158 491 238 521 ticus
266 486 582 519 Abu-Moliamnied
612 487 763 516 Alalirabi
801 497 870 517 eam
899 489 1018 525 reiecit,
1049 486 1164 532 5545105'2‘
1206 489 1315 517 »ricini
1352 489 1475 518 vestri«
1507 488 1676 528 legendum
1707 500 1782 519 esse
1813 496 1940 529 putans,

151 553 242 582 More
269 556 377 582 autem
403 559 464 580 suo
492 550 757 589 vituperationem
789 550 959 589 proverbio
987 549 1142 594 (Meidan.
1172 551 1208 581 C.
1239 550 1297 589 25,
1330 550 1414 588 15.).
1447 550 1501 578 »ln
1530 550 1600 579 eius
1629 550 1742 589 podice
1769 557 1831 591 est,
1858 551 1942 591 quod

149 625 211 645 non
239 615 327 645 videt
355 616 427 654 (aut
454 617 483 645 in
511 615 571 644 alio
600 615 774 654 exemplari
809 615 915 654 quod
942 611 1119 656 nescit)«
1152 613 1199 651 (in
1230 611 1367 642 Meidau.
1397 609 1478 651 tes-»05
1506 611 1640 651 legitur)
1670 613 1795 651 incepit.
1824 612 1942 643 Graiu-

150 677 286 707 maticns
315 676 541 706 Abu-l'Neda
569 677 597 705 in
625 685 723 706 versu
751 677 859 706 cameli
887 675 1052 716 pediculos
1079 675 1253 715 significari
1280 674 1369 704 dixit.
1413 675 1538 704 Homini
1567 679 1671 704 autem
1702 675 1822 714 pingui,
1852 686 1942 705 com-

150 740 315 779 paratione
350 749 369 769 a
403 741 521 769 camelo
559 739 716 778 desumto,
755 740 946 777 proverbiali
976 738 1065 769 modo
1093 738 1151 768 dici
1180 737 1331 777 „Re-punt
1361 737 1431 767 eius
1459 737 1621 777 pediculi“
1649 738 1761 770 conf.
1787 737 1884 767 Metu.
1907 738 1942 779 8,

150 801 206 831 21.
235 802 396 832 Honorem
424 802 573 843 pinguem
601 802 771 841 improprie
798 801 916 833 dictum
944 811 1031 840 esse,
1059 810 1149 832 nemo
1176 810 1237 831 non
1264 801 1361 831 videt.

1030 944 1074 975 X.

273 1008 476 1042 Fon-alin
502 1009 541 1041 h.
564 1007 786 1043 Alaun-ar
805 1008 961 1042 finum
984 1017 1127 1042 suum
1143 1008 1358 1042 nonasss
1380 1008 1667 1050 vituperans
1688 1008 1819 1042 «lixit.

256 1082 288 1110 ln
316 1081 450 1111 Kamusi
477 1090 588 1120 opere,
617 1085 743 1119 poetam
771 1091 789 1111 e
818 1086 917 1121 gente
929 1080 1061 1111 Morrah
1088 1081 1251 1111 oriundum
1279 1081 1430 1111 latronem
1459 1080 1572 1118 fuisse,
1600 1081 1743 1121 legimus.
1771 1082 1942 1120 Tempore,

149 1146 211 1176 buo
238 1144 373 1175 lbrahim
401 1145 429 1174 b.
460 1143 578 1174 Alirabi
605 1144 790 1182 provinciae
817 1145 983 1176 Jemamae
1010 1145 1191 1186 praefectus
1218 1149 1298 1184 erat,
1325 1145 1407 1175 vixit
1434 1146 1540 1175 Ham.
1567 1143 1635 1173 ‘w'fi

150 1218 179 1246 1.
225 1217 377 1254 Coqmm'o
399 1219 481 1246 inter
497 1227 544 1246 me
566 1217 824 1256 Mouase·lm11qne
846 1218 935 1246 modo
957 1218 1118 1252 retribuat,
1145 1227 1205 1256 quo
1227 1220 1337 1254 petens
1360 1217 1493 1246 debitum
1516 1226 1610 1245 suum
1634 1219 1743 1253 eoeiqil.

247 1286 356 1326 Optat,
383 1290 417 1316 ut
443 1286 530 1316 Deus
558 1286 621 1316 filio
645 1286 761 1328 agendi
788 1286 942 1316 rationem
971 1286 1137 1326 rependat,
1153 1295 1213 1326 qua
1239 1286 1441 1327 cognationis
1468 1285 1596 1316 vincula
1623 1286 1744 1325 ruperit
1766 1290 1811 1325 et,
1829 1290 1863 1315 ut
1890 1287 1941 1314 in-

149 1347 250 1388 dicet,
287 1357 325 1377 se
356 1347 460 1388 velle,
497 1352 531 1377 nt
564 1348 648 1377 iusto
685 1351 716 1378 et
749 1347 895 1387 perfecto
923 1349 1012 1378 modo
1041 1348 1243 1387 retribuatur,
1271 1356 1390 1377 versus
1417 1349 1629 1386 posteriorem
1657 1351 1778 1387 partem
1805 1346 1945 1385 addidit3

150 1409 290 1440 creditor
316 1410 397 1440 enim
426 1410 564 1440 debitum
593 1410 736 1450 perfecto
763 1411 858 1440 modo
883 1410 924 1441 nil
951 1410 1132 1442 concedens
1148 1410 1298 1449 reposcit.
1328 1409 1489 1439 Posterior
1515 1414 1622 1439 autem
1649 1417 1766 1438 versus
1794 1418 1869 1448 pars
1897 1408 1946 1439 sie

147 1493 272 1524 quoque
298 1483 434 1525 legitur:
460 1481 548 1522 ’.ῥῶ
567 1473 634 1529 52:54
671 1482 689 1513 3
716 1469 818 1532 ⁸45»ss
844 1485 916 1533 εὕρ
948 1486 1067 1527 „modo
1096 1493 1156 1525 quo
1184 1483 1398 1514 malefacienti
1419 1483 1613 1522 retribuitur,
1642 1493 1660 1514 a
1687 1493 1748 1523 quo
1775 1483 1945 1514 vindictam

148 1549 261 1586 petens
288 1546 460 1588 languidus
487 1557 549 1576 nou
576 1547 619 1577 fit.

147 1645 179 1673 2.
224 1644 395 1681 Profecto!
413 1655 484 1674 eum
504 1645 653 1680 educavi,
684 1646 794 1684 donec,
817 1655 913 1684 quum
933 1646 1049 1683 Ion-qus
1071 1647 1224 1682 euaderet,
1239 1654 1355 1682 porum
1377 1645 1486 1683 obfuit,
1511 1646 1587 1683 quin
1609 1645 1737 1674 dorsum
1754 1646 1823 1672 eius
1844 1645 1947 1672 instar

879 1700 992 1728 cameli
1012 1700 1100 1728 dorsi
1115 1700 1213 1737 fieret.

271 1766 313 1796 Ut
350 1767 508 1807 ingratum
535 1767 589 1798 filii
617 1769 752 1798 animum
777 1768 983 1806 ostenderet,
1014 1767 1167 1807 quomodo
1195 1775 1276 1804 eum,
1302 1765 1387 1795 nulla
1414 1766 1489 1796 cura
1515 1765 1712 1805 intermissa,
1745 1763 1945 1808 educ-averit,

148 1828 307 1859 describit.
336 1830 424 1859 Loco
451 1830 541 1860 vocis
568 1828 659 1874 aaa-³55
689 1831 719 1860 in
745 1831 903 1860 Mersukii
932 1831 1045 1861 codice
1070 1833 1166 1874 ⁸4:295]
1195 1829 1321 1870 legitur.
1352 1827 1503 1858 Secunda
1531 1833 1563 1857 et
1591 1828 1700 1867 quinta
1727 1827 1817 1856 verbi
1845 1826 1947 1855 forma

148 1890 280 1921 eandem
309 1891 463 1921 educandi
490 1891 758 1932 significationem
787 1892 935 1925 offerunt,
964 1892 1076 1922 Filium
1104 1901 1197 1921 suum
1224 1900 1296 1920 cum
1324 1890 1446 1919 camelo
1476 1888 1666 1918 admissario
1697 1888 1891 1927 comparavit
1913 1892 1946 1917 et

148 1954 226 1983 eius
262 1959 418 1984 staturam
456 1955 584 1995 longam
621 1964 687 1984 cum
721 1955 937 1994 magnitudine
970 1955 1082 1985 cameli
1118 1959 1244 1994 poetam
1272 1951 1460 1988 contulisse,
1487 1960 1527 1979 ex
1556 1959 1636 1980 voce
1665 1946 1767 1987 Q
1796 1949 1945 1979 adhibita.

149 2024 231 2053 quae
260 2024 422 2054 procerum
450 2015 612 2057 designat,
629 2018 869 2057 cognoscimus,
896 2018 971 2047 Vox
985 2015 1068 2060 ξυμ-ὀ
1086 2016 1281 2055 superiorem
1310 2013 1397 2043 dorsi
1427 2017 1549 2052 partem
1576 2015 1608 2041 in
1635 2013 1752 2043 camelo
1773 2012 1946 2052 designans

148 2080 180 2107 in
207 2077 365 2107 homiuem
392 2083 424 2107 et
453 2078 554 2118 ipsam
583 2088 698 2119 aquam
724 2080 878 2109 translata
905 2084 966 2109 est.
995 2079 1095 2109 Poeta
1115 2076 1306 2107 Alholhaiah
1333 2077 1496 2106 mulierem
1523 2077 1644 2106 urinam
1675 2080 1862 2117 egerentem
1890 2083 1948 2103 sa-

150 2141 254 2179 tyrico
282 2148 426 2169 sermone
453 2140 500 2170 sic
527 2140 700 2180 descripsit
718 2141 827 2179 (metr.
847 2141 1008 2181 ThawilJ:
1037 2142 1091 2171 Ex
1119 2140 1278 2170 Hindae
1303 2140 1510 2170 inferiore
1545 2144 1667 2178 parte
1701 2137 1946 2168 verticibus

147 2200 356 2241 praedita,
392 2210 493 2240 qnae
533 2201 653 2232 undis
693 2207 831 2232 movet
865 2211 1048 2243 scopam,
1078 2203 1225 2233 elatas
1263 2201 1400 2232 undas
1435 2201 1622 2237 habens,
1661 2199 1786 2238 (urina)
1823 2198 1946 2227 fulva

147 2271 167 2301 p
179 2270 192 2291 r
207 2270 224 2290 ο
240 2260 259 2290 d
270 2261 279 2290 i
292 2266 313 2291 t.

143 2358 182 2388 3.
225 2358 271 2387 Et
294 2367 390 2396 quum
413 2367 461 2387 me
483 2359 614 2388 ciclis-set
632 2368 718 2396 eum,
743 2363 804 2394 cui,
831 2361 904 2390 dum
925 2363 1124 2400 propinquus
1145 2365 1222 2395 erat,
1246 2370 1311 2390 una
1330 2369 1468 2398 persona
1489 2343 1600 2398 plu'res
1622 2358 1801 2387 viderentur
1822 2358 1854 2384 et
1871 2363 1947 2390 per-

722 2424 820 2444 sonae
842 2419 979 2444 remotae
999 2419 1148 2454 tanquam
1163 2419 1369 2455 propinquae,
1729 2407 1790 2448 (Ρ-
1812 2402 1944 2448 33⁴¹)

263 2482 335 2512 Hoc
361 2482 391 2512 in
417 2490 535 2520 versu,
562 2482 614 2521 qui
641 2482 670 2512 in
697 2484 858 2515 Mersukii
884 2485 993 2515 codice
1020 2484 1232 2525 desideratur,
1259 2493 1294 2514 se
1321 2493 1438 2522 senem,
1465 2481 1554 2511 cuius
1582 2481 1675 2508 visus
1703 2477 1815 2527 debilis
1843 2476 1945 2506 factus

150 2544 204 2581 sit,
231 2544 392 2585 describit,
424 2550 458 2575 ut
484 2545 514 2574 in
542 2545 643 2584 ipsum
671 2544 726 2576 filii
753 2546 865 2577 iniuria
895 2549 1018 2586 turpior
1045 2546 1210 2577 habeatur.
1245 2546 1321 2575 Vox
1344 2544 1415 2587 μεθ’
1441 2543 1538 2573 statui
1565 2539 1773 2572 describendo
1800 2539 1944 2568 inservit.

151 2607 271 2638 Beatus
298 2607 338 2638 de
363 2608 493 2649 Sacyus
521 2618 562 2638 ex
589 2609 814 2639 commentario
842 2609 1049 2649 Ebu-Djinnii
1076 2608 1254 2649 adnotavit,
1273 2606 1411 2647 modum,
1428 2614 1490 2645 quo
1510 2613 1577 2635 vox
1602 2600 1748 2642 ψει-’ςιιῶδὶ
1775 2610 1842 2632 cum
1863 2608 1944 2630 voce
