2155 2892
900 121 1168 151 -452—

136 225 198 262 est,
215 219 322 261 (metr.
342 219 501 258 Thawil):
530 214 753 250 Profecto!
782 220 818 250 si
846 224 1009 260 partem
1035 220 1141 259 eius,
1161 220 1267 260 quod
1294 220 1466 262 facitis,
1494 230 1571 252 non
1597 229 1829 266 permutas,
1849 235 1927 267 ego

135 294 199 323 os,
236 282 342 323 quod
377 281 495 322 rodo,
538 282 786 324 aggredior.
822 282 930 313 conf.
958 282 1051 312 Ham.
1074 283 1126 312 νἹΙ.
1180 284 1255 314 Vox
1280 281 1320 323 ,ὁ
1339 276 1517 323 pro-&3⁸53
1554 283 1690 314 dialecto
1718 286 1823 326 gentis
1848 286 1928 318 Thai

133 345 259 385 propria
286 348 346 376 est.

133 467 160 497 1.
207 468 272 497 Per
293 468 418 498 Deum!
441 468 480 499 Si
506 469 593 509 filius
618 471 757 509 Djafnae
786 472 910 500 vicinus
940 475 1043 500 vester
1067 474 1194 510 fuisset,
1216 472 1381 511 profecto!
1397 474 1500 512 facies
1521 475 1644 502 vestras
1666 473 1879 510 depressisset
1899 474 1930 500 et

895 528 973 556 viles
993 527 1181 555 reddidisset

133 590 165 618 Ξ.
209 589 255 618 Et
277 592 398 619 catenis
420 587 496 629 [vos
519 588 718 630 ‹meras-set)5
744 601 824 630 quae
845 594 878 621 in
900 593 979 621 collo
1001 596 1104 621 vestro
1127 594 1364 630 insteclerenlur
1386 596 1417 622 et
1434 595 1533 632 funes
1554 597 1676 623 vestros
1697 595 1846 630 rupisset.

248 659 349 690 Poeta
375 665 505 701 gentem
533 669 636 698 suam,
665 665 700 690 ut
726 661 864 699 videtur,
891 662 1056 700 alloquens
1085 661 1170 699 dicit,
1199 662 1315 700 virum,
1341 671 1435 701 quem
1462 663 1709 703 Ebu-Djafnah
1736 663 1928 704 cognomine

131 721 283 762 appellat,
311 722 476 752 clientelae
504 721 609 751 officio
635 722 719 752 haud
743 723 994 753 satisfacientem
1012 733 1066 754 eos
1081 724 1111 753 in
1126 726 1346 764 captivitatem
1373 725 1581 756 abducturum
1608 731 1641 756 et
1666 726 1774 767 gentis
1801 725 1930 766 agmina

133 783 347 823 dispersurum
382 784 495 814 fuisse.
561 785 699 815 Verbum
735 788 803 825 022st
841 786 871 815 in
898 786 990 816 vultu
1025 787 1208 827 adhibetur,
1238 797 1331 826 quem
1359 788 1453 818 homo
1480 793 1536 818 aut
1565 787 1649 827 qnod
1676 789 1776 819 tristis
1803 790 1846 818 sit
1873 792 1929 818 aut

132 846 214 885 quod
241 846 374 876 debilem
402 847 559 886 vilemque
594 857 632 877 se
659 848 800 886 sentiat,
835 848 866 878 in
893 853 1009 879 terram
1038 849 1181 888 demittit,
1211 854 1276 880 tum
1304 859 1371 879 vox
1397 847 1514 878 »ml-me
1542 849 1642 889 ipsam
1667 849 1828 880 tristitiam
1854 848 1929 878 vili-

133 912 306 946 tatemque,
342 918 423 948 quae
450 909 480 938 in
507 909 589 939 facie
616 909 762 951 adparet,
789 910 947 950 designat.
1001 911 1044 941 Ut
1071 912 1141 942 laus
1170 921 1238 942 cum
1265 918 1361 942 veste
1389 913 1481 942 Ham.
1508 910 1563 941 fn?
1589 921 1622 940 v.
1651 911 1687 942 2.
1713 915 1929 950 comparatur,

132 967 301 1000 sic'vilitas
316 980 385 1001 cum
405 982 444 1002 ea
462 972 638 1011 comparari
654 977 763 1011 potest
783 982 823 1002 co
835 973 883 1002 nf.
904 974 996 1003 Ham.
1013 984 1040 1002 A·
1057 983 1090 1003 v.
1111 975 1150 1012 1.,
1164 983 1245 1013 quae
1273 974 1466 1013 comparatio
1484 984 1526 1004 ex
1542 983 1604 1004 usu
1618 972 1709 1003 verbi
1729 969 1792 1000 bas
1814 972 1927 1001 elucet.

132 1040 178 1061 co
191 1032 240 1062 nf.
260 1033 294 1062 P.
308 1033 347 1073 11,
364 1033 418 1063 14.
438 1034 546 1063 Minus
564 1034 643 1063 bene
663 1038 759 1073 poeta
778 1044 848 1064 cum
867 1034 919 1064 illo
946 1036 1046 1066 verbo
1073 1046 1187 1066 nomen
1201 1033 1309 1064 &mel-m
1323 1036 1496 1067 coniunxit.
1525 1035 1724 1066 Scholiastes
1743 1034 1783 1064 ad
1798 1043 1930 1064 sensum

130 1093 161 1124 id
188 1093 305 1125 factum
332 1105 408 1125 esse
433 1095 507 1126 dicit
533 1096 639 1137 modo,
675 1106 736 1135 quo
765 1097 846 1126 alius
874 1096 989 1127 dixerit
1023 1095 1131 1140 (metr.
1160 1095 1306 1140 Caniel):
1343 1097 1370 1128 Ο
1408 1098 1567 1129 utinam
1607 1097 1795 1128 maritus
1827 1101 1930 1126 tuus

131 1156 277 1197 gladio
304 1157 466 1188 cinctus
496 1163 616 1188 esset
642 1162 685 1188 et
712 1158 873 1189 hastam
901 1160 1110 1199 (teneret)
1141 1160 1251 1190 conf.
1281 1159 1392 1190 Lebid.
1419 1160 1529 1190 Moall.
1558 1169 1590 1189 v.
1618 1159 1666 1198 6.,
1692 1163 1725 1189 ut
1751 1158 1931 1198 verbum,a

132 1228 194 1258 qno
222 1228 288 1249 vox
314 1216 423 1248 §.L-ubl*
450 1227 631 1262 regeretur,
660 1221 700 1252 ad
726 1232 858 1252 sensum
885 1222 1096 1262 supplendum
1123 1225 1176 1253 sit.
1205 1223 1291 1253 Loco
1320 1223 1411 1254 vocis
1436 1222 1770 1269 &Mlegiturcyiiffl
1800 1220 1931 1251 »oriun-

130 1297 208 1323 tur«
247 1298 280 1323 et
314 1278 401 1339 ΟΞῙΞ,
424 1296 601 1337 »sangnine
627 1297 763 1327 infectae
791 1301 885 1327 sunt«
904 1302 936 1327 et
955 1299 1045 1343 0324!
1067 1297 1293 1337 »splendent«.
1321 1299 1537 1328 Posteriorem
1551 1302 1655 1327 autem
1674 1305 1791 1326 versus
1806 1300 1930 1335 partem

131 1363 200 1384 cum
227 1355 376 1395 loquendi
403 1356 493 1386 modo
520 1355 641 1395 ÷⁴k÷m⁸5⁵
666 1362 721 1386 ω’..α
746 1355 872 1391 mal-293
902 1359 1036 1390 »debilis
1063 1360 1165 1391 factus
1193 1365 1282 1400 est«,
1303 1365 1337 1391 ut
1363 1361 1458 1391 rebus
1477 1361 1670 1390 necessariis
1691 1363 1828 1398 careret,
1848 1367 1929 1389 con-

131 1416 207 1446 ferri
234 1417 320 1459 licet,
349 1422 382 1448 ut
408 1426 465 1448 eos
495 1419 619 1450 debiles
650 1420 756 1450 factos
784 1427 815 1451 et
843 1421 1011 1462 dispersos
1040 1431 1117 1453 esse
1143 1422 1316 1464 significet.

131 1529 164 1559 3.
208 1530 354 1569 Eiusque
377 1534 569 1562 consuetudo
590 1534 723 1571 fuisset,
747 1536 783 1563 ut
804 1536 916 1563 vicinis
935 1535 1065 1572 feminis
1087 1544 1228 1564 muscum
1250 1537 1282 1563 et
1299 1534 1398 1572 pallia
1418 1534 1565 1563 odoribus
1588 1533 1704 1562 imbuta
1725 1534 1755 1560 et
1776 1530 1930 1560 scutellas

887 1590 1010 1623 tianeus
1040 1592 1171 1628 offerret.

252 1655 371 1685 Versui
397 1655 425 1685 si
453 1665 571 1685 sensus
599 1656 760 1696 satyricus
796 1662 865 1695 est,
901 1658 942 1687 nil
979 1659 1063 1689 aliud
1096 1658 1280 1700 significare
1305 1653 1433 1697 f'potest,
1468 1656 1529 1686 nisi
1555 1655 1659 1685 virum
1695 1654 1785 1684 donis
1812 1657 1843 1684 et
1870 1653 1931 1683 ho-

132 1717 309 1757 spitalitate
339 1718 460 1748 vicinas
493 1718 719 1758 corrumpisse.
761 1719 827 1749 Lac
854 1725 909 1749 aut
936 1720 1025 1750 cibus
1052 1721 1081 1750 in
1109 1720 1252 1750 scutellis
1280 1719 1394 1760 ligneis
1421 1719 1624 1748 offerebatur.
1653 1719 1687 1747 In
1714 1717 1834 1747 codicis
1863 1716 1931 1745 Te·-

132 1780 218 1810 brisii
253 1781 397 1821 margine
432 1790 488 1819 pro
516 1790 598 1811 voce
624 1776 700 1808 &Li->le
728 1786 875 1821 tanquam
904 1787 1009 1813 rectus
1038 1784 1165 1824 legendi
1193 1783 1306 1814 modus
1333 1781 1415 1827 ὑμὲ
1447 1784 1606 1813 »incursio
1632 1783 1721 1817 eius«
1751 1782 1929 1821 adscriptus

132 1845 191 1872 est.
222 1841 460 1873 Grammaticus
487 1842 716 1882 Abu-Rijasch
744 1853 860 1872 versus
889 1844 1100 1874 'rsormolaho
1128 1846 1156 1875 b.
1184 1845 1369 1875 Schaliahts
1398 1845 1535 1885 Aladjai,
1562 1844 1718 1874 Ahrikum
1750 1844 1929 1882 loquentem

132 1903 291 1934 inducenti
319 1904 434 1934 tribuit.
491 1905 651 1934 Versuum
680 1915 810 1935 causam
837 1911 1026 1946 sequentem
1055 1907 1159 1937 fuisse
1186 1907 1323 1938 tradidit.
1363 1908 1485 1938 Alimru
1512 1908 1540 1937 b.
1571 1906 1752 1936 Almondsir
1779 1906 1808 1935 b.
1840 1904 1928 1934 mai-

133 1974 258 2006 ssema,
288 1967 508 2006 cuiusimater
534 1968 630 2010 Hind,
647 1968 709 1998 filia
739 1969 891 1999 Alliaritsi
919 1970 1018 2011 regiS,
1047 1974 1126 2009 erat,
1142 1981 1209 2001 cuin
1238 1976 1336 2012 gente
1363 1972 1444 2001 Thai
1471 1975 1583 2010 pactus
1612 1974 1693 2008 erat,
1721 1979 1759 1998 ne
1786 1969 1928 2007 ipsorum

132 2031 217 2057 terra
244 2027 401 2058 hostiliter
427 2029 632 2060 invaderetur
663 2037 695 2061 et
726 2033 784 2072 ipsi
810 2033 839 2062 in
866 2033 990 2074 gloriae
1017 2036 1187 2064 certamine
1214 2034 1428 2063 vincerentur.
1482 2030 1542 2069 Qui
1569 2040 1662 2070 quum
1689 2028 1856 2068 aliquando
1888 2037 1930 2058 ex

131 2089 309 2121 incursione
344 2093 374 2120 in
412 2093 602 2130 provinciam
638 2094 808 2124 Jemamah
838 2094 923 2125 sacta
950 2096 1019 2126 sine
1046 2096 1164 2135 praeda
1195 2095 1325 2135 rediret,
1352 2093 1534 2125 Sorarahus
1566 2094 1594 2123 b.
1624 2093 1734 2124 Ohdos
1769 2089 1802 2134 (e
1831 2095 1928 2132 gente

132 2152 253 2182 'ramim
282 2152 433 2182 oriundus
467 2158 499 2182 et
527 2156 671 2196 religioni
699 2158 870 2198 Magorum
898 2158 1052 2188 addictus.
1080 2158 1248 2190 Rasmuss.
1278 2157 1384 2189 Addit.
1401 2168 1429 2197 p.
1451 2158 1498 2196 vt)
1516 2157 1698 2196 principem,
1722 2159 1756 2184 ut
1783 2164 1800 2183 e
1829 2157 1928 2193 gente

133 2215 213 2244 Thai
241 2215 390 2254 praedam
424 2216 588 2257 auferret,
617 2219 793 2259 instigavit.
847 2220 997 2260 Princeps
1025 2220 1054 2250 id
1083 2220 1151 2250 fieri
1179 2230 1278 2260 posse
1305 2221 1344 2250 ob
1372 2226 1496 2260 pactum
1524 2229 1661 2261 negans,
1689 2223 1806 2257 tamen,
1834 2224 1927 2254 quum

133 2277 213 2307 alter
240 2282 351 2316 petere
380 2278 464 2307 haud
491 2278 674 2320 desisteret,
704 2281 829 2310 tandem
857 2286 1034 2312 commotus
1062 2285 1121 2322 est,
1154 2287 1188 2312 ut
1216 2282 1350 2311 feminas
1377 2286 1408 2312 et
1435 2282 1624 2312 camelorum
1652 2280 1777 2321 agmina
1804 2278 1833 2306 in
1866 2286 1927 2316 po-

133 2343 285 2369 testatem
320 2339 491 2380 redigeret.
552 2342 657 2371 Huius
691 2343 734 2372 rei
771 2343 889 2373 Kaisus
927 2343 955 2372 b.
996 2343 1138 2382 Djirwah
1173 2344 1298 2383 Aladjai
1335 2345 1526 2374 mentionem
1562 2344 1683 2374 faciens
1710 2341 1788 2371 dixit
1815 2342 1926 2378 (metr.

134 2401 296 2440 'l'hawi1):
323 2401 454 2433 Eheu!
485 2403 517 2432 ei
543 2404 724 2434 salutem
753 2404 815 2434 dic
842 2415 952 2445 quem
987 2415 1099 2436 amas
1130 2410 1190 2435 etc.
1218 2404 1317 2448 (conf.
1347 2407 1439 2437 Ham.
1469 2404 1537 2449 v‘1·).
1571 2404 1659 2444 Quos
1685 2412 1803 2434 versus
1831 2411 1927 2441 quum

135 2463 300 2493 Ahmruus
327 2465 518 2506 audivisset,
546 2467 728 2497 Sorarahus
756 2468 785 2498 ei
814 2468 912 2498 dixit:
940 2468 969 2497 Is
994 2476 1032 2497 se
1059 2477 1124 2497 rem
1153 2468 1289 2499 ulturum
1317 2479 1394 2499 esse
1420 2478 1497 2508 prae
1522 2478 1561 2498 se
1587 2468 1690 2498 ferens
1708 2466 1761 2496 tibi
1781 2466 1925 2496 minatur.

136 2523 239 2561 Quam
266 2526 304 2555 ob
333 2535 465 2556 causam
493 2528 653 2559 Alnnrnus
678 2530 887 2560 Tsormalaho
916 2529 1015 2561 dixit:
1044 2529 1203 2559 Patruelis
1230 2535 1302 2560 tuus
1329 2531 1490 2570 satyricos
1518 2538 1635 2559 versus
1655 2533 1766 2558 contra
1781 2538 1832 2557 me
1850 2537 1927 2568 pro-

135 2583 243 2615 ferens
271 2586 344 2616 mihi
372 2588 514 2619 minatur.
545 2590 601 2620 lile
626 2597 746 2633 autem,
777 2597 811 2622 ut
838 2591 955 2623 factum
985 2596 1077 2630 turpe
1105 2600 1182 2621 esse
1210 2592 1393 2623 ostenderet
1420 2596 1453 2622 et
1479 2590 1584 2621 odium
1610 2599 1630 2621 a
1655 2589 1800 2629 patruele
1819 2599 1927 2620 remo-
