2155 2892
910 167 1178 198 -203—

955 261 1127 296 cxlx.

535 330 721 367 Mune!-
743 332 932 372 patrem
955 336 1097 362 suum
1120 325 1382 367 deplorans
1405 323 1542 357 ‹nnt-

152 408 177 436 1.
203 406 456 443 Quotiescunque
477 405 547 442 φησὶν
570 401 700 431 Atilium
724 403 820 430 rorat.
847 402 965 427 terrore
984 396 1164 435 perculsum
1187 405 1235 423 me
1257 395 1387 425 [ιιι-(11111,
1413 393 1668 431 qnermnlmmlnm
1694 393 1762 422 Hae,
1786 392 1856 422 Hah
1879 402 1932 421 eo-

639 464 718 484 cans
737 454 826 491 pullo
848 453 987 481 orbatam
1012 450 1161 480 camelum
1185 453 1304 477 terrore
1326 448 1438 485 Implet.

248 530 350 560 Patris
377 531 477 557 morte
503 536 540 556 se
568 530 735 565 tantopere
761 522 923 553 adflictum
954 528 1041 559 esse,
1068 524 1104 549 ut
1129 519 1199 548 solo
1228 518 1326 557 putris
1354 518 1488 556 nomine,
1517 516 1598 556 quod
1630 526 1748 546 vocans
1776 517 1933 556 enunciet,

149 598 270 622 terrore
297 589 472 629 impleatur.
525 588 651 617 Nomen
680 585 774 626 patris
801 585 912 614 mortui
938 582 1010 612 Ahli
1038 586 1116 612 erat.
1178 581 1221 611 L't
1254 584 1359 610 autem
1388 588 1545 608 summum
1574 578 1622 608 sui
1650 579 1751 617 ipsius
1780 584 1933 609 terrorem

148 654 354 694 designaret,
393 661 464 681 eum
504 660 574 680 cuin
613 648 735 679 camela
776 647 860 687 pullo
902 647 1013 676 orbata
1048 645 1196 681 contulit,
1235 653 1315 682 quae
1352 643 1379 672 si
1419 645 1572 681 vocatur,
1606 644 1758 670 terrorem
1787 642 1933 681 concipit.

150 716 223 746 Vox
250 711 325 755 ,δέ
351 713 500 743 camelam
527 712 692 752 designat,
728 719 808 749 quae
844 709 958 748 pullum
995 713 1050 738 aut
1085 712 1186 737 morte
1214 707 1321 736 amisit
1347 710 1402 735 aut
1430 704 1511 744 quod
1543 709 1702 734 mactatus
1730 704 1796 734 fuit.
1850 704 1936 734 Dixit

150 778 276 808 u'arka
310 777 338 807 b.
367 776 482 806 Soliair
519 776 652 814 (Frater
689 774 778 803 Kaisi
814 773 842 802 b.
879 772 995 802 Soliair
1031 772 1059 801 b.
1090 770 1276 810 Djadsimah
1302 770 1371 806 est)
1406 770 1515 806 (metr.
1556 767 1715 805 'thau-10:
1758 767 1936 796 Vocavit

149 850 206 871 me
233 839 446 869 Sohairus
473 839 543 868 sub
571 841 745 877 pectore
773 834 941 865 Chalidi
972 839 1011 864 et
1039 833 1083 863 ad
1112 842 1199 862 eum
1226 832 1344 862 sicut
1371 832 1534 862 camela
1563 830 1677 870 pullo
1706 830 1935 860 0111011118-

149 902 322 932 stinans
350 900 457 930 veni.
509 899 651 929 Verbum
679 896 777 934 9235,
812 896 893 936 quod
928 897 1055 936 proprie
1090 896 1215 926 modum
1242 894 1421 936 significat,
1457 903 1518 933 quo
1549 899 1660 932 pastor
1688 893 1826 922 camelos
1854 901 1936 921 voce

150 963 235 994 nab
264 962 386 1003 prolata
414 966 520 1002 vocat,
548 961 577 990 in
605 970 728 989 0111118111
756 958 890 989 vocandi
918 959 1041 988 11101111111
1070 959 1259 988 translatum
1286 962 1346 987 est.
1401 958 1487 987 Dixit
1518 962 1612 996 poeta
1640 956 1749 994 (metr.
1777 956 1936 995 Thawil):

151 1024 268 1063 Dico,
302 1023 391 1052 dum
419 1031 491 1052 nos
527 1031 632 1062 gens
669 1030 828 1057 sumus,
864 1019 1073 1059 hospitem
1109 1029 1224 1050 suum
1258 1020 1412 1049 honore
1448 1019 1740 1058 excipientes,
1777 1027 1795 1048 0
1824 1018 1937 1048 Etm-

151 1080 380 1117 Ghallake!
409 1084 592 1115 camelos
619 1084 667 1114 ad
694 1087 731 1113 te
758 1093 860 1114 voca
887 1088 925 1112 et
951 1088 1301 1113 retromanentes
1329 1082 1518 1112 camelos
1546 1080 1672 1112 voca!

150 1185 182 1214 2.
206 1182 289 1219 Quot
310 1186 413 1211 autem
435 1185 534 1211 rotati
554 1184 583 1211 ei
602 1185 709 1210 vocato
731 1181 850 1210 similes
872 1190 935 1209 non
955 1185 1040 1216 semt,
1066 1183 1126 1209 etsi
1145 1181 1249 1209 eodem
1272 1182 1396 1208 nomme
1419 1181 1519 1207 vocati
1541 1179 1738 1216 respondent.

252 1257 378 1287 Patrem
408 1266 499 1286 suum
527 1256 670 1285 omnibus
697 1254 954 1294 praehabendum
980 1264 1055 1285 esse
1083 1255 1166 1285 dicit.
1233 1254 1318 1284 Esse
1345 1253 1469 1292 quidem
1498 1253 1606 1292 plures
1636 1252 1714 1282 idem
1740 1262 1851 1283 nomen
1878 1262 1939 1294 ge-

152 1324 277 1358 rentes3
304 1318 362 1349 sed
389 1319 482 1349 animi
508 1318 666 1348 indolibus
694 1318 724 1348 ei
750 1317 921 1348 dissimiles
951 1327 1038 1348 esse.

977 1413 1120 1448 CXX·

502 1480 591 1514 Vir
613 1480 815 1523 quirlam
836 1489 863 1514 e
885 1481 1029 1522 gente
1053 1480 1173 1515 calb
1195 1479 1433 1515 oriundus
1455 1478 1592 1514 «lixit.

153 1552 181 1581 1.
204 1552 293 1582 Deus
316 1555 437 1589 tempus
459 1551 609 1579 dedecore
631 1551 775 1588 adficiat,
812 1553 903 1579 cuius
928 1550 1045 1579 mulum
1077 1554 1149 1579 ‹mte
1177 1551 1290 1579 bonum
1325 1553 1373 1578 est
1394 1553 1424 1578 et
1445 1549 1597 1584 dolorem,
1632 1559 1691 1588 quo
1715 1552 1812 1578 morte
1835 1548 1944 1586 Zafijjt'

764 1608 837 1642 post
858 1605 1012 1633 Malibadi
1032 1608 1160 1633 mortem
1187 1602 1339 1641 adficior!

252 1675 353 1704 Poeta
380 1676 515 1714 tempori
543 1680 690 1714 tanquam
719 1684 876 1713 personae
903 1674 983 1704 male
1011 1678 1157 1713 precatur
1184 1671 1304 1716 (conf.
1332 1673 1464 1703 Hamas.
1493 1682 1522 1712 p.
1551 1674 1590 1701 t'w
1618 1670 1729 1713 intr),
1765 1672 1847 1711 quod
1883 1680 1942 1701 an-

154 1744 279 1778 tequam
307 1738 387 1767 bono
415 1741 545 1776 sperato
580 1739 698 1775 potitus
733 1742 843 1777 esset7
871 1737 952 1766 malo
979 1737 1080 1776 ipsum
1108 1736 1281 1777 adflixerit>
1308 1741 1373 1766 tum
1401 1745 1525 1775 quoque
1554 1735 1653 1764 dolori
1677 1735 1757 1765 male
1785 1740 1942 1774 precatur,

155 1810 215 1840 quo
244 1801 282 1829 ob
298 1805 430 1829 mortem
447 1798 554 1838 Zafijji
572 1804 645 1838 post
661 1804 793 1828 mortem
817 1799 968 1829 Malibadi
985 1799 1136 1829 adflictus
1151 1799 1256 1828 suerit.
1278 1798 1370 1828 'Dicit
1384 1798 1495 1839 igitur,
1509 1807 1546 1827 se
1560 1798 1693 1837 plurium
1710 1791 1779 1835 (1)-
1805 1789 1943 1833 130.)

153 1862 471 1894 amicorumiacturix
498 1871 559 1890 uno
587 1867 659 1901 post
686 1861 820 1891 alterum
847 1866 970 1892 mortuo
998 1862 1155 1892 adfectum
1182 1872 1269 1892 esse.

154 1972 187 2000 2.
212 1970 363 2000 Fratrum
384 1980 521 1999 meorum
542 1974 664 2007 partem
687 1974 886 2008 superstitem
907 1976 1029 2009 tempus
1051 1973 1187 2008 abripuit
1207 1974 1237 1999 el
1254 1980 1408 2008 quaenam
1430 1973 1479 1999 est
1495 1971 1622 1998 tristitia
1639 1978 1706 1998 mea
1723 1972 1779 1997 aut
1794 1969 1944 2006 quomodo

744 2034 849 2053 eorum
871 2027 1027 2053 iacturam
1047 2028 1204 2061 patienter
1224 2024 1351 2062 feram?

255 2093 458 2124 Scholiastes
486 2094 620 2124 vocibus
647 2093 748 2135 (9:⁵3
775 2097 840 2131 ἆῤ)
869 2095 1001 2133 optimos
1030 2094 1099 2124 eius
1127 2093 1244 2123 fratres
1263 2092 1438 2133 significari
1458 2102 1556 2131 posse
1574 2091 1697 2131 putavit
1712 2090 1830 2129 (conf.
1852 2091 1945 2120 Ham.

158 2167 187 2196 p.
215 2154 261 2184 fw
287 2166 318 2184 v.
349 2156 420 2193 7.);
449 2155 508 2184 sed
535 2166 643 2185 eorum
673 2159 776 2195 potius
802 2157 982 2186 sententiae
1009 2157 1124 2197 faveo,
1152 2161 1203 2197 qui
1232 2162 1354 2197 partem
1390 2158 1594 2196 superstitem
1628 2155 1784 2184 nonnullis
1813 2153 1946 2183 mortuis

158 2217 320 2260 designari
348 2217 548 2246 contendunt.
614 2219 677 2247 lllis
704 2227 825 2257 quoque
852 2223 953 2248 morte
980 2219 1120 2259 abreptis
1147 2230 1207 2249 non
1235 2224 1360 2259 poterat
1386 2228 1447 2248 nou
1475 2227 1597 2248 summo
1625 2217 1734 2247 dolore
1761 2216 1872 2254 adfici,
1911 2220 1946 2244 ut

159 2280 291 2319 tempori
320 2279 399 2308 male
426 2282 617 2317 precaretur.
670 2280 786 2309 Verbis
814 2285 919 2309 autem
946 2286 1032 2328 ³3?
1062 2282 1105 2312 m
1132 2282 1315 2323 significare
1343 2282 1434 2319 vult,
1471 2282 1499 2310 in
1527 2285 1614 2310 tanta
1650 2280 1770 2309 iactura
1804 2279 1945 2308 dolorem

161 2350 254 2371 suum
278 2341 429 2371 minorem
456 2341 533 2369 esse
559 2337 650 2378 'quam
677 2341 799 2382 deceat,
829 2347 863 2372 ut
889 2351 945 2381 pro
972 2343 1057 2372 nullo
1085 2342 1249 2372 habendus
1269 2344 1319 2373 sit.
1374 2343 1471 2373 Hisce
1495 2342 1599 2372 verbis
1621 2351 1658 2370 se
1676 2341 1824 2370 solatium
1845 2349 1945 2379 quae-

160 2403 296 2433 siturum
322 2411 383 2432 nou
410 2410 486 2431 esse
513 2402 661 2432 ostendit.

160 2511 192 2542 3.
214 2510 254 2541 Si
273 2520 369 2540 unam
391 2515 512 2541 tantum
536 2520 663 2540 manum
684 2514 859 2542 amisissem
880 2510 1068 2552 [ferendum
1091 2511 1214 2553 esset);
1236 2514 1294 2542 sed
1312 2522 1426 2541 munus
1446 2522 1514 2540 mea
1526 2512 1627 2540 altera
1637 2514 1709 2548 post
1718 2511 1850 2539 alteram
1863 2511 1945 2538 abiit.

258 2581 293 2610 In
322 2590 429 2619 versu,
458 2581 509 2619 qui
535 2581 628 2610 Ham.
656 2590 685 2619 p.
713 2579 758 2609 Μ
785 2581 896 2612 iterum
925 2583 1070 2621 occurrit,
1097 2591 1225 2612 causam
1253 2582 1395 2620 exponit,
1412 2590 1478 2611 >cur
1505 2581 1534 2610 in
1553 2580 1614 2610 hac
1632 2580 1813 2610 calamitate
1831 2579 1946 2609 nullum

162 2643 310 2673 solatium
337 2643 389 2672 sit.
442 2643 478 2673 Si
506 2644 566 2682 ipsi
595 2652 655 2672 una
683 2651 758 2681 pars
785 2641 914 2672 fratrum
941 2643 1043 2674 alteria
1071 2645 1181 2674 relicta
1209 2649 1310 2674 morte
1337 2644 1468 2682 abrepta
1495 2643 1622 2683 fuisset,
1654 2642 1685 2672 in
1712 2648 1802 2682 parte
1828 2651 1948 2681 super-
