2155 2892
895 129 1167 160 -650-

138 239 379 273 Mohammedes
407 241 481 276 post
509 244 609 265 voces
637 231 845 264 Merwani
875 230 994 261 filius
1021 229 1140 270 posuit,
1156 229 1186 258 id
1215 227 1360 258 licentiae
1386 227 1531 267 poeticae
1556 230 1616 256 est.
1648 228 1740 257 Anno
1757 227 1798 257 71
1821 223 1930 268 (Ebu-

138 303 276 334 Chamk.
304 301 383 330 Nro.
418 297 499 328 553.
537 306 619 326 anno
649 296 724 333 72.)
753 294 885 324 Mozihb
913 293 941 322 b.
970 290 1085 321 Sobair
1112 291 1263 329 simulque
1288 289 1425 319 Ibrahim
1452 289 1483 318 b.
1512 288 1686 318 Alaschtar
1714 289 1798 328 apud
1824 289 1927 319 locum

138 360 454 401 Dair-Aighatalik
491 362 573 389 inter·
607 358 735 398 Syriam
774 361 806 386 et
841 355 956 386 Cufam
986 354 1084 384 occisi
1118 357 1192 383 sunt
1226 351 1333 382 conf.
1368 351 1474 382 Abulf.
1511 351 1593 380 Ann.
1629 352 1667 381 Τ.
1701 352 1714 381 Ι
1741 361 1770 390 p.
1800 351 1869 381 4¹8
1896 357 1928 382 et

137 424 241 455 adnot.
276 422 354 452 179.

913 513 1140 550 cxxvffl.

624 582 827 615 Anisena
850 581 1009 623 gentis
1033 578 1234 613 Ralniah
1255 581 1283 619 ¹)
1315 577 1453 611 «lixit.

238 655 549 685 Abu-Tammamus
586 653 745 687 narravit,
784 652 1107 682 Ahbd-Almalicum
1142 651 1170 679 b.
1200 650 1359 689 Merwan,
1387 648 1428 679 ad
1457 658 1548 688 quem
1576 653 1683 688 poeta,
1712 649 1761 688 qui
1789 658 1806 679 e
1834 652 1932 689 gente

140 718 298 749 Schaiban
326 721 358 746 et
385 715 509 754 quidem
538 715 656 744 familia
692 713 868 751 Omamah,
905 718 996 753 parte
1024 714 1129 754 gentis
1158 714 1298 752 Rabiah,
1326 713 1478 743 oriundus
1505 714 1664 752 venisset,
1694 715 1931 752 interrogasse:

140 790 159 809 o
187 772 510 819 Abu-I’Moghirahe!
538 786 608 806 num
636 775 709 815 quid
736 775 846 814 poesis
875 780 950 805 tuae
977 773 1154 815 superest?
1197 777 1329 806 Poetam
1358 780 1532 815 sequentes
1561 784 1679 804 versus
1706 776 1880 805 recitasse:

137 865 165 893 1.
209 863 320 900 Neque
343 863 375 889 in
398 862 508 898 officiis
531 861 610 889 milti
626 859 831 896 praestandis
863 868 963 897 neque
994 861 1025 887 in
1057 859 1232 896 Iz'lt'yalione
1260 861 1298 889 de
1328 862 1399 889 iure
1431 860 1510 888 milii
1538 859 1614 898 quid
1634 858 1811 887 detrahitur
1833 868 1933 897 neque

858 915 981 942 dentem
1004 924 1105 943 meum
1126 915 1212 953 frico

259 985 364 1014 Prima
400 984 526 1021 species
553 983 645 1012 metri
675 982 800 1012 'rhawil
827 982 984 1022 adpellati.
1037 983 1082 1013 Se
1110 984 1204 1013 talem
1232 992 1319 1022 esse,
1347 983 1396 1013 cui
1421 992 1511 1012 nemo
1539 981 1678 1012 officium
1704 981 1929 1021 praestandum

144 1048 293 1089 deneget,
320 1049 373 1087 qui
401 1046 512 1076 nemini
540 1046 569 1075 in
599 1045 753 1086 litigando
777 1045 868 1075 cedat
894 1048 925 1074 et
954 1054 1048 1084 quem
1075 1045 1148 1075 facti
1176 1045 1260 1076 haud
1288 1047 1462 1084 poeniteat,
1498 1045 1619 1074 Dentes
1655 1044 1771 1074 fricare
1798 1052 1934 1083 prover-

143 1111 234 1140 bialis
269 1108 417 1149 loquendi
454 1108 566 1138 modus
600 1113 670 1148 est,
708 1117 770 1148 quo
807 1107 1003 1146 poenitentia
1046 1107 1203 1137 indicatur
1241 1108 1400 1146 (Meidan.
1434 1106 1487 1145 10,
1515 1105 1626 1146 2330.
1689 1106 1779 1136 Alter
1806 1105 1934 1146 legendi

138 1172 261 1211 modus,
292 1173 345 1211 qui
372 1171 402 1200 in
430 1171 587 1200 Mersukii
614 1170 724 1201 codice
751 1173 803 1199 est
829 1168 883 1212 353
908 1164 980 1216 52¹3,
1012 1168 1188 1210 siguificat,
1232 1179 1302 1199 eum
1336 1169 1553 1200 adversarium
1593 1177 1722 1207 semper
1765 1176 1934 1206 occupare,

140 1239 175 1265 ut
202 1234 287 1263 nuno
315 1237 458 1273 tempore
485 1241 620 1262 securus
647 1232 700 1262 sit.

140 1335 172 1363 2.
216 1334 329 1371 IVeque
353 1333 495 1362 clientem
518 1343 620 1362 meum
650 1333 686 1361 ob
710 1334 827 1361 crimen
851 1333 941 1360 trado
965 1341 1065 1369 neque
1088 1332 1186 1360 cliens
1210 1339 1299 1359 meus
1322 1327 1438 1356 malum
1461 1329 1540 1363 eius,
1562 1327 1646 1364 quod
1667 1328 1817 1360 commisi,
1839 1329 1934 1356 timet.

242 1402 288 1432 Se
315 1402 422 1432 clienti
459 1411 589 1441 semper
626 1401 777 1431 auxilium
815 1405 980 1441 praestare
1008 1406 1040 1431 et
1067 1411 1084 1430 e
1112 1400 1271 1430 contrario
1299 1409 1317 1429 a
1344 1397 1462 1427 cliente
1487 1396 1636 1426 auxilium
1664 1405 1726 1425 non
1752 1400 1875 1435 petere,
1903 1402 1938 1426 ut

139 1466 166 1495 is
195 1466 313 1496 auxilio
341 1465 535 1504 praestando
564 1465 593 1494 in
620 1464 762 1494 damnum
790 1464 897 1493 irruat.
958 1463 1122 1501 clientem,
1151 1462 1212 1492 etsi
1239 1461 1308 1501 ipse
1335 1468 1391 1490 uos
1419 1458 1567 1500 adfligat,
1595 1457 1755 1488 custodire
1782 1458 1936 1488 debemus

139 1526 237 1557 Meid.
267 1527 324 1566 24,
353 1525 434 1556 339.
463 1530 494 1556 et
522 1526 630 1563 frater,
659 1526 722 1556 etsi
749 1525 891 1556 iniuriam
919 1524 1046 1564 inferat⁷
1076 1523 1276 1555 adiuvandus
1305 1528 1356 1553 est
1383 1523 1480 1553 Meid.
1518 1522 1577 1561 25,
1610 1521 1663 1551 14.
1715 1521 1798 1551 Voci
1824 1521 1932 1558 wi>

139 1589 168 1618 in
196 1589 306 1619 codice
333 1589 469 1619 'febrisii
497 1593 558 1619 tam
585 1598 678 1619 casus
707 1588 921 1618 nominativus
953 1597 1046 1626 quam
1074 1587 1238 1628 genitivus
1267 1585 1361 1615 datus
1389 1588 1448 1615 est.

139 1685 172 1714 3.
216 1685 301 1714 Nam
324 1687 449 1713 ammas
472 1688 553 1714 inter
576 1686 677 1714 latera
700 1695 768 1714 mea
787 1687 856 1717 scil,
882 1685 967 1723 quod
984 1684 1097 1713 oculus
1119 1692 1207 1711 meus
1229 1683 1305 1711 vidit
1325 1685 1355 1710 el
1376 1683 1465 1710 auris
1488 1691 1557 1710 mea
1579 1682 1710 1711 audivit.

241 1753 377 1783 Causam
406 1753 499 1783 huius
533 1753 649 1794 agendi
687 1754 770 1783 modi
804 1754 833 1783 in
861 1763 898 1782 eo
925 1753 1056 1791 invenit,
1080 1751 1161 1790 quod
1191 1751 1314 1780 animus
1343 1751 1372 1780 in
1401 1759 1512 1780 omncs
1538 1760 1592 1780 res
1620 1751 1722 1790 ipsum
1748 1756 1934 1791 spectantes

141 1814 289 1845 adtentus
317 1817 368 1845 sit.
423 1816 623 1846 Prudentiam
652 1817 681 1846 in
709 1815 946 1856 cognoscendis
975 1814 1079 1844 officis
1108 1813 1167 1843 sibi
1195 1813 1311 1843 tribuit.

141 1912 174 1939 4.
218 1912 262 1940 El
284 1915 347 1940 lam
368 1914 458 1948 poesi
478 1921 572 1950 quam
595 1914 721 1949 inqenio
746 1914 1009 1948 praestantiorem
1039 1920 1086 1939 me
1106 1910 1218 1947 reddit,
1242 1909 1327 1947 qnod
1345 1911 1520 1946 coynitione
1539 1909 1676 1938 imbutus
1698 1909 1764 1938 dico
1787 1912 1824 1943 et,
1850 1910 1936 1948 quod

904 1968 1062 2003 siynifico,
1095 1968 1170 1994 scio.

142 2017 173 2047 5.
217 2018 262 2046 Et
290 2028 386 2056 quum
414 2019 614 2049 Met-wanum
639 2022 769 2057 eliasque
797 2019 898 2056 filium
929 2021 1063 2047 caeteris
1086 2020 1262 2048 homenibus
1289 2020 1551 2056 praestantiorem
1580 2016 1751 2051 dixissem,
1787 2018 1936 2054 optimum

647 2076 770 2109 patrem
792 2071 954 2109 filiumque
979 2075 1229 2107 praestantiores
1258 2081 1327 2101 esse
1350 2072 1429 2100 classi.

242 2139 444 2170 Prudentiam
480 2146 602 2180 autem,
642 2141 703 2180 qua.
738 2150 842 2170 rerum
875 2149 982 2169 veram
1013 2140 1223 2170 conditionem
1252 2140 1464 2181 cognoverit,
1492 2149 1622 2170 causam
1648 2148 1736 2176 esse,
1764 2147 1822 2168 cur
1847 2141 1936 2177 poesi

144 2208 177 2234 et
204 2203 331 2244 ingenio
354 2207 504 2241 praestet.
542 2203 628 2234 lllam
654 2212 777 2242 quoque
805 2201 1002 2241 prudentiam
1031 2202 1124 2233 laude
1153 2203 1288 2242 probari,
1305 2203 1368 2242 quit
1394 2202 1474 2232 duos
1502 2202 1590 2231 viros
1619 2200 1793 2241 ornaverit,
1820 2200 1935 2238 quippe

144 2266 194 2304 qui
221 2267 329 2305 optimi
359 2266 430 2295 sint.

163 2374 190 2404 1)
211 2374 316 2397 Ahscha
336 2374 476 2398 multorum
497 2374 616 2396 virorum
636 2379 782 2404 cognomen
804 2376 852 2397 est.
889 2374 1021 2402 Tempore
1040 2373 1187 2403 paganismi
1216 2373 1309 2396 vivens
1329 2379 1424 2397 nomen
1445 2372 1563 2396 Maimun
1583 2373 1607 2396 b.
1628 2372 1693 2396 Kais
1712 2372 1735 2395 b.
1752 2368 1865 2399 Diandal
1885 2376 1934 2400 ge-

211 2420 295 2443 rebat.
332 2421 442 2443 Praeter
460 2420 529 2442 hunc
547 2419 745 2443 celeberrimum
757 2426 772 2443 a
784 2419 893 2443 Kamusi
912 2422 1022 2442 auctore
1041 2422 1217 2443 recensentur
1237 2418 1267 2448 1)
1280 2418 1384 2441 Ahscha
1403 2418 1489 2447 gentis
1501 2419 1616 2442 Naschnl
1636 2417 1753 2448 (Aswad
1773 2417 1796 2440 b.
1812 2414 1933 2444 Jahfor),

210 2466 296 2495 gentis
317 2467 435 2488 Hamdau
457 2466 700 2495 Ahbd-Alrahmau,
720 2466 807 2495 gentis
827 2465 1016 2493 Abu-flabiam
1036 2464 1124 2495 gentis
1144 2466 1260 2494 'Pharum
1279 2464 1367 2495 gentis
1387 2465 1535 2494 Alhirmas,
1554 2464 1642 2494 gentis
1661 2463 1743 2492 Aseni,
1762 2462 1847 2492 gent-is
1868 2460 1934 2484 Ohcl

213 2512 340 2542 (Cainnas
360 2515 386 2534 et
406 2512 608 2535 Ebu-Mahraf
624 2512 816 2541 Chaitsamah),
844 2511 929 2541 gentis
949 2511 1039 2540 Ahkil,
1059 2511 1146 2541 gentis
1167 2511 1238 2535 Auhf
1252 2509 1374 2541 (Dhabi).
1393 2509 1481 2540 gentis
1500 2510 1589 2532 Zurnh
1608 2505 1829 2538 (ΑΙΙὴᾱ-ΑΙίειΙι),
1847 2506 1935 2536 gentis

212 2556 319 2588 Djauan
339 2557 501 2588 (salaman),
520 2557 605 2588 gentis
625 2557 689 2581 Kais
709 2556 891 2587 (Abu-Bazir)
910 2561 936 2581 et
955 2557 1090 2581 Alahscha
1109 2556 1277 2587 '1¹ag111ebita.
1297 2555 1395 2579 Omnes
1415 2557 1508 2584 poetae
1526 2557 1613 2577 erant.
