2155 2892
882 139 1201 174 '—129—

172 239 204 268 4.
227 237 315 268 Fieri
333 242 443 276 potest,
469 242 504 268 ul
522 248 602 276 qens
630 238 708 268 Tlun'
725 241 797 274 post
819 237 876 266 lios
898 240 1016 266 assinos
1039 249 1055 266 e
1067 243 1161 276 flente
1181 240 1259 268 Thai
1271 241 1413 269 ardorem
1430 250 1537 270 νεηιιηι
1554 246 1584 270 et
1600 245 1757 271 costarum
1774 238 1954 281 (pectoris)

966 295 1162 330 enlin-qual,

272 363 320 392 Ex
348 363 407 393 hoc
435 371 535 392 versu
562 361 798 401 cognoscimus,
827 361 939 391 bellum
968 362 1046 390 inter
1074 361 1154 392 duas
1183 368 1289 401 partes
1317 363 1422 402 gentis
1449 363 1526 392 'rimi
1556 370 1681 402 gestulii
1709 375 1795 395 esse.
1847 365 1954 395 Scho-

173 426 286 455 liastes
315 425 489 464 adnotavit,
517 425 596 453 inter
623 424 728 453 varias
760 424 865 463 gentis
893 423 971 453 'rbai
1001 425 1101 453 tribus
1130 424 1244 454 bellum
1279 434 1439 464 nunquam
1474 427 1642 464 quievisse.
1703 428 1800 458 Poeta
1834 433 1953 468 sperat,

173 489 262 525 sore,
303 493 335 523 ut
373 491 445 526 post
481 486 538 514 lios
566 486 690 515 occisos
718 496 799 526 gens
827 491 939 525 postea
967 486 1097 515 caedem
1127 487 1307 516 ulciscatur.
1363 488 1455 516 Hune
1491 498 1622 518 sensum
1660 495 1753 528 poeta
1782 492 1862 521 alins
1897 502 1954 522 se-

173 555 289 590 quente
316 558 416 579 versu
443 549 603 587 expressit
634 551 739 590 (metr.
767 546 925 590 'rhuwil):
968 550 1055 589 Ego
1086 551 1122 579 in
1151 550 1270 580 vobis
1297 560 1413 589 spem
1446 560 1574 589 pono,
1613 551 1694 580 etsi
1719 562 1819 582 nnnc
1847 554 1954 584 tardi

173 611 387 651 propositi
416 611 545 648 estis,
573 600 780 649 quomodo
808 611 845 640 in
873 611 1099 640 ventribus
1128 610 1395 651 gravidarum
1422 622 1521 650 spes
1550 618 1630 641 est.
1658 614 1848 653 significare
1876 616 1953 655 vult,

169 684 260 713 spem
288 682 374 704 suam
400 678 518 703 certam
546 683 632 705 esse.
689 673 826 703 Verbum
853 685 941 719 &mn
968 674 997 703 in
1024 683 1083 713 spe
1110 673 1263 710 adbiberi,
1291 674 1484 704 scholiastes
1512 674 1641 713 scripsit
1668 679 1698 704 et
1726 671 1795 713 (p-
1820 672 1954 715 135.)

169 736 302 766 litteram
329 752 369 776 Qu
396 740 468 765 ante
501 735 638 766 futurum
676 736 778 766 locum
814 737 986 775 particulae
1012 734 1051 781 Ol
1085 742 1194 766 tenere
1223 736 1349 774 (conf.
1379 736 1490 767 Grum.
1519 738 1575 766 Ar.
1603 738 1640 766 Τ.
1669 739 1705 768 ΙΙ.
1733 748 1762 777 p.
1792 737 1899 782 213.)
1926 740 1954 769 A

169 797 268 827 verbo
292 795 347 826 &U
386 808 449 827 rem
488 801 693 838 propinquam
729 807 804 828 esse
840 799 996 828 indicante
1033 809 1070 828 eo
1099 798 1244 835 differre,
1273 799 1353 838 qnod
1382 800 1540 838 futurum,
1580 802 1734 840 particula
1761 801 1799 847 Ol
1828 804 1957 842 omissa,

168 860 272 889 statim
299 869 411 890 vocem
436 858 490 888 als
519 866 671 899 sequatur
699 861 790 891 ibid.
846 862 954 892 Verba
979 854 1046 890 ud&
1072 867 1135 898 ekae
1164 866 1279 891 statum
1309 867 1507 901 praesentem
1528 864 1663 893 omnium
1686 874 1799 905 rerum,
1827 855 1957 906 quarum

170 922 360 952 mentionem
392 922 479 961 fecit,
508 923 769 962 complectuntur.
822 923 1024 953 scholiastes
1053 924 1144 954 (lixit.
1180 924 1344 964 ardorem,
1381 925 1431 963 qui
1462 926 1584 954 nonnisi
1613 926 1641 955 in
1672 926 1767 956 corde
1793 932 1826 957 et
1852 929 1956 958 iecore

171 984 280 1014 sedem
308 984 436 1025 habeat,
465 985 592 1015 renibus
620 989 650 1015 et
678 988 787 1024 parvis
815 986 916 1015 costis
944 995 962 1015 a
990 991 1084 1025 poeta
1112 987 1306 1025 adscriptum
1336 996 1424 1026 esse,
1454 992 1497 1024 ut,
1527 988 1576 1026 qui
1593 988 1632 1017 ad
1660 988 1736 1018 istas
1756 996 1863 1029 partes
1881 1001 1955 1030 per-

171 1046 289 1087 tigerit,
318 1047 487 1090 maximum
516 1057 592 1078 esse
619 1048 826 1088 significaret.
879 1046 1119 1078 Grammaticus
1147 1045 1347 1080 Abu-l'Alila
1375 1051 1472 1088 dixit,
1499 1061 1517 1080 a
1545 1051 1613 1080 loco
1644 1051 1809 1092 Dliarijjali
1837 1054 1955 1084 febrem

170 1108 360 1146 appellatam
391 1118 485 1149 esse;
512 1109 570 1139 sed
599 1119 713 1140 vocem
740 1121 826 1156 '5⁶²
854 1110 914 1141 hoe
941 1111 969 1140 in
998 1112 1065 1141 loco
1094 1112 1212 1141 febrem
1240 1112 1421 1153 significare
1441 1113 1597 1154 dubitans,
1626 1119 1680 1143 aut
1700 1115 1738 1144 ab
1758 1115 1958 1147 Abu-l’Ahla

171 1173 224 1200 aut
247 1170 276 1199 in
293 1171 435 1201 Hamasa
461 1172 571 1202 falsum
600 1173 828 1212 pronunciandi
855 1173 980 1203 modum
1009 1173 1189 1203 adnotatum
1217 1184 1293 1204 csse
1323 1180 1417 1215 puto,
1444 1185 1514 1205 nam
1543 1175 1572 1204 iu
1599 1176 1749 1206 Meidanii
1781 1178 1957 1216 proverbiis

171 1232 208 1262 C.
238 1233 270 1271 4,
300 1233 356 1263 28.
383 1238 521 1265 montem
550 1236 703 1266 Damcb
733 1237 762 1266 in
791 1237 922 1278 regione
947 1240 1024 1281 'akaje
1038 1247 1125 1283 ὁ»
1140 1238 1235 1267 situm
1257 1238 1493 1278 esselegimus.
1523 1238 1644 1268 Locum
1661 1238 1744 1268 illum
1762 1239 1957 1279 anarijjah

171 1294 235 1325 filia
262 1295 395 1327 Rabiahi
424 1299 452 1328 b.
482 1299 579 1328 Nisar
609 1299 637 1328 b.
666 1299 804 1329 Maahdd
834 1300 862 1330 b.
891 1299 1026 1329 Ahdnan
1054 1309 1167 1329 nomen
1197 1300 1364 1339 accepisse
1396 1304 1509 1338 putant
1535 1300 1647 1338 modo,
1684 1309 1745 1339 quo
1773 1310 1854 1340 aqua
1879 1302 1958 1331 inter

170 1358 307 1388 Bazram
335 1360 541 1400 Meccamque
568 1362 630 1391 sita
657 1361 853 1392 Albauab
881 1362 920 1392 de
948 1362 1011 1392 filia
1039 1362 1128 1392 Calbi
1156 1361 1184 1390 b.
1212 1361 1446 1402 'l'aghleb,...
1477 1362 1505 1392 b.
1535 1362 1691 1392 Kodliaab
1718 1363 1879 1402 appellata
1904 1365 1957 1394 sit.

174 1419 302 1450 Poetam
327 1421 449 1452 dixisse
469 1420 750 1466 (metr.'l'bawil):
780 1424 806 1455 Ο
833 1425 974 1464 aquila
1000 1424 1083 1454 nidi
1112 1424 1149 1453 in
1177 1424 1273 1453 loco
1302 1418 1543 1463 Dharijjah!
1572 1424 1700 1454 nubes
1729 1426 1959 1455 matutinae

172 1485 211 1510 te
245 1482 426 1522 aquilam
467 1484 507 1514 in
541 1485 633 1515 nido
669 1485 870 1528 irrigent!
925 1487 976 1517 Ex
1013 1487 1074 1518 hoe
1108 1495 1203 1517 versu
1239 1491 1271 1516 et
1302 1495 1402 1516 versu
1430 1486 1589 1516 llamasae
1620 1486 1704 1516 illam
1731 1486 1893 1528 regionem
1921 1487 1959 1517 ab

170 1542 285 1573 avibus
312 1546 479 1583 rapacibus
506 1546 678 1578 habitatam
705 1558 780 1578 esse
807 1548 971 1590 cognosci.

989 1631 1138 1665 Lxx.

581 1695 721 1731 uixit
733 1697 982 1731 solaiman
995 1698 1035 1731 l».
1061 1698 1253 1731 Kattah
1278 1696 1560 1731 Amlawita.

273 1764 510 1798 Grammaticus
537 1769 671 1800 Albarki
698 1780 816 1801 versus
844 1770 1146 1810 Abu—l’ssaliadjo¹)
1175 1770 1370 1801 Chosaihtae
1398 1769 1577 1809 adscripsit.
1630 1771 1663 1800 ln
1698 1772 1828 1802 caedem
1856 1774 1960 1803 Alho-

172 1827 252 1857 saini
279 1828 412 1868 eiusque
438 1830 598 1861 sociorum
626 1831 702 1862 dicti
730 1833 876 1863 videntur
903 1833 1006 1863 conf.
1035 1842 1121 1862 vers.
1149 1832 1181 1862 3.
1235 1834 1327 1862 Auno
1356 1833 1396 1862 61
1431 1833 1459 1862 in
1488 1832 1557 1862 loco
1585 1833 1722 1863 Cerbela
1756 1835 1854 1864 occisi
1886 1841 1961 1865 sunt

173 1889 297 1927 (Abulf.
329 1892 411 1920 Anu.
439 1893 476 1921 T.
503 1893 525 1922 1.
557 1903 586 1932 p.
614 1893 685 1923 388
712 1894 790 1935 sq.).
844 1894 1061 1925 Abu-lxxma
1091 1896 1181 1934 plura
1208 1895 1246 1925 de
1281 1896 1405 1924 nomine
1433 1896 1595 1925 Solaiman
1623 1895 1803 1934 disputans,
1834 1897 1959 1927 Arabes

174 1959 246 1983 ante
275 1960 399 1994 tempus
426 1955 532 1985 Islami
559 1956 628 1985 suis
656 1956 715 1985 hoc
741 1965 854 1986 nomen
884 1965 943 1985 non
964 1960 1162 1996 imponentes
1189 1962 1263 1996 post
1290 1957 1364 1986 illud
1394 1961 1529 1997 tempuS,
1558 1961 1662 1986 utres
1682 1958 1762 1987 bene
1782 1959 1960 1999 evenirent,

175 2018 245 2046 suis
272 2016 495 2056 prophetarum
523 2018 648 2048 nomina
676 2018 806 2048 dedisse
834 2017 918 2048 dicit.
973 2020 1007 2048 ln
1035 2030 1134 2049 versu
1161 2020 1353 2060 Nabeghahi
1384 2030 1494 2049 nomen
1524 2020 1654 2059 reperiri
1684 2018 1790 2063 (metr.
1820 2019 1959 2064 Basith):

174 2079 264 2108 Nisi
291 2078 481 2117 Salomo,
508 2089 626 2119 quum
646 2080 757 2110 Deus
784 2081 821 2110 ei
849 2080 1061 2110 dixisset:
1091 2081 1132 2110 In
1161 2081 1381 2112 creaturis
1410 2091 1545 2122 surge
1573 2087 1614 2111 et
1641 2083 1686 2112 ab
1714 2091 1860 2113 errore
1888 2092 1960 2113 eas

175 2147 334 2183 retine!
387 2152 502 2183 Forma
529 2163 585 2184 sua
611 2154 840 2185 deminutivum
869 2156 960 2186 vocis
983 2153 1085 2201 Ula-L»-
1112 2165 1197 2185 esse.
1259 2155 1376 2186 Gentis
1409 2161 1515 2186 autem
1547 2145 1685 2200 oswi
1723 2157 1953 2187 deminutivum

176 2215 398 2254 Solaiman,
425 2216 551 2246 abiecta
577 2218 683 2256 priore
706 2218 812 2248 littera
839 2218 914 2258 Alis),
943 2217 1138 2248 formandum
1166 2227 1252 2247 esse.
1307 2218 1397 2247 Alios
1434 2223 1562 2257 praeter
1596 2221 1836 2258 grammaticum
1863 2219 1942 2249 Siba

176 2278 270 2308 waihi
298 2279 491 2319 appellatum
519 2279 794 2321 Solajjiman,
822 2281 904 2311 nulla
930 2281 1037 2311 littera
1065 2280 1207 2318 abiecta,
1241 2280 1355 2309 dicere.
1419 2280 1625 2310 Grammatici
1660 2281 1869 2310 Almobarrad
1901 2290 1961 2320 ap-

177 2342 284 2380 pellati
308 2341 392 2371 hune
419 2340 583 2371 derivandi
610 2342 732 2373 modum
759 2352 845 2373 esse.
898 2344 1024 2373 Nomen
1052 2343 1172 2373 Kattah
1199 2352 1218 2372 a
1246 2342 1354 2373 radice
1380 2344 1440 2376 ὠ
1465 2342 1621 2372 derivant.
1674 2343 1812 2372 Verbum
1833 2345 1894 2375 ω
1921 2343 1960 2373 de

176 2411 325 2432 sermone
351 2402 436 2432 haud
462 2412 541 2432 vero
569 2403 707 2434 adhiberi
737 2416 778 2435 ex
805 2404 932 2436 Rubahi
960 2406 1068 2436 verbis
1096 2407 1201 2445 (metr.
1229 2405 1357 2446 Sarih):
1386 2406 1482 2435 Dixi
1507 2410 1546 2434 et
1573 2414 1805 2434 sermonem
1833 2415 1960 2436 meum

177 2465 412 2495 mendacem
439 2475 541 2495 esse
568 2470 792 2508 putarunt,
819 2469 963 2508 probant.
1016 2469 1140 2498 Nomen
1166 2467 1294 2510 2520·le
1317 2469 1494 2499 derivatum
1514 2478 1590 2497 esse
1609 2478 1627 2498 a
1647 2477 1730 2498 voce
1742 2471 1834 2509 §50⁸²
1849 2470 1961 2509 plurali

177 2527 265 2558 vocis
290 2524 349 2557 οἱ.
400 2528 523 2558 Vocem
551 2536 656 2558 autem
675 2527 787 2569 &Ml
806 2541 922 2572 agmen
946 2531 1104 2561 hominum
1131 2531 1212 2560 inter
1238 2539 1275 2560 se
1302 2530 1492 2560 inimicitiam
1522 2532 1741 2561 exercentium
1766 2531 1959 2572 significare.

198 2620 225 2652 1)
235 2620 322 2653 Quum
333 2622 358 2646 in
369 2622 468 2646 codicis
477 2622 606 2646 Mersukii
616 2623 734 2653 margine
743 2622 809 2666 ff)
822 2618 870 2660 xii
880 2623 1022 2653 inveniam,
1033 2623 1108 2646 sicin
1121 2622 1233 2646 't'ebrisii
1244 2629 1347 2652 quoque
1357 2623 1457 2647 codiee.
1470 2622 1513 2646 ubi
1527 2628 1580 2645 vox
1593 2621 1664 2644 laesa
1675 2625 1724 2650 est,
1735 2622 1876 2652 legendum
1888 2627 1961 2653 puto.

1712 2675 1755 2706 17
