2155 2892
949 98 1191 129 -53—

195 197 226 226 2.
257 197 308 226 Ne
327 200 446 232 aulem,
475 207 492 225 ο
513 200 612 225 mater
634 194 735 225 Ausi!
757 197 908 229 tristeris,
933 205 1005 223 nam
1028 204 1113 223 naor-s
1134 203 1242 223 omnes
1255 218 1262 231 ,
1285 199 1347 224 lam
1370 197 1470 224 nudos
1490 198 1585 233 pedes
1608 197 1769 226 habentem
1791 208 1884 236 quaem
1906 200 1972 229 cal-

938 252 1057 278 ceatum
1080 249 1221 286 mllinyil.

290 320 425 350 Matrem
452 329 490 350 eo
517 318 713 356 consolatur,
745 317 827 357 quod
857 317 985 348 cuilibet
1014 318 1082 347 viro
1111 318 1302 348 moriendum
1332 319 1383 356 sit,
1412 319 1452 348 ita
1480 325 1514 350 ut
1542 322 1649 351 Ausus
1678 328 1810 354 mortem
1828 325 1972 366 effugere

190 391 251 412 uon
287 384 433 421 potuerit.
486 382 557 412 1100
589 382 729 411 Arabum
765 379 920 411 sentiendi
956 381 1068 411 rationi
1106 386 1356 411 consentaneum
1393 387 1446 412 est
1486 383 1644 420 (Meidun.
1678 385 1772 415 l'rov.
1801 386 1838 416 C.
1866 386 1885 416 l.
1915 387 1971 417 48.

190 443 271 474 284.
300 443 358 483 22,
384 443 461 474 137.
489 442 547 483 23,
574 442 656 473 202.
687 442 768 473 413.
798 442 856 483 24,
884 443 964 473 585.
993 443 1050 480 25,
1077 443 1133 473 62.
1186 443 1285 473 Poeta
1312 446 1340 474 si
1368 444 1474 486 modi,
1501 454 1562 484 quo
1591 445 1710 476 formae
1737 448 1880 479 eiusdem
1908 458 1970 478 vo-

188 515 242 536 ces
269 505 507 546 coniungendae
532 510 626 544 sunt,
659 506 783 535 omnino
817 506 970 536 rationem
999 505 1181 545 habuisset,
1214 511 1269 535 aut
1297 506 1356 544 δαὶ
1385 505 1458 546 532
1485 511 1570 553 σὺ
1595 507 1655 548 ὁὸ
1681 515 1735 538 aut
1761 510 1852 550 jab,
1885 509 1971 543 φῶ

189 567 344 605 dixisset3
370 566 440 607 sed,
466 576 557 606 quum
586 576 685 597 voces
715 567 848 597 eundem
875 576 1007 597 sensum
1034 568 1246 608 praeberent,
1284 573 1385 598 metro
1413 568 1723 609 homoioteleutoque
1758 578 1969 614 repugnante,

187 638 286 660 voces
312 628 456 660 eiusdem
483 629 603 660 formae
630 639 691 660 non
719 639 806 670 esse,
834 629 985 671 neglexit.
1024 630 1124 661 nisce
1151 635 1255 661 autem
1283 631 1392 660 verbis
1421 631 1599 670 explicandi
1627 632 1737 662 modus
1756 633 1970 676 confirmatur,

187 702 280 733 quem
306 696 338 724 in
364 693 500 723 vocibus
525 690 620 742 (Ji-b
651 698 684 724 et
709 692 818 733 omi>
847 692 1055 733 explicandis,
1084 701 1165 732 quae
1191 702 1246 731 pro
1273 688 1363 744 ὐδῌο
1393 692 1459 721 wid
1479 698 1511 722 et
1539 703 1638 732 0⁸²2>
1670 692 1736 722 wis>
1763 695 1865 725 dictae
1894 695 1968 734 sint,

184 755 382 796 grammatici
410 756 534 786 Bazrae
562 756 666 787 secuti
693 759 777 786 sunt.

184 865 215 894 3.
251 865 316 894 Pro
339 866 453 893 occisis
476 867 593 894 nostris
616 875 633 894 e
652 868 746 902 flente
768 874 882 902 agmen
901 875 1089 903 qenerosnm
1111 866 1284 894 occidimus
1307 875 1406 904 neque
1425 876 1484 903 pro
1507 868 1546 895 iis
1569 866 1708 904 dactylos
1735 865 1812 895 viles
1840 866 1968 904 palma—

965 930 1034 948 rum
1058 920 1187 948 edimus.

283 989 439 1019 Solatium
466 997 590 1028 quoque
614 989 674 1019 sibi
701 994 734 1020 et
760 989 845 1030 genti
873 997 953 1019 suae
980 987 1092 1027 adfert,
1119 988 1202 1028 quod
1229 997 1338 1018 necem
1366 998 1494 1020 suorum
1523 991 1628 1021 multis
1655 995 1687 1021 et
1713 992 1835 1031 quidem
1863 1002 1967 1033 gene—

183 1051 266 1082 rosis
294 1052 408 1082 occisis
434 1051 489 1081 ulti
520 1051 593 1081 sint.
645 1051 696 1081 Ex
722 1051 782 1081 hoc
809 1054 914 1082 autem
940 1060 1039 1081 versu
1065 1051 1225 1088 videmus,
1254 1052 1317 1081 isto
1344 1041 1486 1091 tempore
1513 1062 1574 1083 non
1602 1054 1702 1084 solum
1729 1055 1854 1084 Ausum
1880 1055 1967 1085 occi-

183 1124 255 1145 sum
282 1123 376 1151 esse;
408 1113 467 1144 sed
500 1123 607 1155 pugna
632 1118 702 1144 orta
727 1113 834 1154 plures
869 1114 1035 1153 utriusque
1069 1115 1168 1153 partis
1206 1114 1377 1145 cecidisse.
1430 1115 1478 1145 De
1504 1116 1739 1156 significatione
1765 1120 1855 1148 vocis
1881 1121 1967 1147 m

185 1188 246 1208 non
274 1178 493 1218 consentiunt3
521 1177 573 1207 alii
602 1177 714 1207 decem
740 1176 842 1217 viros,
869 1177 920 1206 alii
946 1186 965 1206 a
991 1177 1100 1207 decem
1127 1177 1165 1207 ad
1194 1177 1404 1219 quadraginta
1431 1178 1593 1220 designari
1620 1180 1737 1211 dicunt.
1790 1182 1866 1212 Vox
1884 1179 1967 1229 kalf,

182 1251 262 1282 quae
298 1241 435 1281 appositi
468 1240 571 1271 locum
606 1245 720 1270 tenere
756 1240 830 1270 mihi
862 1239 1009 1280 videtur,
1049 1240 1232 1281 generalem
1264 1242 1358 1271 vocis
1383 1245 1469 1279 34⁴2:-
1494 1252 1627 1273 sensum
1653 1245 1824 1284 specialem
1854 1246 1967 1279 reddit.

181 1303 280 1334 Poeta
305 1303 432 1342 diceus,
468 1312 531 1332 non
557 1303 660 1332 solum
688 1302 823 1340 multos,
862 1311 973 1333 verum
1001 1302 1095 1332 etiam
1123 1312 1302 1343 generosos
1330 1305 1458 1335 occisos
1489 1314 1583 1346 esse,
1616 1305 1765 1337 ultionem
1792 1308 1967 1348 perfectam

180 1375 257 1395 esse
284 1366 362 1395 vult.
414 1365 588 1395 posteriori
625 1376 742 1396 versus
771 1367 850 1405 parti
878 1366 1035 1405 duplicem
1062 1374 1194 1395 sensum
1221 1366 1362 1396 tribuunt
1395 1371 1523 1397 aut-se
1561 1367 1693 1397 edendis
1730 1368 1865 1409 dactylis
1902 1379 1963 1399 non

181 1428 225 1458 ita
251 1432 428 1467 occupatos
453 1427 567 1468 fuisse,
595 1433 629 1458 ut
655 1438 764 1458 necem
792 1438 853 1458 non
880 1429 1111 1459 ulciscerentur
1137 1433 1202 1469 aut,
1229 1438 1267 1458 se
1283 1428 1427 1469 dactylos
1456 1432 1622 1471 sanguinis
1650 1431 1752 1470 pretio
1779 1440 1842 1461 non
1867 1440 1966 1463 acce·-

180 1492 270 1530 pisse
297 1491 349 1520 vel
377 1493 496 1531 potius,
523 1500 560 1521 se
590 1492 728 1522 camelos
763 1492 929 1533 sanguinis
958 1492 1059 1530 pretio
1094 1500 1155 1521 non
1188 1494 1371 1532 accepisse,
1398 1497 1433 1522 ut
1468 1491 1614 1531 dactylos
1646 1493 1740 1523 simul
1775 1502 1844 1524 cum
1881 1494 1966 1525 lacte

183 1552 327 1592 ederent,
354 1552 560 1592 Thajjitarum
586 1553 669 1583 euim
695 1554 785 1594 regio
814 1553 925 1593 palmis
941 1554 1096 1593 abundat3
1124 1554 1233 1584 cameli
1250 1559 1355 1583 autem
1375 1554 1541 1595 sanguinis
1561 1555 1663 1594 pretio
1683 1555 1808 1586 dantur.
1839 1556 1965 1597 Dacty-

183 1615 280 1645 lorum
307 1616 542 1654 vilissimorum,
569 1617 620 1655 qui
646 1625 730 1646 voce
756 1623 868 1648 am>
894 1615 1113 1656 designantur,
1139 1616 1329 1645 mentionem
1359 1615 1444 1656 fecit,
1475 1620 1509 1646 ut
1535 1626 1573 1646 se
1599 1625 1670 1646 eum
1699 1617 1821 1659 cibum,
1859 1618 1887 1647 si
1913 1618 1963 1648 ul-

180 1676 274 1705 tiouis
301 1676 439 1707 osticium
466 1677 653 1717 implendum
679 1678 734 1717 sit,
769 1678 860 1717 parvi
899 1678 1006 1708 iacere
1038 1678 1234 1708 ostenderet.
1290 1679 1345 1708 Sic
1384 1684 1479 1718 poeta
1515 1679 1544 1709 in
1584 1689 1684 1710 versu
1721 1686 1879 1721 sequente
1905 1690 1962 1711 ca-

179 1739 279 1769 melos
306 1740 473 1780 iuvencos,
502 1741 554 1780 qui
581 1740 746 1781 sanguinis
773 1741 875 1779 pretio
903 1750 964 1770 non
991 1741 1124 1777 dantur,
1152 1741 1325 1780 despectus
1352 1751 1432 1782 ergo
1460 1742 1633 1781 appellavit
1660 1743 1769 1781 (metr.
1796 1743 1960 1781 Thau-in:

180 1796 284 1837 „ma
310 1806 418 1831 ωψω
445 1813 519 1838 W
546 1799 573 1838 ὅ
598 1802 686 1845 “5233
715 1799 799 1845 ³52¹>
826 1798 875 1830 3¹35
904 1807 1002 1842 „pa
1029 1797 1153 1843 39&ka
1179 1799 1214 1844 ὅ,
1260 1804 1320 1833 Ne
1359 1804 1404 1833 ab
1437 1804 1492 1833 iis
1530 1806 1718 1835 camelos
1754 1806 1961 1836 iuvencos

178 1864 423 1903 accipiatis,
470 1863 559 1893 dum
593 1864 633 1892 in
669 1864 904 1903 sepulchro
938 1865 1022 1894 loci
1054 1866 1228 1896 Zalidah
1264 1867 1443 1896 obscuro
1482 1867 1663 1897 relictus
1696 1867 1817 1907 est').
1886 1869 1961 1899 Vox

176 1923 284 1962 βαι-Η
310 1924 537 1964 quodammodo
565 1926 732 1965 superflua
757 1925 994 1958 homoioteleuti
1022 1938 1121 1959 causa
1147 1928 1254 1958 addita
1279 1935 1340 1959 est.

177 2050 208 2078 4.
233 2049 308 2078 ,vm
329 2049 475 2077 solatium
497 2053 590 2088 esset,
611 2059 651 2079 ne
672 2059 766 2079 unam
790 2050 911 2088 quidem
940 2050 1050 2078 horam
1073 2052 1155 2078 inter
1177 2050 1318 2079 homines
1346 2052 1498 2089 riverem5
1526 2052 1585 2080 sed
1609 2054 1857 2091 quotiescunque
1883 2054 1959 2089 volo,

770 2104 888 2133 similes
909 2104 988 2133 milei
1008 2101 1139 2144 (luctu)
1161 2106 1361 2142 respondent.

274 2172 415 2206 Maxima
441 2176 620 2206 calamitate
645 2176 809 2208 adflictum
837 2187 874 2207 se
901 2187 977 2208 esse
1002 2178 1061 2208 illis
1081 2178 1225 2218 mortuis,
1254 2183 1286 2208 ut
1307 2178 1338 2208 in
1356 2178 1441 2207 vivis
1461 2187 1622 2208 remanere
1639 2179 1749 2220 nollet,
1769 2180 1957 2222 confitetur3

175 2243 313 2268 attamen
340 2248 418 2268 vero
447 2239 476 2267 in
503 2247 553 2278 eo,
580 2239 662 2278 quod
689 2246 751 2270 tam
779 2240 868 2271 multi
896 2250 958 2270 non
984 2241 1104 2271 minore
1130 2241 1309 2271 calamitate
1336 2241 1440 2280 pressi
1465 2241 1541 2282 sint,
1569 2243 1718 2273 solatium
1745 2243 1843 2273 videt.
1871 2243 1958 2274 Idem

175 2309 292 2330 versus
319 2301 409 2330 llam.
438 2310 467 2340 p.
496 2301 546 2331 ΗἹ
573 2302 713 2333 occurrit.
766 2303 844 2333 Post
870 2313 982 2334 vocem
1008 2301 1100 2351 §.n-”53
1136 2303 1278 2343 suppleri
1311 2308 1420 2343 potest
1446 2313 1512 2334 vox
1536 2303 1618 2351 fiko,
1655 2314 1734 2344 quae
1767 2305 1840 2335 voci
1865 2301 1956 2352 6,.ὕῖ

136 2355 140 2359 ’
175 2362 356 2402 praedicato
384 2368 435 2393 est
462 2368 494 2394 et
520 2364 621 2394 verba
647 2363 785 2398 Mla
801 2367 991 2396 sententiam
1019 2371 1268 2405 consequentem
1294 2367 1460 2396 verborum
1488 2364 1552 2407 355
1580 2366 1733 2397 efficiunt.
1760 2368 1849 2397 Loco
1865 2369 1956 2399 vocis

173 2425 253 2453 ἰι-εἱ,-
287 2424 349 2466 legi
385 2435 507 2465 quoque
545 2430 625 2463 υ-λιιρ
653 2426 744 2466 (post
771 2429 860 2468 eum)
897 2429 916 2458 i.
944 2438 972 2458 e.
1011 2438 1050 2458 eo
1085 2434 1205 2459 mortuo
1241 2439 1282 2459 ex
1316 2429 1438 2459 scholio
1474 2429 1493 2458 l.
1525 2429 1552 2458 1.
1582 2429 1815 2469 cognoscimus.
1866 2430 1956 2461 Loco

192 2533 224 2564 ¹)
243 2534 346 2557 Arabes
365 2534 466 2558 ultione
485 2535 582 2558 omissa
600 2535 679 2558 occisi
697 2536 846 2565 sepulcrum
865 2537 1005 2562 obscurum
1024 2544 1084 2562 esse
1103 2538 1245 2568 putabant,
1265 2537 1409 2561 ulciscendi
1429 2536 1518 2560 officio
1537 2536 1645 2566 impleto
1664 2540 1751 2561 autem
1771 2537 1795 2562 id
1813 2539 1955 2569 splendere

241 2579 363 2602 dicebaut
380 2579 451 2603 cons.
471 2579 613 2603 Schultens
631 2579 663 2602 ad
681 2580 807 2609 lzpahan.
826 2587 850 2611 p.
872 2581 914 2607 le.
