2155 2892
926 120 1171 151 -44-

163 230 288 261 modum
315 227 507 258 scholiastes
533 225 563 254 in
600 225 755 265 voce-,25
781 222 932 253 adhibuit.
984 222 1069 252 Dicit
1095 230 1171 251 esse
1197 220 1350 260 pluralem
1377 222 1466 250 vocis
1493 222 1568 262 25³⁵>
1604 222 1695 251 cuius
1731 222 1825 252 tertia
1857 221 1944 252 radi-

162 292 239 323 calis
267 292 371 320 littera
401 302 438 328 ὁ
471 287 524 318 sit.
589 287 744 317 Pluralem
781 286 874 316 modo
908 284 1040 315 nominis
1077 283 1211 313 actionis
1245 285 1308 323 {3315
1342 282 1508 312 formatum
1546 291 1632 311 esse.
1692 282 1799 322 Saepe
1836 288 1944 314 autem

160 365 254 394 quum
281 352 463 389 accidisset,
492 354 527 380 ut
553 350 674 379 formae
697 358 768 379 cum
795 348 903 378 littera
925 364 944 387 2
970 346 1001 376 in
1028 346 1148 376 formas
1174 356 1245 376 cum
1272 345 1377 375 littera
1403 358 1440 384 ὁ
1468 345 1729 385 transferrentur,
1757 345 1817 384 ipsi
1840 345 1941 375 videri

162 416 286 447 Arabes
314 412 557 445 transformandi
583 412 708 442 modum
735 411 763 440 in
790 410 907 448 verbis,
935 409 1047 448 quibus
1066 409 1170 439 littera
1188 407 1291 447 ὁείῐ,
1319 407 1455 436 imitatos
1476 415 1557 436 esse.
1599 406 1758 436 Particula
1786 410 1890 437 autem
1914 424 1943 446 2,

161 488 243 519 quae
269 476 530 519 significationem
556 474 646 504 vocis
673 485 719 518 ψ)
746 472 863 510 habet,
903 480 1002 501 causa
1042 475 1112 510 est,
1154 480 1209 501 cur
1241 470 1314 500 voci
1333 472 1390 510 >²5
1417 479 1513 500 casus
1543 470 1706 510 genitivus
1734 469 1871 499 tributus
1899 470 1942 500 sit

164 539 289 581 (conf.
319 538 429 570 Gram.
458 538 515 568 Ar.
542 538 579 567 T.
605 537 626 569 Ι,
654 546 682 575 p.
712 535 825 573 555.).
877 533 1080 563 Scholiastes
1107 532 1203 571 dixit,
1239 532 1312 562 huie
1350 531 1423 561 voci
1457 542 1506 577 ῳ)
1541 532 1674 562 eandem
1694 541 1781 562 -esse
1817 532 1946 571 phrasin

163 604 420 641 consequentem,
448 609 529 640 quae
556 597 765 629 coniunctioni
793 593 833 624 idi
863 596 917 637 sit,
943 596 1068 626 scilicet
1093 596 1226 626 verbum
1244 593 1339 637 :b-

163 712 214 742 15.
239 710 378 747 Quorum
400 711 532 748 quisque
546 708 722 746 pervadens
733 707 839 744 yladio
853 708 981 734 secante
995 706 1119 733 cinctus
1131 707 1208 738 erat,
1231 704 1378 742 fulminis
1390 703 1514 743 fulyori
1532 704 1629 733 simili
1643 713 1737 742 quum
1753 704 1948 737 extrahitur,

262 793 370 822 Hosce
396 792 497 829 viros,
524 790 596 820 dum
624 790 703 819 bene
730 792 869 818 armatos
897 795 952 816 eos
978 785 1145 825 describit,
1184 789 1341 814 mortuum
1376 785 1468 815 laude
1505 790 1611 825 ornat3
1652 785 1703 825 qui
1745 787 1826 815 enim
1864 785 1946 815 tales

164 855 300 885 iuvenes
328 852 427 883 caede
453 851 591 891 adflixit,
619 851 812 880 fortissimus
840 847 1001 877 habendus
1027 852 1088 877 est.
1141 847 1280 886 Saepius
1307 847 1337 876 in
1365 847 1507 877 Hamasa
1533 847 1632 877 fortes
1658 848 1717 877 viri
1745 857 1814 878 cum
1842 847 1947 888 gladio

166 921 386 957 comparantur
411 914 514 945 conf.
543 915 701 943 Hamas.
717 921 747 951 p.
765 912 799 941 iri
818 920 846 950 p.
863 911 907 940 ΙΨἺ
925 919 957 942 v.
978 910 1009 940 6.
1061 910 1104 939 Ut
1130 912 1160 940 in
1188 914 1298 939 nostro
1327 910 1396 939 loco
1423 909 1522 950 gladii
1547 909 1698 949 splendor
1724 919 1792 940 cum
1821 909 1947 951 fulgure

166 979 337 1015 confertur,
367 980 414 1008 sic
439 978 469 1007 in
495 977 565 1007 loco
590 977 683 1007 Ham.
711 985 741 1014 p.
770 976 810 1005 lhv
838 983 869 1004 v.
900 973 930 1003 1.
967 981 1038 1002 cum
1071 971 1198 1002 flamma
1234 971 1375 1004 ardente.
1446 972 1522 1002 Vox
1555 970 1626 1010 Qvi-0
1653 971 1869 1011 (pervadens)
1897 977 1949 1002 est

167 1052 223 1082 pro
250 1039 320 1080 &ola
344 1052 433 1078 μω
460 1049 545 1070 more
575 1044 740 1079 poetarum
767 1037 971 1067 substantivo
1000 1035 1130 1065 omisso.
1183 1035 1283 1065 Poeta
1299 1035 1370 1064 lusu
1386 1034 1522 1074 quodam
1539 1035 1709 1064 verborum
1727 1039 1819 1065 utens
1835 1044 1947 1065 vocem

166 1103 235 1142 Ovi..
263 1108 329 1133 tum
356 1103 386 1132 in
412 1103 524 1138 virum,
552 1107 616 1131 tum
643 1101 671 1129 in
688 1099 824 1140 gladium
839 1102 1055 1137 penetrantem
1070 1098 1150 1127 bene
1164 1097 1315 1127 adhibuit.
1344 1097 1393 1127 De
1408 1097 1511 1137 gladio
1527 1099 1607 1128 enim
1622 1098 1736 1128 dicitur
1751 1086 1825 1128 035
1840 1097 1948 1144 ύωὶι.

167 1164 371 1204 Comparatio
399 1173 466 1194 cum
493 1163 598 1204 gladio
626 1165 758 1192 secante
784 1159 918 1198 indicat,
959 1160 1093 1189 iuvenes
1122 1159 1224 1190 fuisse
1252 1160 1464 1201 fortissimos,
1502 1162 1553 1200 qui
1580 1171 1683 1192 rerum
1711 1161 1951 1191 difficultatibus

167 1236 227 1256 non
253 1226 397 1257 deterriti
423 1235 551 1264 semper
579 1223 814 1264 pervaderent,
854 1221 1114 1261 quemadmodum
1142 1223 1268 1263 gladius
1295 1233 1411 1254 secans
1438 1233 1516 1254 ossa
1543 1223 1621 1254 dura
1640 1224 1787 1263 percutit.
1841 1225 1950 1253 Lusus

169 1288 294 1328 quidam
320 1288 351 1318 in
377 1289 485 1318 verbis
513 1296 631 1317 versus
659 1286 773 1316 nemini
801 1295 861 1315 non
890 1285 1064 1324 apparebit.
1118 1285 1210 1324 Quod
1238 1295 1317 1315 vero
1344 1291 1440 1326 poeta
1467 1286 1566 1316 verbo
1592 1289 1679 1330 k5052·
1706 1295 1785 1316 usus
1820 1290 1889 1326 est,
1921 1286 1950 1315 in

170 1361 208 1381 eo
236 1351 429 1391 comparatio
458 1351 554 1392 gladii
580 1360 650 1381 cum
678 1350 867 1380 vestimento
894 1348 984 1388 latet,
1023 1356 1104 1386 quae
1131 1348 1324 1386 comparatio
1352 1347 1381 1377 in
1409 1348 1510 1387 ipsam
1537 1347 1674 1388 linguam
1702 1348 1870 1378 transiisse
1898 1349 1950 1377 vi-

170 1414 276 1455 detur,
301 1419 336 1445 ut
365 1415 434 1454 ipse
460 1413 587 1455 gladius
617 1412 743 1453 pallium
770 1410 831 1457 xio)
858 1416 890 1441 et
918 1406 1019 1443 gil-[22
1045 1409 1230 1450 appelletur.

171 1524 224 1554 16.
250 1524 406 1554 Ultionem
429 1525 463 1552 in
484 1532 537 1552 eos
559 1523 758 1556 obtinuimus,
784 1524 819 1550 ul
842 1530 885 1549 ez·
906 1520 1029 1549 duabus
1049 1520 1196 1557 qentz‘hus
1219 1521 1348 1548 nonnisi
1366 1522 1521 1558 perpauci
1542 1522 1715 1550 evaderent.

170 1591 221 1622 17.
244 1590 354 1621 Somni
374 1590 493 1620 halitus
516 1590 694 1625 (luseram,-
717 1589 776 1618 sed
795 1598 890 1627 quum
913 1590 1015 1624 capite
1030 1590 1205 1623 nutassent,
1231 1591 1350 1617 terrore
1365 1598 1417 1617 eos
1432 1589 1607 1625 implevisti,
1632 1592 1668 1618 ut
1686 1589 1950 1626 ‹lc'speryerentun

270 1660 379 1689 Priore
405 1669 504 1689 versu
533 1668 649 1699 magna
676 1658 776 1688 caede
810 1667 866 1687 eos
900 1657 1047 1687 adflictos
1082 1666 1159 1686 esse
1189 1661 1316 1697 narrat,
1351 1659 1381 1687 in
1409 1658 1587 1697 posteriore
1614 1662 1738 1697 tempus
1766 1657 1953 1697 modumque

170 1724 215 1754 rei
243 1729 357 1765 gestae
383 1723 565 1753 accuratius
593 1721 718 1752 indicat.
771 1722 895 1751 Hostes
923 1730 1017 1759 quum
1044 1729 1100 1759 per
1127 1719 1188 1749 diei
1216 1723 1338 1759 partem
1366 1724 1554 1758 noctemque
1581 1720 1639 1750 iter
1666 1704 1829 1757 fecissent,
1863 1730 1952 1750 mane

171 1795 371 1824 summopere
398 1785 518 1824 fatigati
549 1784 645 1823 quieti
665 1793 702 1813 se
721 1783 884 1813 dederant.
937 1783 1004 1812 Isto
1024 1786 1179 1822 tempore,
1208 1790 1268 1820 quo
1288 1782 1324 1812 iis
1344 1791 1477 1811 somnus
1498 1782 1553 1811 vix
1574 1782 1774 1823 obrepserat,
1803 1792 1821 1812 e
1840 1792 1951 1812 somno

172 1848 393 1878 excitabantur
420 1847 458 1876 ab
486 1846 718 1877 invadentibus
771 1846 924 1875 Somnum
952 1854 1022 1874 cum
1052 1850 1127 1884 potu
1155 1853 1343 1883 comparans
1371 1845 1470 1874 verbo
1487 1842 1610 1885 &wi
1630 1842 1847 1887 (sorpserunt)
1874 1854 1953 1874 usus

172 1915 231 1940 est..
283 1911 387 1939 Huius
415 1909 656 1949 comparationis
684 1917 779 1938 causa
806 1911 835 1937 in
861 1917 898 1937 eo
927 1908 1068 1937 fortasse
1094 1907 1264 1946 invenitur,
1293 1906 1375 1945 quod
1404 1906 1562 1936 rhonchos
1591 1907 1711 1936 ducens
1740 1907 1881 1937 sorbenti
1908 1907 1952 1937 si-

171 1972 275 2013 milem
297 1981 409 2002 sonum
437 1972 511 2002 edit.
565 1973 653 2001 Bene
680 1980 802 2010 quoque
830 1975 924 2009 poeta
951 1967 1045 2010 Uatini
1074 1969 1209 2007 (halitus
1239 1968 1358 2003 somni]
1386 1967 1474 2005 dixit,
1502 1967 1801 2017 quippeldormiens
1835 1967 1952 1997 halitus

171 2035 201 2065 in
228 2045 265 2065 se
292 2035 443 2065 demittat.
494 2036 529 2064 In
556 2024 659 2074 priore
685 2043 784 2063 versu
812 2030 853 2063 m
882 2036 932 2062 est
960 2041 1015 2072 pro
1047 2029 1097 2076 ρΣ
1151 2031 1206 2060 Sic
1235 2039 1359 2068 quoque
1387 2031 1479 2059 Ham.
1507 2039 1535 2069 p.
1566 2029 1690 2058 iwxinfr.
1718 2034 1749 2059 et
1764 2039 1793 2068 p.
1810 2030 1854 2059 rr]
1872 2040 1902 2059 v.
1923 2030 1950 2059 1.

171 2110 287 2152 legitur
314 2115 346 2140 et
375 2120 404 2149 p.
434 2112 465 2139 Μ
493 2119 523 2138 v.
553 2109 581 2139 l.
615 2096 648 2136 [oi
675 2118 730 2148 pro
756 2107 795 2153 Oi
834 2112 896 2137 est.
954 2107 1024 2137 Nec
1059 2114 1121 2135 non
1158 2115 1255 2150 044>
1282 2108 1327 2141 ὼε
1358 2109 1409 2134 est
1443 2113 1499 2143 pro
1525 2092 1631 2149 (yffi-{i
1659 2118 1701 2142 U·
1736 2104 1828 2134 simili
1861 2104 1952 2134 modo

173 2174 266 2203 Ham.
293 2182 323 2212 p.
352 2173 413 2201 Νὴ
440 2182 471 2201 v.
500 2172 532 2201 2.
559 2168 662 2209 Ab&
690 2180 745 2210 pro
773 2167 888 2208 Atlio»-
917 2169 1033 2199 dictum
1061 2168 1128 2198 fuit.
1181 2167 1214 2196 ln
1242 2167 1416 2205 posteriore
1443 2176 1541 2196 versu
1559 2175 1642 2196 voce
1661 2165 1748 2207 [ἥρ
1766 2166 1951 2206 (nutarunt)

172 2240 268 2275 poeta
294 2236 419 2274 indicat,
448 2235 593 2264 hostibus
622 2234 755 2263 nondum
785 2232 937 2272 profundo
963 2240 1075 2261 somno
1095 2229 1217 2259 obrutis
1245 2229 1346 2258 somni
1375 2229 1492 2258 initium
1513 2228 1626 2258 fuisse.
1679 2227 1744 2258 Sed
1771 2227 1840 2257 loco
1858 2228 1951 2258 huius

172 2299 263 2328 vocis
291 2298 321 2327 in
349 2297 504 2327 Mersukii
532 2296 639 2325 codice
667 2293 741 2335 ⁸314}
768 2292 859 2337 (ebrii
884 2293 960 2323 faeti
996 2293 1101 2329 erant)
1136 2292 1263 2333 legitur.
1327 2292 1462 2322 Silentio
1500 2296 1607 2321 autem
1640 2290 1952 2330 praetermittendum

173 2370 233 2390 non
261 2366 322 2401 est,
349 2360 379 2390 in
409 2360 562 2390 Mersukii
590 2358 699 2388 codice
726 2358 860 2396 priorem
888 2365 1016 2385 versum
1042 2363 1105 2384 non
1130 2354 1190 2394 legi
1218 2359 1249 2384 et
1275 2353 1345 2383 hinc
1372 2352 1490 2382 factum
1517 2352 1664 2392 videtur,
1704 2356 1738 2381 ut
1766 2352 1951 2382 Mersukius

174 2424 321 2452 versibus
338 2424 410 2463 jib,
439 2427 500 2453 etc.
528 2420 750 2460 incipientibus
784 2420 908 2447 omnino
946 2416 1108 2446 diversum
1145 2416 1298 2445 tribueret
1333 2424 1476 2448 sensum.
1530 2414 1706 2444 'Mersukio
1741 2414 1853 2444 hostes
1890 2423 1950 2443 non

173 2483 413 2524 significantur3
451 2482 509 2513 sed
536 2485 630 2522 poeta
659 2481 738 2520 iter,
765 2479 847 2519 quod
874 2486 946 2507 cum
972 2488 1032 2508 sua
1058 2481 1153 2519 gente
1183 2478 1312 2508 occisus
1341 2476 1480 2513 fecerat,
1509 2476 1658 2506 describit
1684 2480 1714 2506 et
1743 2476 1837 2506 talem
1866 2475 1948 2515 eius,

174 2546 227 2585 qui
254 2547 399 2584 princeps
426 2548 533 2585 esset,
573 2545 652 2573 inter
688 2550 765 2572 suos
803 2540 990 2571 auctoritate
1023 2539 1125 2570 fuisse
1160 2539 1255 2580 dicit,
1294 2543 1340 2580 ut,
1368 2548 1554 2578 quamquam
1582 2536 1674 2567 modo
1701 2536 1795 2576 quieti
1824 2545 1861 2565 se
1889 2535 1947 2565 de-

174 2608 308 2648 dissent,
335 2611 438 2637 tamen
462 2607 514 2636 illo
535 2606 692 2636 excitante
718 2604 757 2633 ad
787 2604 846 2633 iter
872 2603 1112 2634 continuandum
1139 2607 1268 2642 paratos
1296 2611 1334 2631 se
1361 2601 1577 2631 ostenderent.
