2155 2892
870 172 1141 204 -535—

107 282 238 318 praeter
264 286 392 308 uxores.
448 277 503 308 Sic
530 282 655 317 poetam
683 275 869 315 Djobnihnm
898 275 1138 315 Ascluljiiihtam
1171 275 1328 314 hospitem
1355 275 1571 314 descripsisse
1599 276 1708 311 (metr.
1737 275 1898 313 'I'huwil):

111 341 158 371 Et
186 341 287 371 dixi:
315 342 407 371 vita
435 340 619 371 iucunda
645 339 817 378 fruere,
848 348 932 368 nam
961 338 1126 376 hospiti
1153 336 1258 376 apud
1289 347 1362 366 nos
1392 338 1632 368 ‹lovers-ato
1674 338 1789 368 nullu
1826 347 1897 367 res

112 402 323 443 denegata
352 407 421 433 est
448 406 625 442 praeter
651 401 897 432 feminarum
926 401 1125 431 nobilium
1152 395 1317 430 a'rcem!

929 497 1066 530 ΪΙΙΙ.
1681 497 1741 538 (Ι).
1766 498 1898 538 693.)

854 562 997 596 Alius
1026 561 1163 595 «lixit.

185 633 254 662 Nos
276 635 358 662 inter
387 632 485 662 sellas
508 635 634 661 nostras
667 633 709 661 ml
736 632 886 669 hospitem
909 633 1103 666 acci-dimus,
1137 632 1210 660 dum
1245 641 1331 661 unus
1352 631 1495 659 nostram
1518 634 1599 659 reste
1620 641 1690 659 enm
1715 634 1797 668 teyit,
1823 632 1902 660 aller

113 633 142 661 1.

913 695 983 714 eum
1015 688 1106 722 sopit.

115 743 146 771 2.
189 741 376 779 Inlelliqens
398 752 415 771 e
436 742 524 770 nobis
545 751 621 778 erqo
644 741 795 779 hospitem
816 743 1012 778 iynoranlem
1032 751 1066 769 se
1087 741 1218 769 sinnida!
1235 745 1265 770 et
1283 743 1436 780 iynorans
1458 741 1640 777 inlelliqens
1662 745 1719 777 est,
1732 745 1766 770 ul
1787 752 1903 771 noxam

924 797 992 823 eius
1014 797 1114 824 eriles.

166 887 167 890 η
214 863 345 901 Curam,
371 874 460 904 quam
487 865 516 894 in
544 863 670 903 hospite
698 863 864 894 tractando
892 863 1053 901 adhihent,
1081 863 1242 896 describit.
1294 863 1461 903 Hospitem
1491 865 1560 893 cibo
1589 865 1736 893 satiatum
1763 863 1792 892 in
1820 864 1906 894 lecto

117 925 198 956 iuter
233 926 331 955 sellas
369 931 491 965 parato,
529 935 569 955 ne
597 925 698 966 frigus
726 925 827 954 noctis
855 928 984 962 sentiat,
1023 925 1157 954 amiculo
1187 925 1344 955 exteriore
1372 931 1518 965 tanquam
1555 925 1656 955 lodice
1683 934 1765 954 unus
1795 925 1908 965 operit,

117 988 190 1019 dum
218 989 296 1019 alter
323 999 466 1019 sermone
492 998 637 1019 somnum
666 988 814 1018 inducere
841 989 960 1018 studet.
989 988 1193 1018 InMersukii
1221 987 1328 1018 codice
1344 982 1368 1015 bt
1389 988 1501 1027 copulat
1529 987 1647 1017 omissa
1670 988 1797 1027 legitur.
1826 989 1909 1018 Ante

118 1060 232 1082 vocem
260 1063 332 1096 pu»
360 1061 425 1081 vox
453 1048 499 1080 bia
526 1052 645 1081 omissa
675 1056 736 1081 est.
764 1051 903 1080 Similem
930 1060 1059 1080 sensum
1087 1059 1273 1089 expressum
1304 1050 1481 1079 invenimus
1511 1050 1602 1078 [lain.
1631 1059 1674 1077 vo·
1701 1059 1733 1078 v.
1767 1050 1794 1079 1.
1827 1050 1859 1079 2.

233 1114 426 1143 Posterioris
462 1123 579 1143 versus
616 1122 734 1142 sensus
770 1113 841 1142 talis
870 1116 941 1143 est:
981 1112 1017 1142 Si
1054 1113 1174 1152 hospes
1212 1113 1440 1153 intelligentem
1468 1122 1486 1141 e
1513 1112 1621 1152 gentis
1650 1120 1778 1141 numero
1807 1111 1910 1150 aliquo

120 1174 213 1205 modo
241 1176 388 1213 laeserit,
415 1175 515 1215 ipsum
550 1185 613 1205 rem
640 1174 724 1205 haud
753 1174 873 1204 sentire
900 1178 932 1203 et
960 1176 1109 1214 ignorare
1137 1176 1189 1214 ita,
1220 1179 1253 1205 ut
1279 1175 1454 1215 ignorantis
1482 1174 1618 1212 speciem
1647 1182 1722 1212 prae
1749 1183 1786 1202 se
1821 1173 1913 1213 serat,

121 1237 184 1267 etsi
218 1237 401 1278 intelligens
437 1238 493 1276 sit;
520 1240 719 1278 ignorantem
747 1241 853 1267 antem
880 1246 917 1267 se
944 1239 997 1268 tali
1021 1238 1112 1267 modo
1132 1248 1212 1279 erga
1237 1237 1396 1277 hospitem
1423 1246 1551 1278 gerere,
1574 1240 1607 1266 ut
1634 1240 1804 1275 propterea
1831 1236 1914 1274 quod

126 1309 199 1330 eum
225 1299 353 1330 laedere
380 1299 550 1339 prudenter
576 1301 690 1339 evitet,
717 1300 900 1341 intelligens
927 1300 1034 1331 haberi
1061 1303 1175 1340 possit.

978 1408 1056 1441 IX.

741 1474 850 1508 Ebu
867 1490 888 1500 -
903 1473 1135 1507 Hau-mah
1169 1471 1305 1505 «lixit.

953 1535 1000 1573 (p.
1030 1534 1103 1573 000-

129 1607 157 1636 1.
204 1606 346 1636 Tentoria
367 1615 433 1635 meo
453 1608 519 1645 fixo
541 1608 672 1644 eiusque
694 1606 842 1635 vestibulo
864 1607 945 1634 viam
967 1608 1034 1642 leyo
1057 1608 1088 1633 et
1108 1605 1210 1633 locum
1233 1603 1359 1633 collium
1376 1603 1492 1631 editum
1513 1611 1630 1639 occupo
1653 1602 1754 1639 ibique
1775 1601 1920 1632 subsisto.

229 1674 390 1706 Generosi
417 1675 499 1705 inter
524 1675 662 1715 Arabes,
689 1675 753 1716 qui,
773 1679 804 1705 ut
829 1674 1057 1714 hospitalitatis
1088 1673 1201 1704 oslieiis
1228 1671 1466 1712 satisfacerent,
1493 1680 1619 1710 operam
1648 1670 1775 1710 dabant,
1791 1669 1820 1698 in
1842 1669 1922 1698 locis

132 1747 151 1767 a
187 1737 241 1766 via
274 1736 357 1766 haud
389 1737 518 1766 remotis
552 1741 585 1766 et
612 1737 641 1765 in
668 1736 746 1766 locis
773 1736 885 1774 editis,
923 1740 956 1765 ut
992 1746 1009 1765 e
1036 1736 1206 1776 longinquo
1234 1735 1346 1764 domus
1373 1734 1649 1773 conspicerentur,
1679 1731 1775 1762 sedes
1803 1732 1922 1761 habere

135 1799 289 1829 solebant.
317 1798 452 1838 Legitur
471 1806 610 1836 quoque:
637 1804 664 1837 ὦ·
685 1794 702 1825 ‘l
728 1796 822 1837 μδ
842 1807 940 1828 sensu
960 1798 1042 1828 haud
1073 1798 1200 1828 multum
1221 1797 1361 1827 diversa
1390 1796 1465 1826 vox
1481 1806 1529 1824 ω
1545 1796 1712 1825 tentorium
1741 1804 1759 1823 e
1787 1794 1922 1833 pellibus

134 1864 350 1891 constructum
379 1858 548 1899 significat.
611 1858 689 1889 Cum
716 1859 776 1890 hoc
805 1865 899 1899 poeta
924 1870 1002 1900 rem,
1030 1870 1112 1900 quae
1139 1859 1216 1902 αὖ),
1243 1858 1432 1898 appellatur,
1461 1857 1635 1887 coniunxit.
1688 1857 1736 1885 De
1774 1858 1927 1885 accurata

133 1922 225 1952 vocis
252 1920 486 1961 significatione
513 1920 732 1960 lexicographi
759 1920 843 1951 haud
872 1922 1082 1951 consentiunt.
1108 1922 1195 1950 Fieri
1222 1924 1340 1960 potest,
1359 1925 1392 1950 ut
1419 1925 1513 1959 poeta
1541 1929 1615 1956 rein,
1641 1928 1722 1958 qnae
1750 1927 1819 1948 cum
1837 1917 1927 1946 aedi-

137 1983 217 2013 ficiis
244 1983 273 2011 in
300 1981 423 2021 oppidis
458 1984 623 2011 coniuncta
653 1986 751 2022 esset,
772 1991 842 2012 cum
871 1983 1006 2012 tentorio
1035 1983 1231 2012 coniunxerit
1260 1986 1314 2011 aut
1342 1981 1522 2018 tentorium,
1548 1981 1639 2019 quale
1666 1980 1799 2009 divitum
1827 1982 1927 2019 esset,

139 2044 355 2084 designaverit
383 2048 437 2073 aut
464 2042 600 2083 denique
627 2043 699 2073 voci
726 2044 787 2072 alia
816 2043 1006 2084 significatio
1036 2043 1200 2073 tribuenda
1227 2048 1287 2072 est.
1317 2043 1503 2072 Mersukius
1531 2041 1628 2071 dixit:
1655 2038 1824 2082 &fik-31³:
1850 2040 1928 2081 ἐρ’,

141 2104 253 2146 [ῥὶς-κ
279 2107 345 2154 ἑὲ),
374 2102 459 2150 ngij)
484 2107 536 2133 Ouo
561 2106 623 2146 0⁵3>
667 2110 721 2135 »et
749 2106 919 2135 tentorium
946 2106 975 2135 in
1003 2106 1041 2135 iis
1065 2111 1217 2143 exstruo,
1246 2108 1336 2135 cuius
1364 2105 1469 2135 velum
1497 2105 1558 2134 iam
1586 2109 1757 2134 extensum
1785 2109 1818 2134 et
1844 2108 1931 2134 tecta

139 2169 224 2199 elata
246 2172 356 2197 sunt«.
409 2167 543 2197 Videtur
569 2168 666 2208 igitur
691 2167 764 2197 voci
791 2167 866 2208 veli,
904 2167 988 2207 quod
1017 2167 1098 2197 intra
1127 2171 1247 2196 tectum
1275 2166 1467 2206 extenditur,
1496 2165 1765 2207 significationem
1793 2164 1930 2204 dedisse,

141 2231 191 2259 cui
217 2229 344 2258 obstare
371 2227 509 2268 videtur,
537 2227 618 2267 quod
645 2229 749 2258 velum
776 2228 858 2258 intra
885 2231 1001 2258 tectum
1028 2228 1149 2258 eminus
1177 2227 1260 2259 haud
1288 2228 1494 2267 conspicitur.

142 2326 176 2355 2.
225 2325 291 2360 Vir,
318 2326 373 2363 qui
393 2326 474 2353 ciam
495 2327 589 2362 quasi
608 2327 734 2356 Iemerii
753 2326 808 2353 sui
821 2326 919 2364 sternes
937 2327 1017 2364 fecit
1037 2329 1067 2354 e!
1087 2327 1218 2364 officium
1238 2335 1330 2354 suum
1352 2334 1414 2354 non
1438 2327 1571 2362 aynoril,
1596 2324 1666 2353 rilis
1685 2327 1742 2353 esl.

254 2392 316 2430 Qui
349 2392 379 2421 in
414 2392 467 2422 via
502 2393 668 2423 tentorium
695 2393 818 2434 figens,
846 2399 881 2424 ut
906 2394 1045 2424 liberalis
1072 2393 1238 2432 habeatur,
1278 2393 1505 2432 hospitalitatis
1533 2392 1639 2421 officia
1666 2391 1812 2432 negligit,
1841 2390 1935 2420 vilem

145 2455 322 2485 habendum
350 2464 426 2484 esse
453 2454 539 2484 dicit.
570 2455 671 2485 Hisce
697 2457 818 2496 verbis,
838 2466 952 2486 senon
979 2457 1078 2486 solum
1106 2456 1296 2496 hospitalem
1323 2455 1436 2494 videri,
1451 2463 1561 2484 verum
1593 2454 1686 2483 etiam
1715 2462 1804 2492 esse,
1823 2457 1935 2482 osten-

148 2515 202 2546 dit.
262 2515 463 2546 Scholiastes
501 2515 626 2545 modum
663 2515 826 2555 loquendi:
863 2517 992 2556 »posuit
1024 2518 1109 2547 viam
1144 2517 1248 2545 domui
1274 2526 1354 2545 suae
1383 2515 1495 2546 funes«
1525 2515 1640 2554 duplici
1667 2514 1759 2544 modo
1787 2513 1936 2553 explicat.

147 2577 212 2607 Aut
238 2582 312 2607 ante
348 2587 461 2608 vocem
497 2574 567 2607 haja
596 2588 712 2608 vocem
746 2586 838 2626 εἶμι
870 2579 996 2619 (locus)
1033 2578 1242 2618 supplendam
1279 2588 1355 2608 esse
1383 2584 1438 2608 aut
1463 2578 1596 2608 vocibus
1624 2577 1828 2616 transpositis
1863 2584 1938 2606 esse

147 2648 204 2679 pro
233 2637 358 2684 292³th
385 2647 450 2670 aaa
478 2638 563 2673 „aab
589 2642 668 2679 ῥοᾷ
700 2642 830 2681 »posuit
857 2642 949 2672 funes
977 2643 1087 2673 domus
1115 2642 1209 2671 viae«
1241 2641 1258 2670 i.
1287 2651 1314 2670 e.
1344 2650 1442 2680 prope
1469 2639 1509 2669 ad
1541 2639 1635 2670 viam.
1666 2639 1834 2668 Poetarum
1857 2635 1941 2667 haud

1490 2703 1535 2732 68
