2155 2892
887 131 1155 162 —498—

925 278 1131 312 xan.

777 346 1002 380 Alius
1045 344 1263 379 «lixit.

129 421 157 449 1.
203 420 286 456 Quot
308 420 368 448 viri
389 419 432 448 ad
448 418 561 448 bellum
582 419 746 457 festinant,
771 425 903 454 quot-mn
920 418 1021 453 portio
1040 425 1111 449 pasc
1133 417 1189 448 est,
1220 422 1353 451 quorum
1374 422 1473 450 arma,
1497 422 1593 452 quum
1615 414 1803 441 concitatum
1827 416 1920 451 esset,

845 472 940 498 nimis
963 470 1073 498 oblusa
1094 467 1208 498 erant!

229 545 339 584 Viros,
367 544 419 583 qui
447 542 682 573 inconsiderate
713 542 827 572 bellum
856 542 1073 579 concitarunt3
1104 540 1162 569 sed
1188 539 1219 567 in
1245 547 1283 567 eo
1312 535 1354 566 nil
1380 536 1502 574 valent,
1529 537 1729 578 perstringit.
1782 537 1922 567 Verbum

125 605 225 653 stinxmi
254 607 380 646 proprie
409 607 447 636 de
473 607 624 646 pulvere,
661 605 710 644 qni
746 605 934 642 concitatur,
964 603 1134 638 usitatum,
1162 603 1193 630 in
1221 599 1348 639 benum,
1376 599 1405 627 in
1433 608 1494 638 quo
1522 609 1541 629 a
1567 599 1782 640 pugnantibus
1811 599 1917 638 pulvis

130 673 286 710 movetur,
315 670 503 699 translatum
531 673 592 698 est.
652 669 775 698 Vocem
794 663 890 710 235⁰,
919 665 970 695 cui
997 666 1135 705 ligonum
1165 661 1359 704 significatio
1386 665 1449 702 est,
1476 660 1526 691 hic
1552 662 1686 702 nonnisi,
1715 667 1749 692 ut
1777 662 1919 692 homoio-

131 733 247 763 teleuto
275 732 424 772 satisfiat,
453 736 546 771 poeta
576 740 631 770 pro
660 730 755 760 armis
783 728 966 758 adhibuisse
991 726 1130 756 videtur.

130 831 161 858 2.
206 829 253 857 Et
273 830 305 856 in
327 839 370 864 eo,
392 829 517 866 quando
540 828 704 856 vehemens
727 830 803 861 erat,
829 829 876 855 νῖν
896 828 1002 863 yemis
1025 825 1144 859 debilis,
1165 827 1286 862 ore'yine
1308 825 1378 853 vilis
1396 825 1559 861 menavit.

247 898 340 928 Hunc
368 898 471 927 virum
499 896 633 927 debilem
660 896 690 925 in
718 905 826 937 pugna
850 896 948 926 vilem
976 905 1101 935 qnoque
1120 894 1241 935 origiue
1263 903 1338 924 esse
1361 894 1521 924 describit.
1551 894 1668 924 Verbis
1686 891 1814 940 will&
1835 878 1922 937 ἐγώ

131 970 200 990 enm
227 961 328 999 ipsum
357 960 513 1001 designat.
541 960 683 989 Similem
712 958 858 998 loquendi
884 957 1010 988 modum
1032 957 1210 986 invenimus
1239 958 1270 986 in
1286 957 1413 986 verbis:
1441 951 1511 991 §kanb
1534 951 1622 1002 [5533-
1641 952 1731 992 Quis
1749 952 1850 996 &xx—4355
1871 954 1921 984 535.

130 1022 250 1052 Bellum
278 1026 380 1052 autem
408 1031 476 1051 cnm
504 1032 643 1062 persona
670 1026 880 1060 comparatur.
909 1020 1013 1051 conf.
1041 1021 1130 1050 Harii.
1148 1020 1203 1049 mv
1222 1029 1253 1048 v.
1274 1019 1318 1056 2.,
1346 1028 1427 1058 quae
1454 1026 1535 1055 opus
1563 1022 1759 1056 susceptura
1786 1026 1823 1046 se
1845 1026 1922 1046 snc-

133 1087 244 1126 cingil,
272 1095 311 1114 ne
339 1086 486 1115 vestibus
515 1085 620 1125 longis
649 1083 800 1123 impedita
828 1085 878 1113 sit.
917 1083 997 1113 Cum
1027 1082 1192 1112 nobilitate
1220 1082 1348 1122 generis
1378 1080 1593 1110 fortitudinem
1622 1080 1819 1109 coniunctam
1847 1087 1924 1109 esse

130 1151 260 1187 putant3
289 1151 479 1187 quapropter
507 1152 602 1186 poeta
627 1147 710 1176 hunc
735 1147 830 1176 vilem
858 1146 979 1187 origine
1007 1145 1191 1185 appellavit.

130 1244 162 1273 3.
206 1245 253 1273 Et
274 1245 362 1272 modo
383 1254 418 1272 se
437 1246 618 1282 qessil‚quo
638 1244 723 1278 viles,
737 1253 838 1281 neque
860 1244 890 1271 ei
908 1243 1045 1271 studium
1068 1244 1224 1270 sincerum
1247 1243 1324 1275 erat,
1337 1249 1396 1278 quo
1416 1242 1549 1268 maiores
1566 1243 1638 1268 unte
1654 1250 1722 1268 eum
1743 1242 1794 1268 usi
1811 1242 1925 1267 essent.

248 1314 318 1343 Hoc
345 1313 376 1342 in
405 1323 503 1344 versu
530 1322 591 1343 non
623 1313 714 1343 modo
742 1312 810 1342 eins
838 1316 989 1352 tanquam
1017 1311 1089 1341 vilis
1116 1311 1232 1352 agendi
1258 1311 1409 1341 rationem
1438 1308 1660 1349 reprehendit,
1687 1318 1800 1338 verum
1828 1309 1923 1338 etiam

131 1373 285 1403 maiorum
313 1383 455 1416 snorum,
483 1376 533 1414 qui
561 1374 644 1405 haud
672 1375 793 1404 minore
820 1373 1058 1412 vituperatione
1086 1373 1172 1415 digni
1200 1373 1325 1403 fuerint.

133 1501 193 1542 (p.
218 1502 359 1545 ccc)
918 1503 1151 1536 xlxnl.

591 1569 762 1602 lsmail
787 1569 825 1602 h.
847 1570 1091 1603 Ahmmar
1111 1569 1319 1603 Asadita
1341 1567 1478 1601 (lixit.

231 1641 264 1668 In
296 1640 373 1669 libro
401 1640 676 1681 Citab-Alaghaui
703 1646 818 1680 poetae
843 1650 957 1670 nomen
985 1642 1032 1671 sic
1059 1642 1191 1671 relatum
1221 1645 1286 1670 est:
1316 1639 1444 1669 Ismaihl
1472 1639 1501 1671 b.
1532 1640 1683 1669 Ahmmar
1710 1640 1738 1668 b.
1768 1638 1926 1678 Ohjainah

134 1703 163 1732 b.
194 1702 388 1733 Chadsiniah
417 1703 444 1732 b.
470 1702 606 1732 Thofail.
632 1704 759 1743 Pauper
787 1704 890 1734 Cufae
918 1709 1060 1743 tempore
1089 1703 1251 1741 utriusque
1279 1702 1468 1742 dynastiae,
1505 1700 1739 1741 Omajjadarum
1774 1706 1806 1731 et
1835 1701 1926 1730 Ahb-

133 1765 327 1805 basidarum,
356 1766 446 1795 vixit.

134 1862 163 1890 1.
207 1863 328 1891 Domus
353 1863 485 1891 Be‘scltri
512 1863 547 1891 ob
577 1872 747 1892 moerorem
777 1872 870 1891 suum
894 1862 1043 1898 plorat-il,
1073 1871 1167 1899 quum
1199 1862 1265 1890 loco
1299 1861 1429 1890 Biscltri
1449 1861 1473 1888 b.
1496 1860 1620 1890 Glzaleb
1643 1861 1675 1887 in
1694 1862 1926 1896 possessiouem

792 1915 895 1944 Htlah'
920 1916 945 1943 b.
970 1915 1108 1944 Marsua·
1132 1917 1275 1943 venisset.

235 1986 379 2015 Dihbilus
402 1987 429 2015 b.
461 1986 577 2025 Al1li1)
606 1995 731 2016 carmen
759 1984 919 2014 Alwalido
946 1985 976 2014 b.
1005 1984 1094 2014 Cahb
1122 1984 1303 2024 adscripsit,
1331 1983 1413 2023 quod
1442 1988 1562 2012 mortuo
1591 1982 1725 2012 Bischro
1753 1983 1780 2011 b.
1802 1981 1927 2012 Glialeb

138 2047 265 2088 dixerit.
295 2058 387 2086 quum
416 2049 539 2078 Ililalns
567 2049 636 2078 eius
664 2048 791 2078 domum
819 2047 964 2077 emisset.
1017 2048 1117 2077 Poeta
1145 2046 1308 2076 beneficiis
1336 2047 1373 2075 ab
1402 2045 1505 2075 Hilalo
1534 2045 1680 2085 privatus
1704 2045 1806 2074 fuisse
1834 2045 1926 2074 vide-

138 2114 199 2149 tur,
234 2119 315 2148 qnae
350 2110 462 2139 Bischr
492 2111 522 2139 in
556 2121 626 2141 enm
661 2110 850 2140 contulerat.
914 2110 1016 2138 Domo
1052 2110 1129 2149 ipsi,
1167 2112 1217 2149 qui
1254 2109 1399 2148 personis
1436 2108 1465 2136 in
1494 2117 1532 2137 ea
1554 2107 1737 2137 viventibus
1765 2108 1926 2145 convenit,

138 2181 312 2201 moerorem
339 2177 370 2200 et
398 2172 554 2210 ploratum
582 2173 697 2203 tribuit.

138 2269 169 2296 2.
212 2268 328 2296 lVonne
350 2278 386 2297 ea
409 2278 544 2304 sponsae
567 2269 680 2297 similis
702 2272 757 2303 est,
781 2279 860 2307 qnae
883 2271 994 2298 nolens
1016 2280 1032 2298 e
1051 2273 1145 2306 yenle
1158 2269 1319 2298 Hasclzem
1336 2270 1368 2296 in
1389 2272 1513 2305 qenlem
1525 2268 1673 2296 Maharib
1694 2267 1849 2296 translata
1872 2271 1926 2294 est.

238 2337 329 2369 Gens
357 2338 520 2368 Haschem
547 2339 697 2379 celebris,
725 2343 834 2368 contra
862 2348 943 2379 gens
972 2338 1118 2368 Moharib
1148 2339 1220 2367 vilis
1248 2342 1326 2377 erat,
1354 2343 1386 2367 nt
1411 2346 1531 2376 sponsa
1558 2337 1653 2367 talem
1681 2335 1826 2366 domicilii
1856 2344 1925 2364 mn-

140 2400 289 2430 tationem
318 2410 417 2441 aegre
443 2399 526 2430 ferre
554 2400 695 2431 deberet.
748 2402 840 2431 Hanc
870 2410 934 2430 rem
961 2401 1135 2439 respiciens
1164 2404 1257 2439 poeta
1283 2399 1362 2430 dixit
1399 2399 1508 2438 (metr.
1536 2397 1693 2436 Thawil):
1727 2398 1819 2426 Tum
1854 2396 1921 2425 do-

140 2464 277 2493 minus
305 2473 420 2494 meus
448 2463 631 2503 efficiat,
659 2468 703 2493 ut
728 2473 746 2492 e
773 2467 904 2504 gente
932 2461 1124 2492 Moharib
1153 2460 1243 2492 sim!

161 2596 190 2626 1)
210 2598 294 2620 xatus
314 2604 384 2621 anuo
410 2598 459 2622 145
479 2602 599 2622 mortuus
619 2602 661 2623 est
679 2605 749 2622 anuo
768 2598 822 2622 246
843 2598 1034 2625 Ebu—Challik.
1054 2605 1078 2628 p.
1096 2599 1160 2622 226.
1181 2598 1234 2628 (co
1247 2604 1261 2620 n
1274 2598 1291 2620 f.
1310 2597 1400 2620 Abulf.
1420 2599 1487 2620 Aun.
1505 2596 1534 2619 Τ.
1554 2595 1574 2617 ss
1596 2600 1619 2623 p.
1638 2592 1729 2624 204).
