2155 2892
881 159 1150 190 —553-

121 261 210 301 Quas
247 264 384 302 quinquo
411 263 576 294 exercitus
604 268 712 303 partes
738 262 930 293 scholiastes
962 268 1070 294 noster
1099 265 1320 303 enumeravit,
1359 271 1416 292 ene
1443 264 1524 294 hand
1552 266 1723 295 convenire
1751 266 1912 304 videntur,

119 324 235 364 quippo
271 314 367 376 chi->⁸3
404 325 478 356 ala
515 326 680 355 dexterum
709 330 741 355 et
777 326 940 356 sinistrum
971 328 1054 356 latus
1095 327 1147 355 sit.
1214 325 1347 356 Rectius
1386 328 1481 366 igitur
1526 330 1606 358 tales
1654 334 1761 367 partes
1800 330 1912 370 appel-

119 385 222 415 lantur
267 384 399 427 'xa-xm,
433 384 546 426 Qi,
583 383 686 415 'aiil-*dl
721 392 753 416 et
793 385 887 423 iiis-425
925 393 957 417 et.
997 385 1120 432 δ’)ᾈᾼῖς
1165 388 1219 418 sed
1256 388 1386 417 diverso
1423 389 1514 418 modo
1554 396 1764 421 recensentur
1803 392 1910 422 cons.

118 448 211 478 llam.
239 450 279 477 ΙἾΑ
308 449 326 479 Ι.
356 448 412 479 ²0.
479 448 679 478 Sclioliastes
720 449 863 479 versibus
901 449 960 479 illis
996 454 1184 488 sequentem
1222 460 1352 480 versum
1392 451 1629 481 adnumeravit:
1660 453 1806 483 Eorum
1846 463 1911 493 po-

119 511 257 540 tentia
283 510 430 540 mutari
457 520 529 539 nou
558 515 716 550 potest,
736 510 868 541 donec
898 521 1013 541 mons
1040 512 1182 541 Jasum
1211 513 1395 542 collibus
1424 513 1634 543 abundans
1663 520 1856 545 mutatur.
1878 517 1911 545 In

122 569 184 600 hoc
213 577 318 601 autem
348 580 444 601 versu
474 572 666 610 praepositio
695 575 724 602 in
756 582 834 602 voce
861 570 907 618 Ob
937 578 987 604 aut
1014 574 1178 613 superflua
1205 580 1256 604 est
1283 581 1337 605 aut
1365 585 1433 606 cum
1462 577 1586 605 obiecto
1607 577 1726 605 omisso
1748 578 1911 618 cohaeret,

398 632 443 680 lje
469 631 622 676 &13st
649 633 722 678 30³5»
744 638 770 674 3¹
804 634 858 671 Lym
884 632 1020 684 &dam-..i
1046 634 1074 664 δι
1117 637 1212 665 Mons
1237 637 1351 666 ,Iasum
1380 638 1408 666 in
1439 638 1626 676 proverbio:
1659 639 1768 668 »Dens
1796 640 1912 678 optimo

117 633 205 672 quasi
234 633 371 663 dixerit:

116 695 198 734 scit,
239 695 310 734 quid
351 704 369 724 a
403 695 564 724 cacumine
601 696 716 724 montis
745 696 859 726 Jasum
888 706 957 726 eam
986 697 1138 736 dejecerit
1169 698 1284 735 (Meid.
1314 698 1372 738 23,
1401 699 1476 735 55.)
1506 700 1650 728 occurrit.
1711 700 1912 730 scholiastes

116 758 314 798 proverbium
341 758 482 788 adhiberi
518 758 593 789 dicit
621 759 650 788 in
678 759 794 799 virum,
822 760 872 798 qni
901 770 964 789 rem
992 761 1082 790 aliter
1111 759 1270 799 ostendit,
1306 769 1398 798 quam
1434 770 1466 789 re
1503 770 1579 790 vera
1619 767 1679 790 est.
1750 762 1912 791 Proverbii

116 829 249 850 causam
279 822 372 850 talem
405 820 506 850 fnisse
535 827 672 851 narrant.
738 822 795 852 Vir
830 832 847 852 a
888 826 1015 861 pastore
1050 823 1079 852 in
1107 828 1213 852 monte
1240 823 1351 852 Jasum
1380 831 1473 852 ovem
1502 828 1624 853 emerat
1656 834 1694 853 ea
1721 823 1913 861 conditione,

114 887 148 914 ut
175 892 231 922 pro
262 883 331 922 ipso
359 894 428 914 eam
456 884 515 913 diis
543 890 707 915 mactaret.
769 884 872 922 Quam
898 887 1002 913 autem
1038 894 1131 923 quum
1161 890 1270 924 pastor
1298 895 1353 924 pro
1381 896 1417 914 se
1445 890 1627 926 mactasset,
1656 886 1703 916 vir
1731 887 1789 916 isla
1817 887 1914 916 verba

115 953 154 974 se
181 945 353 975 consolans
381 945 471 986 dixit,
499 951 531 976 ut
559 945 768 987 signiticaret,
796 946 896 975 Deum
926 956 1037 976 verum
1066 947 1213 977 sacrificii
1240 953 1401 977 auctorem
1431 957 1538 977 nosse.

906 1041 1111 1074 ΧΧΙἸΙΙ.

408 1106 595 1139 Eadem
620 1105 764 1149 dixin
788 1106 874 1139 affl
899 1106 1004 1140 eius
1028 1108 1217 1148 patrem
1242 1107 1422 1141 dixisse
1445 1109 1620 1143 volunt.

116 1174 143 1203 1.
187 1174 256 1204 Nos
275 1177 387 1212 qeules
410 1174 576 1212 Alaclmjil
596 1184 730 1212 sumus;
759 1175 944 1204 adolescens
972 1180 1078 1204 noster·
1106 1185 1230 1213 semper
1261 1176 1437 1205 celebratus
1466 1181 1521 1212 ess,
1558 1178 1654 1206 donec
1678 1179 1789 1208 barido
1814 1181 1914 1209 uix-11³

909 1230 1089 1265 yrmlialur.

217 1295 359 1327 Gloriam
389 1298 496 1338 gentis
527 1307 683 1336 nunquam
710 1305 842 1328 cessare
871 1297 953 1327 dicit.
990 1298 1064 1327 Vox
1091 1297 1177 1335 &55¹
1208 1307 1321 1327 nomen
1350 1300 1458 1339 gentis
1487 1304 1538 1329 est
1564 1305 1595 1329 et
1623 1301 1752 1339 pluralis
1780 1302 1913 1333 familias

117 1358 185 1388 eius
213 1357 371 1399 designat.
439 1359 528 1389 Voce
551 1359 704 1389 falconem
731 1359 917 1400 designari3
952 1360 1009 1389 sed
1037 1360 1066 1389 iu
1093 1364 1247 1399 sequente
1282 1360 1483 1390 hemistichio
1518 1362 1625 1399 (metr.
1663 1362 1829 1403 TliawilJ:
1858 1364 1915 1403 Ei,

117 1423 342 1458 postquam
370 1422 500 1450 initio
528 1421 673 1451 noctis
699 1421 786 1450 iter
813 1420 943 1461 fecit,
971 1420 1147 1451 laetitia
1182 1426 1226 1451 et
1260 1421 1473 1460 superbia
1499 1426 1566 1451 est
1593 1424 1788 1462 superbiam,
1816 1425 1914 1455 scho-

117 1480 229 1510 liastes
257 1480 434 1512 adnotavit.

117 1589 148 1618 2.
193 1588 304 1619 Gladti·
331 1592 367 1620 ob
388 1594 547 1621 tristitiam
573 1593 715 1630 plorant,
742 1604 837 1633 quum
867 1594 1011 1622 manibus
1041 1595 1159 1621 nostris
1190 1592 1278 1623 hand
1300 1597 1446 1623 tenentur
1467 1598 1498 1624 et
1516 1597 1602 1630 socii,
1627 1604 1686 1624 uos
1708 1597 1809 1624 maria
1832 1605 1913 1630 esse,

959 1649 1076 1676 sciunt.

217 1722 289 1752 Hoc
314 1721 345 1751 in
373 1732 473 1753 versu
502 1723 572 1753 laus
600 1724 795 1755 fortitudinis
825 1729 857 1754 et
882 1724 1081 1754 liberalitatis
1102 1728 1162 1754 est.
1187 1723 1294 1755 Gladii
1317 1730 1463 1764 tanquam
1486 1736 1644 1765 personae
1664 1726 1774 1756 tristes
1791 1727 1915 1766 plorare

118 1783 274 1813 dicuntur.
301 1784 343 1814 Ut
369 1785 399 1814 in
426 1785 495 1816 loco
523 1790 632 1817 nostro
658 1788 705 1818 sic
732 1797 761 1827 p.
777 1789 813 1817 Ἣ·
828 1797 857 1820 ν,
880 1787 908 1816 1.
939 1787 1084 1817 homines
1112 1787 1256 1817 liberales
1285 1796 1356 1817 cum
1385 1788 1462 1817 mari
1491 1790 1667 1827 comparati
1698 1792 1784 1817 sunt.
1801 1786 1910 1817 conf.

119 1844 212 1873 Ham.
242 1847 284 1873 vvl
314 1855 346 1874 v.
377 1846 409 1875 4.

119 1938 151 1968 3.
199 1939 328 1970 Uxores·
349 1944 472 1970 restrae
493 1944 526 1970 in
548 1943 636 1972 nobis
658 1945 806 1972 maiorem
825 1945 971 1982 fiduciam
989 1949 1114 1982 ponunt
1135 1955 1227 1984 qnam
1250 1947 1282 1974 in
1306 1946 1399 1980 vobis,
1413 1954 1508 1983 quum
1533 1945 1651 1974 clamor
1674 1945 1792 1974 auxilii
1809 1949 1914 1975 malu-

811 2000 875 2026 la'no
899 2002 1035 2035 tempore
1057 1999 1227 2028 adtollitur.

227 2071 385 2111 Tempore
413 2074 545 2104 terroris
573 2074 601 2103 si
629 2075 782 2105 matutino
810 2080 954 2115 tempore
979 2076 1118 2106 incursio
1148 2076 1274 2106 hostilis
1301 2074 1346 2116 fit,
1381 2075 1410 2104 in
1446 2079 1555 2105 nostra
1581 2074 1762 2105 tortitudine
1795 2085 1913 2106 uxores

118 2136 250 2162 vestrae
278 2132 423 2164 fiduciam
449 2135 597 2165 maiorem
624 2141 744 2175 ponunt
770 2146 862 2176 quam
895 2137 924 2167 in
952 2138 1054 2167 vobis.
1118 2138 1153 2166 ln
1185 2136 1275 2166 hisce
1310 2136 1418 2165 verbis
1445 2145 1585 2166 summae
1611 2135 1803 2166 fortitudinis
1842 2137 1911 2166 laus

121 2196 191 2234 est,
226 2194 344 2234 quippe
372 2204 490 2226 uxores
517 2196 557 2226 de
585 2197 705 2227 maritis
733 2199 850 2237 optime
877 2200 1022 2240 cogitare
1048 2198 1184 2229 soleant.
1238 2199 1404 2238 Temporis
1433 2198 1576 2228 matutini
1603 2198 1791 2227 mentionem
1825 2198 1911 2237 fecit,

120 2255 205 2295 quod
233 2256 295 2286 isto
325 2262 467 2296 tempore
495 2259 633 2288 incursio
658 2259 784 2290 hostilis
812 2271 886 2292 esse
913 2262 1007 2295 solet.
1060 2262 1214 2292 Mulieres
1241 2264 1325 2300 sunt,
1354 2270 1435 2300 quae
1463 2261 1623 2300 timentes,
1650 2268 1690 2289 ne
1717 2259 1746 2289 in
1773 2260 1911 2299 captivi-

126 2321 223 2348 tatem
250 2319 459 2359 abducantur,
486 2320 655 2351 clamorem
686 2322 807 2352 tollunt.

937 2418 1099 2453 xxw.

864 2489 1006 2523 Alius
1036 2489 1169 2523 dixit.

125 2550 155 2580 1.
199 2550 328 2582 Gladiis
352 2555 560 2592 comparandi
578 2559 655 2585 sunt
676 2559 863 2586 strenuitate
884 2561 915 2586 et
937 2558 1132 2595 lonqimdine
1155 2557 1366 2586 vertebrarum
1390 2556 1465 2585 colli
1483 2566 1519 2584 ac
1541 2559 1692 2584 staturae.

244 2620 422 2663 Singularis
455 2623 658 2663 comparandi
696 2624 809 2656 modus
836 2631 906 2666 est,
944 2636 1004 2666 quo
1032 2631 1127 2666 poeta
1153 2627 1183 2655 iu
1213 2634 1273 2655 uno
1302 2634 1400 2655 versu
1427 2625 1520 2655 animi
1547 2623 1679 2654 indolem
1706 2624 1913 2664 corporisque
