2155 2892
895 174 935 181 -
992 154 1161 186 ²33—

138 261 172 286 ut
199 255 348 286 laetitiam
376 265 498 286 moeror
526 264 651 295 semper
667 260 835 294 sequatur,
863 253 1020 286 describit.
1072 255 1105 284 ln
1132 254 1286 285 Mersukii
1319 253 1428 284 codice
1469 254 1676 296 fragmentum
1711 256 1910 290 desideratur

138 322 170 347 et
189 323 300 348 auctor
327 323 414 348 recte
441 318 471 348 id
496 318 639 348 omisisse
665 317 802 355 videtur,
829 326 899 348 num
927 323 1059 348 mortem
1086 317 1145 348 viri
1171 318 1199 346 in
1227 326 1264 347 eo
1291 316 1402 348 defleri
1431 316 1545 348 dubito.

139 416 170 444 2.
214 413 317 450 Quiam
344 417 443 444 cirum
471 415 587 452 periise
616 413 718 451 audis,
745 417 829 443 cerlo
860 416 956 448 scias,
988 415 1116 442 eandem
1146 423 1267 451 quoque
1296 416 1375 442 riam
1408 417 1494 442 tuum
1523 424 1609 449 essm
1641 425 1788 454 compara
1818 420 1913 456 ἐρίων

875 469 929 497 tibi
959 467 1184 499 commentum!

238 538 374 569 Cuilibet
403 537 518 568 homini
537 538 730 568 moriendum
749 547 837 576 esse,
865 543 897 567 ut
917 538 1045 577 quilibet
1059 537 1097 567 ad
1125 538 1317 568 moriendum
1336 543 1464 577 paratus
1490 548 1565 568 esse
1584 539 1707 569 debeat.
1742 541 1796 570 Pia
1814 551 1912 582 opera

138 606 245 631 autem
272 606 466 631 commeatus
495 601 627 630 ulterius
655 600 758 630 mundi
787 600 992 640 appellantur.
1038 601 1136 630 Vocis
1164 603 1231 647 0353
1259 600 1353 641 igitur
1379 610 1496 630 sensus
1525 606 1592 630 est:
1624 606 1656 630 tu
1683 601 1762 631 bene
1789 612 1861 643 age,
1880 609 1914 634 ut

139 668 346 694 commentum
372 662 490 693 itineris
512 663 540 692 in
568 663 701 693 alterum
729 663 872 694 iuunduin
901 661 1044 695 habeas!

867 770 1186 804 cxxxvln.

541 836 682 872 Anus
703 837 910 872 fratrem
934 846 1075 871 suum
1097 837 1358 879 deplorans
1381 836 1517 871 dixit.

138 904 164 933 Ι.
189 903 304 934 Frater
326 909 357 934 et
374 910 466 943 paler
487 907 642 945 beneficus
665 911 695 936 e!
714 911 813 936 mater
835 907 1021 945 condoleri-33
1044 910 1077 936 in
1099 907 1158 936 lioc
1181 910 1283 935 antem
1306 903 1451 947 (fratre)
1474 906 1594 936 indoles
1623 909 1808 936 coniunctae
1835 911 1918 943 eunt,

534 971 613 999 quae
636 963 667 990 in
690 963 831 991 omm'bns
853 962 1116 1000 benefacientibus
1137 962 1298 998 dispersae
1319 963 1528 998 reperiantur.

241 1028 384 1059 Fratrem
412 1039 499 1060 suum
527 1035 679 1061 mortuum
707 1040 830 1061 sumina
857 1031 948 1061 laude
975 1035 1065 1061 ornat
1091 1030 1209 1069 dicens,
1236 1033 1266 1061 in
1293 1041 1356 1070 eo,
1386 1035 1417 1060 ut
1445 1030 1474 1060 in
1501 1035 1591 1070 patre
1620 1035 1782 1069 matreque
1809 1040 1919 1061 omnes

141 1089 262 1120 indoles
290 1092 403 1122 amoris
430 1092 612 1123 coniunctas
640 1092 752 1131 fuisse,
780 1103 858 1132 quas
887 1094 937 1123 aiii
967 1094 1089 1124 nonnisi
1115 1095 1261 1135 singulas
1289 1094 1500 1133 possiderent.
1527 1095 1596 1124 lIoc
1622 1103 1747 1134 quoque
1759 1094 1921 1135 fragmen-

139 1156 203 1182 tum
231 1153 261 1182 in
289 1153 445 1184 Mersukii
472 1154 579 1185 codice
605 1154 813 1186 desideratur.
866 1156 1005 1186 Mettum
1031 1155 1169 1186 secunda
1196 1158 1323 1195 species
1343 1158 1435 1186 metri
1454 1155 1578 1186 Thawil
1597 1160 1654 1186 est.

140 1250 172 1279 2.
217 1250 274 1279 Ε.ι·
293 1260 327 1279 eo
349 1251 384 1280 ob
406 1251 579 1289 quemlibet,
609 1254 664 1290 qui
684 1256 756 1281 ante
777 1262 846 1281 eum
868 1252 1005 1288 deflebat,
1022 1252 1168 1281 solatium
1199 1254 1268 1289 cepi
1295 1255 1326 1281 et
1347 1254 1454 1291 effecil,
1476 1256 1513 1281 ut
1536 1262 1655 1281 omnem
1687 1263 1756 1282 enm
1785 1262 1921 1292 sequen-

870 1308 930 1334 !em
964 1314 1026 1334 non
1062 1316 1179 1337 curem.

221 1373 331 1415 Pergit
358 1374 388 1403 in
410 1383 448 1404 eo
475 1374 639 1405 laudando.
691 1375 799 1406 Talem
823 1384 892 1405 eum
921 1374 1032 1417 fuisse,
1058 1380 1092 1406 ut
1121 1385 1159 1406 eo
1187 1375 1317 1405 vivente
1342 1375 1488 1406 solatium
1515 1379 1662 1416 caperet,
1688 1376 1716 1406 si
1740 1375 1791 1406 alii
1818 1386 1924 1406 more-

142 1439 279 1473 rentur3
310 1443 348 1464 eo
378 1440 484 1466 autem
520 1441 643 1466 mortuo
679 1437 718 1467 de
754 1436 823 1467 aliis
848 1436 1010 1476 desperet,
1045 1446 1139 1476 quum
1169 1446 1261 1468 nemo
1297 1439 1367 1468 eius
1394 1437 1494 1468 vicem
1521 1446 1618 1478 agere
1646 1438 1758 1477 possit.

901 1546 1163 1581 cxxxlx.

687 1613 829 1648 Alius
852 1613 1008 1648 filium
1031 1613 1213 1647 deflens
1237 1613 1374 1648 dixit.

147 1679 174 1707 1.
225 1679 380 1716 Tempore,
405 1690 464 1719 quo
485 1682 690 1711 admiratione
712 1693 760 1712 me
782 1684 957 1721 adjiciebas,
980 1684 1151 1717 decessisti,
1176 1685 1249 1712 dum
1273 1685 1418 1712 iuventus
1440 1684 1513 1712 abiit
1534 1686 1564 1712 et
1584 1687 1730 1712 seneclus
1752 1684 1885 1712 adt-enit.

243 1748 377 1780 Mettum
405 1750 496 1779 tertia
522 1751 647 1789 species
673 1752 865 1782 Motakaribi
892 1757 952 1783 est.
1005 1752 1076 1782 Filii
1105 1757 1238 1782 mortem
1275 1752 1448 1793 deplorat,
1476 1752 1526 1792 qui
1553 1752 1611 1782 iam
1638 1752 1764 1782 adultus
1800 1752 1928 1792 perierit

145 1816 298 1850 tempore,
329 1820 390 1851 quo
418 1812 518 1851 ipsum
545 1811 749 1844 admiratione
776 1814 927 1855 impleret,
944 1814 1016 1844 dum
1044 1815 1113 1853 ipse
1126 1813 1190 1844 iam
1211 1823 1311 1844 senex
1339 1814 1514 1844 devenerit.
1541 1815 1611 1844 Tali
1637 1817 1741 1844 aetate
1768 1813 1820 1843 filii
1839 1822 1924 1843 mors

145 1875 290 1904 maiorem
321 1875 401 1913 patri
428 1874 568 1904 dolorem
595 1875 707 1913 adfert,
733 1885 823 1915 quum
850 1877 947 1916 prolis
972 1886 1049 1916 spes
1077 1877 1171 1907 desit.

145 1971 176 1999 2.
201 1970 246 1999 Et
266 1972 297 1999 si
313 1970 412 2007 ploro,
422 1972 458 2000 ob
479 1981 542 2000 rem
561 1970 777 2000 calamitosam
786 1971 875 2008 ploro
889 1975 920 2001 el
927 1974 956 2000 si
961 1974 1112 2008 patientia
1125 1972 1358 2010 'nanifeslanda
1367 1974 1422 2005 est,
1434 1974 1481 2000 tir
1492 1974 1552 2000 mei
1562 1972 1676 2000 similis
1689 1974 1814 2009 patiens
1827 1975 1875 2001 est
1885 1973 1927 2007 ¹).

164 2072 191 2101 1)
211 2072 238 2095 ln
257 2077 332 2096 tauta
350 2077 435 2096 autem
453 2073 603 2098 calamitate
615 2074 662 2098 sibi
679 2075 915 2105 plorandicausam
929 2082 1005 2105 esse3
1022 2075 1192 2100 nihilominus
1212 2081 1296 2100 tamen
1315 2083 1343 2099 se
1363 2076 1516 2106 patientiam
1531 2080 1700 2100 ostensurum
1719 2084 1787 2107 esse,
1802 2077 1823 2101 si
1839 2084 1924 2102 rerum

214 2117 332 2141 conditio
350 2118 475 2147 postulet.

1661 2691 1707 2723 30
