2155 2892
943 174 1211 205 -635—

181 280 342 311 Almarrut
369 282 462 312 vallis
490 292 603 312 nomen
630 283 659 312 in
688 283 805 314 ditione
825 284 932 325 gentis
952 285 1086 323 Djomau
1104 287 1130 315 b.
1149 286 1428 326 Aniba-Alolissa,
1456 291 1485 319 iu
1511 300 1570 330 qua
1598 291 1678 321 inter
1697 298 1826 332 gentem
1847 295 1967 324 Tarnim

179 346 209 373 et
230 344 385 374 Koscbair
412 345 614 386 pugnabatur
639 343 762 389 (cons.
793 347 888 377 Meid.
917 348 953 376 Τ.
983 348 1033 376 ΙΙΙ.
1063 347 1096 377 P.
1117 347 1146 377 l.
1176 358 1204 387 p.
1222 349 1304 387 562,
1333 359 1391 378 uec
1419 359 1479 379 non
1506 352 1595 390 regio
1625 353 1728 391 gentis
1759 354 1887 384 Bulnlali
1914 362 1969 385 aut

178 406 299 438 Colaibi
312 414 378 439 erat
393 407 500 452 llam.)
512 415 543 439 et
559 410 663 440 Kanat
678 410 772 440 vallis
787 410 868 449 apud
883 411 1055 441 Mediuam.
1082 410 1156 440 Vox
1171 413 1297 454 0325*ss
1313 412 1414 441 valles
1429 419 1587 453 angustas
1603 419 1631 444 ei
1649 416 1779 445 arbores
1797 417 1968 456 perplexas

177 467 335 510 designat.
392 471 441 501 De
466 471 655 510 proverbio:
689 473 858 503 »Narratio
886 474 994 512 plures
1031 477 1101 504 vias
1135 474 1274 512 habet«,
1302 476 1382 515 quod
1419 480 1630 508 narrationem
1666 488 1730 508 rein
1758 474 1822 516 (ΙΙ-
1846 474 1966 516 23².)

179 530 208 559 in
235 536 374 561 mentem
401 541 555 562 revocare
579 533 739 574 designat,
769 535 918 564 conseras
945 535 1084 566 Meidnn.
1105 535 1138 574 6,
1167 536 1212 566 29
1240 543 1271 567 et
1300 538 1402 567 ilarir.
1431 541 1480 569 ΗΛ.

173 629 204 657 2.
249 628 303 658 Ad
324 631 424 658 cirum
438 632 576 659 iruuenla
597 631 829 668 propellentem.
853 631 926 660 licet
947 641 1053 661 eornm
1075 633 1171 670 pedes
1194 634 1272 661 mali
1292 638 1397 668 eraut,
1423 637 1590 669 emaciala,
1617 637 1689 665 dum
1702 640 1835 674 pinyuia
1857 648 1963 668 eorum

718 687 899 723 cuspidibus
921 685 1142 727 (ylmlimum)
1165 688 1306 725 infelicia
1329 692 1412 722 sunl,

272 756 322 786 Se
349 755 408 785 iter
438 756 566 797 longum
594 756 762 786 facientem
791 757 947 796 simulque
976 756 1133 786 liberalem
1161 756 1322 787 describit.
1355 759 1491 788 Nonnisi
1512 760 1607 801 longo
1637 766 1669 791 et
1689 762 1822 792 molesto
1851 764 1962 794 itinere

171 819 279 850 cameli
307 819 542 848 emaciabantur
569 822 598 848 et
625 818 736 858 pedes,
765 819 814 858 qui
837 821 924 849 corio
944 819 1051 849 muniti
1075 823 1176 858 eraut,
1204 820 1278 850 trito
1305 821 1390 850 corio
1418 820 1655 852 denudabantur
1685 824 1787 854 cons.
1816 826 1958 856 Hain‘tll‘.

171 880 246 911 Vox
271 880 358 926 ou*
385 881 547 920 cuspidem
576 882 708 911 lanceae
741 880 925 922 significans
954 881 1014 911 hoc
1049 883 1079 910 in
1107 882 1175 911 loeo
1204 881 1284 913 haud
1320 883 1398 913 bene
1427 884 1564 915 adhibita
1592 886 1740 925 videtur,
1781 889 1897 928 quippe
1932 890 1960 918 in

168 953 266 975 versu
296 946 421 974 nonnisi
448 943 488 973 de
513 944 642 974 camelis
670 944 839 985 pinguibus
866 942 1046 983 hospitibus
1074 946 1330 986 pauperibusque
1366 948 1538 978 mactandis
1573 958 1679 979 sermo
1715 950 1775 986 sit;
1813 951 1959 981 solebant

166 1008 248 1037 enini
274 1007 382 1048 gladio
413 1009 467 1038 uti.

166 1107 199 1135 3.
245 1106 328 1135 Nam
351 1107 529 1136 hominibus
551 1116 657 1136 eornm
681 1115 795 1136 carnes
817 1108 850 1134 in
871 1106 982 1135 alienis
1004 1108 1183 1144 coquuntur
1211 1109 1242 1135 et
1263 1105 1371 1135 aribus
1403 1116 1509 1135 eorum
1536 1110 1629 1146 fiums
1656 1111 1688 1137 in
1719 1110 1901 1139 venlriculia
1929 1114 1960 1138 et

866 1161 972 1197 foelus
995 1161 1028 1188 in
1045 1161 1142 1188 uteris
1160 1163 1244 1189 sunl.

262 1229 308 1260 Se
347 1230 376 1258 in
413 1229 544 1259 deserto
580 1228 756 1259 horninibus
792 1229 932 1259 camelas
962 1228 1099 1269 pingues
1132 1229 1161 1258 in
1195 1230 1296 1260 uteris
1333 1230 1437 1261 foetus
1473 1236 1644 1272 gestantes
1673 1236 1812 1263 mactare
1839 1237 1954 1264 narrat.

163 1292 325 1330 Camelae,
352 1301 431 1332 quae
446 1292 541 1322 fetum
569 1292 684 1330 ferunt,
713 1291 840 1321 maioris
868 1291 958 1330 pretii
985 1298 1094 1334 erant3
1121 1291 1196 1321 talia
1225 1301 1349 1333 quoque
1377 1293 1519 1323 animalia
1544 1293 1710 1334 pinguiora
1737 1302 1813 1323 esse
1839 1293 1954 1325 solent.

165 1355 240 1385 Vox
266 1351 371 1392 &3142
400 1365 492 1385 unam
521 1355 674 1395 coquendi
701 1356 857 1386 actionem
877 1355 1036 1397 designat.
1074 1354 1157 1385 Fieri
1186 1359 1304 1397 potest,
1332 1360 1364 1386 ut
1391 1365 1474 1386 voce
1496 1356 1637 1386 adhibita
1664 1361 1697 1386 et
1724 1356 1953 1395 liberalitatem,

164 1418 209 1447 ita
231 1422 266 1447 ut
284 1418 325 1448 nil
349 1419 452 1448 carnis
474 1420 504 1448 in
525 1418 661 1450 futurum
680 1428 772 1449 usum
795 1419 988 1450 adservetur
1008 1424 1041 1450 et
1055 1418 1286 1450 multitudinem
1300 1419 1460 1449 hominum
1482 1419 1639 1450 edentium
1653 1420 1837 1461 significare
1863 1421 1951 1451 velit.

963 1580 1146 1614 even.

738 1660 934 1694 Minna}-
959 1658 1211 1701 ”jan-mita
1235 1657 1372 1691 «lixit.

902 1731 1033 1771 (conf.
1064 1741 1093 1770 p.
1122 1732 1200 1771 vno.)

264 1830 386 1860 Vocem
413 1828 535 1859 Milhah
555 1830 678 1871 origine
697 1830 886 1861 adieciivum
901 1840 988 1872 esse,
1018 1830 1211 1861 scholiastes
1228 1834 1384 1870 sequente
1402 1839 1499 1860 versu
1522 1830 1632 1869 probat
1661 1830 1768 1867 (metr
1787 1828 1946 1867 'shawil):

161 1890 244 1920 »Ad
272 1900 406 1930 aquas
436 1892 583 1921 salsas
611 1891 774 1922 adveni
801 1901 958 1932 easque
982 1894 1106 1923 nolui.
1144 1893 1258 1923 Loco
1281 1893 1440 1922 animae
1471 1901 1585 1922 meae
1611 1895 1708 1921 sunt
1733 1899 1837 1932 gens
1863 1899 1946 1920 mea

159 1952 279 1991 prior
306 1958 348 1983 et
376 1962 527 1993 pecora
555 1963 669 1984 mea«

156 2046 183 2075 1.
233 2046 300 2083 Vir,
326 2057 345 2076 a
367 2056 427 2085 qno
450 2058 557 2076 ouantes
579 2058 631 2077 res
654 2051 764 2086 turpes
786 2053 920 2078 remotae
933 2054 1009 2079 sunt
1031 2053 1061 2079 et
1082 2058 1182 2087 neque
1204 2058 1275 2080 cum
1291 2053 1358 2080 eius
1373 2059 1469 2079 carne
1491 2058 1592 2087 neque
1607 2058 1675 2077 cum
1699 2050 1767 2077 eius
1789 2049 1945 2084 sanquine

935 2107 1054 2133 mimae
1081 2108 1165 2134 sunl.

250 2170 363 2200 Virum
391 2172 515 2201 omnino
543 2172 671 2203 liberum
699 2183 718 2203 a
744 2175 832 2205 vitiis
846 2173 964 2205 laudat.
999 2173 1041 2204 L't
1070 2179 1170 2205 totum
1186 2175 1289 2205 virum
1314 2173 1513 2214 designaret,
1542 2174 1728 2213 sanguinem
1751 2180 1943 2211 carnemque

152 2233 315 2273 opposuit.

150 2330 182 2358 2.
226 2328 276 2358 Ac
298 2330 329 2357 si
345 2329 509 2366 globorum
529 2340 708 2367 pannorum
731 2332 989 2364 Koblltoricorum
1012 2335 1081 2364 lora
1104 2343 1148 2363 ez·
1169 2336 1282 2362 trunco
1304 2335 1386 2361 recto
1408 2334 1477 2361 eius
1499 2339 1655 2368 suspensa
1679 2332 1752 2359 sint.

246 2397 382 2428 Rectam
408 2398 598 2440 longamque
624 2405 780 2431 staturam
807 2399 902 2444 (quae
935 2403 1093 2435 Arabibus
1121 2401 1203 2432 laudi
1231 2407 1282 2432 est
1310 2401 1402 2431 Ham.
1428 2403 1473 2431 ΙΝ·
1504 2413 1534 2432 v.
1556 2402 1602 2441 1.)
1631 2402 1700 2430 eius
1728 2410 1800 2430 cum
1828 2405 1939 2432 trunco

152 2460 274 2491 arboris
302 2466 390 2492 recto
418 2467 581 2501 comparat
607 2468 651 2502 et,
678 2468 713 2494 ut
739 2466 1004 2504 pulchritudinem
1024 2467 1189 2504 indicaret,
1217 2467 1329 2505 pannis
1351 2465 1501 2503 pretiosis
1529 2474 1597 2494 euin
1625 2465 1768 2494 vestivit.
1807 2468 1939 2499 Kamusi

150 2526 262 2552 auctor
289 2532 410 2562 pannos
447 2525 536 2554 albos
574 2525 637 2554 lino
673 2527 841 2558 conlectos
876 2539 952 2560 esse
979 2530 1062 2560 dicit.
1116 2530 1208 2568 Quae
1236 2537 1289 2559 res
1316 2530 1345 2557 si
1371 2530 1415 2559 ita
1441 2539 1477 2559 se
1502 2530 1616 2568 habet,
1655 2529 1801 2560 albedine
1835 2531 1940 2561 nobile

148 2585 218 2615 eius
244 2595 350 2628 genus
379 2588 550 2630 designare
577 2588 727 2630 videtur,
754 2592 871 2632 quippe
898 2593 985 2624 color
1000 2593 1090 2624 albus
1113 2592 1269 2623 nobilibus
1296 2593 1442 2632 proprius
1467 2598 1635 2632 putaretur
1661 2594 1768 2625 cons.
1796 2596 1886 2626 llarn.
1903 2598 1935 2624 ἹΛ
