2155 2892
904 123 1172 155 —3’76—

146 221 178 250 2.
220 220 268 249 Et
285 219 412 249 Lailam
433 228 557 257 sequor,
570 229 630 258 quo
649 221 793 259 profecta
812 223 861 248 est
873 221 1052 249 valedicens
1073 224 1105 250 et
1126 221 1267 251 homines
1290 223 1338 251 m'l
1358 224 1423 252 uisi
1434 224 1513 252 socii
1526 226 1582 252 aut
1594 224 1800 255 valedicentes
1815 230 1900 256 sunt.

148 271 216 316 (1)-
239 272 364 312 585.)
386 275 418 303 3.
465 273 567 309 Quasi
586 274 708 302 habena
730 276 763 302 in
786 274 877 302 corde
900 275 1039 312 adpensa
1061 277 1111 309 sit,
1137 285 1199 314 qua
1220 286 1269 304 me
1290 277 1377 305 ducit
1398 280 1578 315 sequentem
1601 287 1660 316 quo
1682 281 1818 308 transiit.

242 343 409 383 Amorem,
446 352 507 382 quo
544 343 654 373 Lailae
690 342 815 373 deditus
849 343 909 384 sit,
938 343 1096 373 describit.
1150 345 1284 374 Tantum
1311 354 1396 384 esse,
1425 351 1460 376 ut
1487 356 1556 376 eum
1584 356 1712 386 semper
1738 353 1925 387 sequeretur

146 409 256 436 contra
280 404 408 435 aliorum
438 405 709 445 consuetudinem,
724 406 772 445 qui
803 407 895 436 modo
916 416 985 436 curn
1003 407 1104 436 amica
1131 407 1289 436 coniuncti
1317 407 1406 437 modo
1434 409 1472 438 ab
1501 419 1539 439 ea
1565 410 1705 448 separati
1730 410 1801 439 sint.
1829 410 1926 441 Suum

144 466 241 507 igitur
266 476 407 496 amorem
433 468 583 497 maiorem
610 477 686 497 esse
714 468 833 507 probat.
892 469 926 497 In
955 469 1059 507 priore
1084 477 1181 498 versu
1208 469 1329 499 Lailam
1357 470 1461 500 locum
1488 471 1654 501 habitaculi
1682 474 1732 502 sui
1760 473 1926 511 reliquisse

144 527 236 569 fingit
262 532 295 558 et
317 537 365 568 se,
393 537 486 567 quum
513 529 554 558 ibi
580 529 772 571 adveniret,
802 530 930 560 tristitia
956 530 1125 560 adfectum.
1170 531 1313 571 Longum
1340 531 1436 572 igitur
1465 537 1603 573 tempus,
1632 543 1691 573 quo
1719 535 1838 564 Lailam
1866 544 1928 564 non

143 602 290 643 vidisset,
317 613 456 633 amorem
486 613 578 633 suum
606 604 690 634 haud
718 605 902 634 diminuisse
929 605 1048 644 probat.
1090 604 1181 642 Quod
1215 614 1315 634 voces
1342 594 1445 646 ψεῖ),
1475 612 1507 637 et
1531 614 1608 657 {³2⁴⁶
1634 609 1663 638 in
1691 609 1802 639 eodem
1830 618 1926 639 versu

144 670 319 704 occurrunt,
347 667 536 697 scholiastes
564 669 652 706 0²35
680 665 798 708 Ψῄὶέ
824 668 1005 707 appellavit.
1067 668 1159 697 Voce
1186 663 1304 707 wasta-5⁸
1330 669 1373 697 rei
1399 670 1549 699 metricae
1576 671 1668 709 periti
1695 671 1927 701 similitudinem

145 726 272 757 duorum
297 728 468 758 verborum
495 734 549 758 aut
577 730 606 758 in
631 730 791 768 scriptura
819 735 871 760 aut
898 732 929 759 in
964 729 1158 759 enunciando
1187 729 1366 770 designaut.
1399 730 1488 768 Quae
1514 733 1682 762 similitudo
1703 734 1728 762 si
1749 733 1829 763 haud
1850 743 1927 773 per-

143 790 230 821 fecta
255 795 307 821 est
333 791 493 821 adiectivo
520 790 608 830 0:513
636 793 741 822 addito
770 793 979 834 significatur.
1007 795 1085 824 Eam
1114 793 1143 822 in
1169 793 1305 822 vocibus
1333 802 1448 822 versus
1476 794 1574 822 locum
1601 794 1718 824 habere
1746 805 1837 824 nemo
1866 804 1926 824 non

144 853 232 884 videt
259 853 366 884 conf.
394 854 460 883 lib'r.
492 864 614 884 meum:
641 854 792 885 Darstell.
821 855 849 885 d.
880 856 976 887 Arab.
1005 856 1191 887 Verskunst
1219 859 1278 885 etc.
1307 864 1336 893 p.
1368 854 1437 884 522
1465 863 1534 894 sqq.
1563 859 1595 884 et
1623 855 1872 887 Almookhtusur
1896 866 1927 896 p.

144 915 213 945 625
241 924 288 955 sq.

941 1040 1152 1074 LXXXV·

742 1106 903 1140 Ivarcl
925 1107 1170 1148 Djalnlita
1194 1106 1331 1140 «lixit.

142 1172 170 1204 1.
213 1173 239 1203 0
260 1176 354 1203 amici
375 1176 436 1203 mei
456 1175 539 1204 duo!
558 1178 591 1204 in
612 1175 696 1205 lalus
719 1176 858 1205 habenas
881 1177 1045 1215 defleclile,
1067 1178 1156 1206 Dens
1180 1177 1263 1208 robis
1287 1175 1472 1205 benedicat!
1493 1178 1553 1206 elsi
1571 1177 1679 1206 Hinda
1699 1180 1811 1212 terrae,
1837 1187 1929 1216 quam

823 1233 939 1268 petitis,
967 1241 1082 1268 scopus
1106 1240 1167 1259 non
1192 1234 1239 1259 est

141 1294 173 1323 2.
216 1294 320 1332 Eique
342 1296 454 1324 dicite.-
478 1297 582 1325 Error
612 1307 630 1326 a
658 1299 706 1326 ria
734 1306 791 1326 nos
821 1306 883 1326 non
906 1298 1057 1335 abduxi&
1084 1297 1149 1332 sed,
1174 1301 1208 1326 ul
1232 1298 1314 1325 robis
1336 1307 1585 1336 occurreremus,
1609 1298 1685 1327 dulci
1707 1299 1802 1335 operti
1825 1298 1862 1326 de
1882 1300 1932 1326 via

930 1353 1126 1389 defleximus.

240 1419 290 1448 Ex
320 1420 435 1448 usitato
458 1424 605 1450 veterum
633 1425 798 1459 poetarum
828 1430 912 1450 more
940 1421 1015 1451 duos
1043 1422 1149 1450 socios
1180 1425 1289 1450 noster
1316 1421 1480 1460 alloquitur
1504 1420 1627 1458 (conf.
1674 1416 1930 1449 Amru-1·Kaisi

143 1483 251 1512 Moall.
277 1493 308 1511 v.
342 1482 378 1521 1)
407 1492 535 1522 roganS,
564 1488 597 1513 ut
626 1483 665 1513 ad
692 1483 838 1523 Hindam,
867 1493 947 1522 quae
973 1485 1002 1513 in
1030 1483 1089 1514 alia
1116 1489 1200 1514 teria
1224 1483 1391 1521 habitaret,
1411 1482 1694 1522 proficiscerentur.
1732 1481 1928 1520 Quamquam

143 1547 173 1575 in
208 1546 356 1576 versibus
395 1555 495 1576 causa
532 1544 651 1577 itineris
695 1545 800 1576 addita
827 1555 888 1574 uon
918 1551 989 1584 est,
1030 1551 1135 1576 tamen
1163 1546 1224 1576 alia
1251 1553 1410 1575 essenon
1446 1548 1587 1583 poterat,
1625 1553 1714 1583 quam
1746 1549 1779 1572 ut
1817 1546 1930 1581 poetae

143 1609 283 1638 nuntium
318 1608 356 1638 ad
391 1613 524 1638 amatam
552 1608 729 1647 perferrent
756 1612 810 1636 aut
833 1612 960 1646 poetam
988 1608 1027 1637 ad
1054 1609 1138 1638 illum
1168 1608 1422 1647 proficiscentem
1463 1607 1695 1636 comitarentur.
1750 1606 1849 1636 Hisce
1876 1615 1931 1635 re-

143 1670 202 1700 bus
230 1671 396 1710 perpensis
423 1679 539 1700 versus
572 1670 601 1698 in
628 1669 730 1708 capite
757 1666 886 1706 „astas-325
916 1670 1079 1708 inscripto,
1107 1671 1166 1699 nisi
1194 1671 1271 1700 alios
1303 1678 1371 1698 cum
1400 1669 1437 1697 iis
1472 1668 1681 1698 cohaerentes
1717 1677 1834 1697 versus
1871 1676 1931 1697 co-

143 1733 239 1774 gitas,
267 1733 371 1762 locum
398 1732 514 1761 habere
544 1741 605 1760 non
632 1733 777 1769 possunt.
830 1729 1099 1770 Abu-Rijasehus
1128 1730 1397 1770 Elm-Doraidum.
1426 1730 1471 1759 rei
1500 1731 1681 1760 auctoribus
1709 1730 1836 1766 additis,
1854 1739 1929 1760 nar-

143 1800 264 1825 rantem
289 1794 418 1831 inducit,
439 1794 622 1823 Mamunum
651 1791 752 1830 aliqu‘o
773 1790 822 1820 die
848 1796 996 1822 cantores
1024 1793 1252 1833 interrogasse,
1280 1803 1352 1824 num
1383 1795 1452 1833 quis
1480 1803 1588 1823 eorum
1616 1797 1785 1831 sequentes
1813 1800 1930 1821 versus

143 1862 255 1887 nosset
282 1853 387 1899 (metr.
419 1856 585 1894 Thawi1):
622 1856 648 1885 E
677 1856 794 1885 valle
822 1856 1050 1895 Nahmain)
1082 1856 1238 1896 lignum
1266 1856 1436 1885 arboris
1465 1857 1579 1885 Arae
1606 1853 1770 1883 Hindae
1804 1853 1929 1893 elegi.

145 1920 252 1957 Quis
293 1925 428 1949 autem
465 1918 539 1947 hoc
579 1917 627 1947 ad
667 1917 844 1947 Hindam
883 1915 1073 1957 perfert?
1138 1918 1290 1948 Omnibus
1329 1917 1544 1958 ignorantibus
1572 1925 1652 1945 unus
1679 1924 1787 1944 eorum
1815 1924 1833 1944 a
1860 1914 1930 1943 viro

145 1981 236 2011 docto
265 1986 335 2011 octo
363 1990 478 2010 versus
507 1980 613 2010 didicit
640 1985 672 2010 et
699 1980 824 2010 rediens
852 1991 942 2020 quum
969 1983 1119 2012 Mamuno
1147 1991 1204 2011 eos
1231 1985 1371 2020 caueret,
1400 1983 1517 2009 tantam
1549 1978 1747 2016 voluptatem
1774 1976 1844 2006 inde
1877 1975 1929 2004 ille

144 2043 296 2083 percepit,
324 2048 358 2072 nt
384 2047 477 2073 veste
503 2043 633 2074 honoris
660 2047 823 2074 canentem
850 2050 988 2076 ornaret.

901 2177 1166 2211 Lxxxvl.

886 2243 1027 2278 Alius
1049 2241 1186 2275 «lixit.

220 2315 451 2348 Grammaticus
471 2314 698 2354 Abu—Rijascli
726 2315 825 2346 hosce
851 2326 968 2346 versus
995 2316 1033 2345 ab
1049 2315 1154 2344 Arabe
1182 2313 1263 2343 haud
1284 2313 1422 2354 genuino
1447 2312 1548 2343 dictos
1575 2321 1650 2342 esse
1678 2311 1783 2341 retulit
1801 2310 1926 2348 (conf.

147 2379 284 2408 Meidan.
311 2379 346 2407 T.
375 2379 402 2407 11
428 2378 462 2407 Ρ.
491 2377 522 2407 2.
551 2387 579 2416 p.
609 2377 670 2415 5.).
699 2377 886 2407 Huiusmodi
914 2386 1029 2407 versus
1057 2376 1086 2405 in
1115 2376 1190 2405 libro
1219 2375 1378 2405 Hamasae
1407 2375 1526 2415 recepti
1553 2384 1614 2404 nou
1641 2374 1799 2410 videntur,
1826 2377 1870 2412 ut.
1896 2373 1923 2401 si

182 2514 208 2543 1)
228 2512 318 2536 Vallis
345 2513 478 2536 montibus
496 2512 605 2535 Nnaihm
633 2515 656 2535 et
675 2512 766 2536 Nailim
795 2511 900 2535 inclusa
919 2512 1001 2535 trihus
1029 2510 1156 2534 milliariis
1175 2511 1207 2533 ab
1228 2510 1292 2533 urbe
1311 2511 1404 2532 Mecca
1422 2508 1533 2531 distans.
1571 2507 1629 2532 Alia
1647 2506 1727 2530 vallis
1747 2513 1815 2536 pone
1834 2506 1922 2530 locum

231 2559 346 2581 Ain-arab
358 2557 568 2588 (interMeccain
581 2559 756 2589 oppidumque
766 2556 873 2589 Thajef)
885 2558 988 2581 nomine
1000 2556 1239 2580 Nahman-Atarac
1258 2555 1476 2584 appellatur-:est
1494 2558 1598 2583 quoque
1617 2559 1708 2576 nomen
1729 2552 1810 2575 vallis
1830 2553 1854 2575 in
1864 2559 1927 2581 pro-

229 2605 325 2632 pinquo
351 2603 433 2627 Cutae
461 2608 489 2627 et
513 2604 595 2627 vallis
618 2604 642 2626 iu
671 2604 752 2633 syria
776 2611 858 2634 prope
886 2605 918 2627 ad
942 2604 1100 2634 Euphratem
1124 2607 1149 2625 et
1169 2604 1279 2625 duorum
1298 2602 1411 2625 aliorum
1430 2601 1552 2623 locorum
1574 2603 1680 2620 nomen.
1724 2597 1807 2620 nam.
1835 2597 1927 2620 Abulf.

231 2649 330 2679 Geugr.
350 2657 373 2678 p.
394 2652 430 2675 ²10.
