2155 2892
918 172 1184 203 —357—

143 268 174 296 7.
223 267 287 297 Tibi
306 272 462 307 proficiat,
487 271 570 308 quod
590 279 715 298 mmmm
738 279 834 305 super
857 272 977 299 τίκτει-(ι
1009 274 1128 299 teneam
1159 274 1188 298 et
1210 270 1365 308 lacrymae
1396 273 1427 297 m
1452 270 1540 298 oculo
1561 279 1626 298 meo
1649 280 1683 298 se
1704 273 1859 298 mor-eules
1889 270 1925 298 ob

802 327 914 352 rrielnm
939 327 1148 361 separationis
1178 324 1270 352 lime!

236 404 379 434 Maximo
406 411 511 435 autom
543 403 677 434 feminae
692 405 972 436 amoreincensuni
991 416 1027 436 se
1053 415 1091 436 eo
1119 404 1364 445 ostondi19qnod
1390 407 1487 443 optat,
1520 408 1553 433 ut
1581 403 1718 442 dolores,
1746 413 1826 444 quos
1854 405 1922 444 ipse

145 468 274 501 sentiat.
302 470 330 498 oi
356 468 514 498 salutares
540 469 614 498 sint.
665 468 801 498 viscera
826 468 892 498 loco
920 470 1022 499 cordis
1051 470 1166 508 posuit.
1220 467 1322 497 llomo
1352 467 1379 495 si
1407 466 1514 495 dolore
1542 467 1570 494 in
1599 466 1774 495 visceribus
1801 467 1923 497 crucia—

146 534 207 569 tur,
239 539 362 560 manum
389 540 484 570 super
511 536 665 568 ventrem,
692 537 724 560 ut
756 531 986 570 oomprinwmlo
1014 530 1152 560 dolorem
1181 530 1288 568 leniat,
1317 533 1412 558 tenet.
1450 529 1548 557 nisce
1576 528 1668 567 igitur
1696 529 1802 558 verbis
1829 539 1922 570 mag-

146 600 205 620 nus
233 591 321 622 dolor
359 591 522 622 indicatur.
583 592 723 623 Similem
755 602 884 623 sonsum
922 597 1015 631 poeta
1051 596 1202 631 sequente
1230 600 1328 619 versu
1356 591 1538 629 expressit:
1567 591 1673 629 (metr.
1702 591 1813 631 Satin)
1843 593 1918 622 Do-

146 653 286 684 minum
328 663 448 683 suuni
488 654 697 684 invocans
738 664 894 685 manum
934 655 1152 685 dexteram
1192 653 1345 693 tollit,
1388 653 1481 683 duni
1522 663 1681 683 manus
1723 653 1920 685 dextera

146 725 280 756 super·
307 716 456 746 iecore
484 722 563 747 est.
619 718 691 748 Vox
720 721 785 763 ῳ)
813 727 930 748 causac
958 717 1141 748 indicandae
1170 725 1248 757 ergo
1277 726 1385 747 casum
1407 717 1638 747 Accusativum
1667 716 1806 746 obtinuit.

962 886 1110 919 ῙᾸἸΙΙ.

887 963 1029 997 Alius
1053 963 1182 998 «lixit.

143 1048 172 1076 1.
217 1047 268 1076 Ειι·
286 1047 405 1084 fruere,
428 1046 574 1083 quamdiu
595 1049 697 1075 lecum
721 1047 875 1074 consentit
896 1054 995 1083 neque
1017 1055 1137 1074 moeror
1157 1048 1190 1074 in
1209 1049 1337 1083 qullure
1355 1049 1407 1074 luo
1430 1048 1478 1078 sil,
1506 1055 1599 1084 quum
1627 1056 1661 1075 se
1682 1045 1832 1083 separat!

251 1129 378 1159 Arnanti
405 1128 565 1158 consilium
596 1127 660 1157 dut.
713 1127 853 1157 Verbum
888 1125 994 1159 „jo-:Lm
1023 1126 1062 1156 de
1089 1128 1207 1158 anxilio
1234 1127 1411 1166 adhibetur,
1449 1128 1531 1166 quod
1558 1137 1638 1158 unus
1670 1128 1762 1158 alteri
1788 1127 1827 1157 ad
1854 1136 1918 1157 rem

143 1191 393 1231 consequendam
424 1190 494 1221 sert.
557 1190 592 1220 Si
620 1190 734 1220 semina
772 1195 827 1220 aut
853 1192 936 1220 viam
965 1189 1119 1230 ostendit,
1147 1199 1207 1230 qua
1236 1189 1276 1220 ad
1302 1190 1401 1229 ipsam
1431 1190 1598 1229 pervenire
1626 1191 1727 1230 possit
1754 1193 1807 1220 aut
1833 1188 1919 1220 diffi-

143 1255 280 1284 cultates
309 1258 464 1293 removet,
492 1253 608 1283 amanti
634 1252 812 1282 auxiliatur.
865 1252 965 1282 Poeta
991 1257 1079 1282 recte
1106 1252 1178 1282 dicit
1204 1261 1373 1282 moeror
1400 1253 1438 1282 in
1465 1256 1660 1293 gutture,
1688 1261 1769 1290 nam,
1795 1252 1822 1281 si
1849 1251 1918 1291 quis

141 1325 254 1357 magno
288 1324 432 1345 moerore
458 1315 609 1345 adflictus
636 1315 749 1355 plorat,
777 1323 829 1344 res
857 1314 885 1344 ei
911 1316 941 1344 in
969 1318 1099 1355 gutture
1126 1314 1258 1344 haerere
1285 1313 1411 1345 videtur
1437 1319 1608 1356 gutturque
1629 1315 1849 1354 comprimitur.
1878 1314 1919 1343 Et

140 1386 255 1407 vocem
286 1375 368 1414 &aa
393 1386 430 1407 os
457 1377 487 1407 in
515 1382 644 1418 gutture
672 1376 807 1407 haerens
834 1377 1028 1418 significare,
1056 1377 1190 1406 Kamusi
1216 1382 1327 1407 auctor
1355 1376 1530 1406 adnotavit.
1598 1377 1714 1416 Neque
1740 1376 1837 1418 igitur
1870 1376 1919 1406 le-

140 1438 232 1479 gendi
260 1438 384 1468 modum
407 1437 509 1483 ,mi
536 1437 562 1476 3
590 1439 627 1468 in
655 1445 831 1478 pectore
859 1449 927 1470 cum
955 1439 1121 1468 Mersukio
1148 1438 1388 1478 praeferendum
1417 1438 1604 1478 putaverim.

142 1548 173 1576 2.
219 1547 264 1576 Et
283 1549 313 1575 si
333 1547 388 1576 le'bi
407 1547 507 1576 lenem
526 1558 561 1580 se
581 1549 716 1585 praebet,
743 1549 814 1577 aliis
835 1558 957 1586 quoque
979 1558 1021 1577 ea:
1043 1549 1152 1576 amicis
1174 1549 1242 1576 suis
1263 1547 1343 1576 lenis
1365 1550 1433 1576 erit.

251 1628 451 1659 Feminarum
483 1629 599 1671 agendi
636 1630 760 1660 modum
792 1630 971 1660 describens
1012 1634 1135 1668 monet,
1173 1638 1212 1657 ne
1249 1629 1318 1669 quis
1356 1629 1384 1657 in
1424 1629 1460 1658 iis
1488 1630 1612 1660 nimiam
1639 1630 1782 1661 fiduciam
1811 1634 1915 1670 ponat.

140 1690 279 1721 Feminis
298 1691 475 1721 mutabilem
492 1692 626 1722 animum
645 1701 730 1721 esse.
757 1691 954 1722 scholiastes
981 1693 1088 1731 plures
1115 1695 1278 1731 poetarum
1306 1702 1423 1722 versus
1451 1697 1559 1722 nostro
1587 1693 1711 1723 similes
1744 1693 1916 1724 adnotavit.

141 1752 237 1782 Primi
261 1757 335 1782 sunt
351 1752 582 1783 Baschschari:
609 1754 718 1793 (metr.
738 1754 866 1794 Camel)
896 1754 927 1783 N
944 1763 962 1783 c
987 1764 1041 1784 ve
1057 1753 1136 1784 rbu
1152 1763 1182 1783 m
1207 1763 1225 1783 a
1254 1754 1392 1784 femin
1408 1764 1426 1784 a
1454 1764 1472 1794 p
1489 1765 1507 1784 u
1525 1755 1543 1785 d
1559 1758 1569 1785 i
1585 1765 1603 1785 c
1621 1753 1918 1794 a(}1ersuk.st‚3

141 1824 210 1845 cum
238 1813 347 1844 eadem
374 1812 619 1857 significatione)
646 1825 719 1855 pro
740 1817 897 1855 latum,
925 1816 1013 1846 etsi
1040 1815 1214 1853 laedat,
1241 1824 1361 1854 spem
1389 1816 1475 1846 tibi
1504 1811 1699 1856 eripiat!
1728 1816 1916 1846 Femina-

142 1886 224 1906 rum
251 1875 503 1907 difficultas
538 1876 577 1906 in
601 1877 866 1908 facilitatem
894 1884 1077 1909 mutatur
1108 1884 1150 1909 et
1178 1878 1398 1919 difficilis,
1427 1884 1579 1919 postea
1603 1887 1718 1917 quam
1752 1877 1915 1907 refrac-

142 1938 244 1969 tatia
271 1938 370 1978 suit,
394 1939 557 1978 copiam
585 1938 713 1972 facit.
766 1940 858 1969 Alius
881 1941 928 1970 sic
956 1941 1059 1971 dixit:
1090 1941 1198 1979 (metr.
1216 1940 1344 1980 Camei)
1372 1940 1570 1970 Feminae
1597 1943 1635 1969 et
1662 1939 1694 1968 si
1723 1941 1763 1969 in
1789 1938 1915 1968 rebus

142 2005 221 2030 tam
260 2000 436 2039 apertis
473 2009 584 2039 quam
625 2001 815 2030 occultis
854 2003 1045 2032 castitas
1086 2003 1141 2031 iis
1182 2002 1477 2041 adscribitur,
1507 2006 1648 2031 tamen
1677 2010 1773 2030 caro
1799 2005 1915 2043 sunt,

142 2071 256 2101 quam
293 2060 412 2092 serae
449 2061 681 2092 famelicae
707 2062 965 2093 circumdant
994 2063 1110 2094 haud
1138 2064 1379 2104 defensam,
1407 2073 1493 2093 nam
1533 2063 1572 2092 in
1600 2068 1753 2102 partes
1791 2062 1914 2092 divi-

141 2124 262 2154 ditur.
314 2124 452 2154 Hodie
478 2125 564 2155 tibi
593 2127 685 2155 eius
713 2125 897 2155 lascivia
922 2134 1139 2165 sermoque
1166 2130 1359 2163 est‚cras
1387 2130 1525 2155 autem
1553 2125 1631 2155 alii
1659 2124 1748 2154 eius
1775 2133 1913 2153 manus

141 2187 440 2226 brachiumque.
491 2188 689 2227 Hospitio
717 2188 883 2217 similes
910 2193 1023 2226 suut,
1051 2187 1156 2227 quod
1184 2187 1350 2218 habitas
1382 2193 1420 2217 et
1446 2187 1553 2216 unde
1580 2196 1690 2216 mane
1717 2185 1913 2224 proficis-

141 2251 252 2279 ceris
278 2253 316 2279 et
350 2248 395 2279 ad
422 2249 530 2288 quod
557 2250 664 2280 alius
692 2249 774 2279 tibi
803 2249 978 2290 ignotus
1005 2249 1199 2280 devertit.

140 2357 168 2386 2.
213 2358 258 2387 Et
277 2360 308 2387 εἰ
326 2360 419 2393 iurat,
453 2359 625 2388 discessum
643 2361 757 2397 foedus
778 2364 944 2398 rupturum
966 2369 1029 2388 non
1052 2370 1140 2397 θεας
1162 2363 1196 2389 a!
1214 2361 1264 2395 iis,
1287 2368 1419 2397 quarum
1442 2366 1554 2387 manus
1576 2358 1690 2385 tinctae
1713 2358 1798 2391 sunt,
1822 2356 1911 2382 iura-

879 2417 1017 2443 mentum
1039 2423 1102 2442 nou
1122 2417 1177 2443 est.

236 2492 279 2522 Et
298 2492 382 2531 fisis
406 2491 532 2522 feminis
557 2493 731 2524 iurantibus
757 2495 948 2526 credendum
978 2505 1039 2526 non
1067 2504 1143 2525 esse
1170 2493 1254 2524 dicit.
1307 2493 1415 2523 Voces
1442 2495 1536 2531 ραις
1561 2489 1585 2519 3
1606 2495 1668 2520 etc.
1696 2489 1795 2519 verba
1823 2490 1910 2518 iura—

142 2556 237 2585 menti
265 2560 351 2587 sunt.
401 2556 476 2586 Mos
508 2561 578 2586 erat
614 2555 738 2587 feminis
770 2556 889 2598 digitos
914 2558 1007 2588 rubro
1034 2558 1195 2598 pigmento
1220 2553 1266 2598 (A
1291 2552 1411 2596 lhinna)
1435 2554 1574 2584 imbuere
1600 2552 1679 2584 cous.
1705 2553 1794 2583 Ham.
1822 2554 1866 2581 rm
1893 2552 1911 2580 l-

142 2615 194 2648 14.
218 2615 293 2649 Vox
311 2628 375 2657 ὡς,
403 2616 650 2657 (iuramentum)
675 2618 896 2661 iuramentum,
921 2619 971 2651 cui
996 2618 1078 2651 fides
1104 2621 1165 2657 est,
1194 2617 1256 2648 hoc
1277 2616 1308 2648 in
1334 2624 1434 2647 versu
1457 2613 1628 2657 significat.
