2155 2892
896 141 1166 174 -382—

140 246 264 276 Vocem
300 230 364 289 c315
399 254 439 274 ex
475 231 538 288 &U
573 247 674 272 ortam
710 252 804 283 esse,
837 247 872 273 ut
898 246 971 282 post
998 252 1067 272 eam
1093 252 1160 272 vox
1178 238 1248 287 5⁶35
1279 242 1368 281 (res)
1394 242 1595 282 suppleatur,
1622 242 1812 274 scholiastes
1841 245 1924 275 dicit.

136 308 211 338 Vox
237 304 299 351 Οἱς
329 315 460 335 sensum
486 306 665 346 integrum,
704 308 737 334 ut
770 305 982 344 praedicatum
1010 305 1128 334 abesse
1155 306 1275 345 possit,
1320 304 1414 334 offert
1450 304 1555 335 conf.
1585 303 1695 334 Gram.
1736 305 1793 335 Ar.
1820 306 1856 336 Τ.
1883 308 1924 344 11,

140 369 239 408 299).
292 369 439 398 Formam
466 366 544 402 355
574 377 642 397 cum
671 368 776 398 vocali
802 368 907 398 Kesra
936 368 1162 409 elegantiorem
1185 376 1260 396 esse
1287 371 1319 396 et
1347 376 1415 396 cum
1442 367 1548 396 vocali
1572 365 1674 396 Fatha
1701 367 1925 398 enunciandam

139 431 271 462 dialecto
296 433 402 471 gentis
419 430 509 460 Asad
535 430 693 470 propriam
721 439 807 471 csse,
835 433 864 461 in
884 431 1048 470 Djeuharii
1075 439 1172 469 opere
1199 431 1345 470 legimus.
1377 429 1476 459 Verbi
1497 429 1591 459 huius
1619 429 1751 458 alterum
1771 428 1926 459 obiectum

140 492 265 532 (conf.
304 492 413 523 Gram.
442 493 497 522 Ar.
525 493 563 522 Τ.
589 492 618 520 11
646 501 676 531 p.
705 492 794 531 581)
822 493 969 522 omissum
997 501 1081 530 esse,
1109 497 1142 522 ut
1168 501 1233 521 vox
1261 493 1340 528 sexa?
1368 492 1543 530 supplenda
1572 492 1624 529 sit,
1653 491 1844 521 scholiastes
1869 491 1929 522 ad-

143 555 275 585 notavit.
329 555 450 584 Vocem
479 553 580 583 omitti
608 562 717 593 posse,
745 563 836 592 quum
864 554 934 584 eius
962 559 1057 584 antea
1084 556 1201 584 mentio
1229 553 1317 584 facta
1344 554 1396 583 sit.
1448 555 1529 584 Tres
1559 553 1658 584 hosce
1685 563 1801 584 versus
1829 562 1928 583 sensu

145 616 226 649 haud
254 616 439 656 cohaerere,
467 625 558 646 nemo
587 625 648 645 non
675 615 773 645 videt.

966 722 1115 756 xcn.

830 787 1080 830 Djamilus
1108 787 1244 821 dixit.

243 865 322 895 Cum
350 868 458 905 gente,
487 873 504 893 e
531 873 594 903 qua
622 861 807 899 Botsainah,
838 863 908 891 eius
936 865 1039 890 amata
1064 860 1218 901 originem
1245 857 1381 897 duxerit,
1401 862 1528 896 poetam
1556 857 1707 898 bellasse,
1735 858 1928 890 scholiastes

144 928 282 967 scripsit.
335 926 509 956 Botsainah
547 926 660 955 femina
688 934 707 954 a
733 924 868 964 Djamilo
896 929 999 954 amata
1026 929 1095 953 erat
1122 922 1226 953 conf.
1253 922 1342 951 Ham.
1366 920 1414 950 ⁶11⁴?
1441 927 1474 950 et
1504 920 1735 951 Amru-FKaisi
1761 922 1870 953 Moall.
1898 932 1930 951 v.

148 990 185 1019 ll
216 988 318 1017 schol.
368 988 487 1018 Poetae
514 996 690 1028 cognomen
718 986 821 1015 Abu·
839 985 956 1015 Ahmru
985 989 1044 1014 est.
1097 984 1192 1013 Patre
1220 981 1467 1011 Ahbd-Allaho
1496 982 1524 1012 b.
1553 981 1744 1012 Moahmmar
1774 983 1930 1012 utebatur.

146 1051 237 1080 Anno
263 1050 310 1080 82
337 1051 366 1080 in
397 1054 550 1091 Aegypto
579 1048 659 1078 diem
687 1049 762 1078 obiit
789 1047 890 1077 conf.
918 1046 1147 1078 Ebu-Challik.
1174 1046 1253 1075 Nro.
1286 1045 1364 1074 142.

145 1148 172 1176 1.
218 1147 360 1185 Utraque
379 1156 460 1184 qens
482 1149 600 1179 nostra,
625 1155 641 1174 o
667 1144 869 1174 Botsainult!
887 1147 1036 1181 separata
1059 1147 1114 1178 est,
1139 1144 1212 1173 dum
1232 1153 1310 1180 pars
1333 1144 1482 1181 substitit,
1503 1151 1582 1180 pars
1604 1142 1759 1171 discessit.

244 1217 449 1245 Dissensione
475 1215 554 1244 inter
581 1224 671 1244 suam
699 1219 828 1255 gentem
856 1218 889 1243 et
915 1213 1049 1243 feminae
1075 1213 1114 1242 ab
1140 1215 1211 1252 ipso
1239 1217 1363 1243 amatae
1388 1218 1517 1254 gentem
1536 1212 1605 1242 orta
1626 1221 1718 1241 unam
1737 1211 1866 1241 alteram
1880 1219 1935 1239 re-

146 1278 278 1317 liquisse
305 1282 421 1308 narrat.
473 1278 619 1308 Nominis
654 1289 735 1305 ww
781 1283 943 1318 postrema
970 1276 1072 1307 littera
1097 1276 1221 1305 abiecta
1248 1280 1299 1305 est
1329 1274 1440 1304 conf.
1470 1274 1579 1305 Gram.
1610 1281 1665 1311 Ar.
1695 1273 1731 1302 Τ.
1759 1273 1789 1303 11
1819 1282 1847 1312 p.
1877 1272 1934 1302 92.

145 1377 177 1404 2.
220 1374 259 1405 Si
283 1374 392 1403 debilis
409 1376 556 1413 fuissem,
579 1376 693 1411 stiymu
715 1384 816 1403 meum
839 1374 1063 1413 deferbm'ssel;
1083 1373 1141 1401 sed
1161 1373 1254 1402 hasla
1277 1382 1345 1401 mea
1367 1373 1458 1410 dura,
1482 1375 1571 1401 vetus
1592 1375 1647 1402 est.

245 1443 349 1485 Rixa7
377 1448 409 1474 ut
443 1444 581 1485 videtur,
612 1444 691 1474 inter
718 1449 883 1483 utramque
910 1449 1039 1485 gentem
1069 1442 1139 1473 ortit
1174 1446 1269 1482 poeta
1302 1443 1403 1472 iratus
1437 1441 1546 1482 gentis
1575 1449 1652 1471 suae
1683 1440 1834 1471 honorem
1867 1439 1927 1470 de-

147 1506 301 1537 fenderat.
330 1507 531 1547 Contumelia
559 1512 677 1548 autem,
705 1517 797 1546 quam
823 1507 911 1549 genti
938 1516 1016 1537 suae
1043 1506 1156 1536 illatam
1184 1505 1324 1546 putabat7
1353 1513 1443 1543 quum
1471 1504 1580 1534 dolore
1605 1503 1706 1543 ipsum
1737 1502 1934 1544 adflixisset,

149 1578 218 1598 cum
247 1569 399 1610 stigmate
427 1575 482 1599 aut
509 1580 579 1600 cum
608 1570 836 1613 instrumento,
865 1579 925 1608 quo
950 1569 1069 1610 stigma
1096 1569 1240 1609 inuritur,
1263 1572 1473 1606 comparatur.
1525 1567 1626 1596 Istum
1653 1571 1760 1596 autem
1787 1565 1935 1607 dolorem,

148 1629 175 1659 si
204 1629 314 1659 debilis
341 1631 443 1660 animo
472 1630 598 1669 fuisset,
624 1632 710 1670 prius
738 1632 920 1672 abiecisset,
949 1641 1021 1661 nam
1049 1631 1139 1661 fortis
1167 1634 1216 1660 est
1243 1629 1336 1659 animi
1364 1633 1427 1658 tam
1455 1628 1673 1658 contumeliam
1704 1628 1792 1669 genti
1819 1628 1934 1659 illatam

148 1690 268 1720 sentire
295 1700 386 1731 quam
414 1692 520 1732 gentis
557 1692 707 1721 honorem
741 1692 925 1723 defendere.
986 1694 1075 1722 Inest
1111 1692 1207 1733 igitur
1234 1692 1322 1721 hisce
1349 1691 1457 1720 verbis
1486 1696 1601 1730 poetae
1628 1691 1708 1720 laus.
1762 1690 1804 1720 Ut
1832 1694 1936 1721 autem

148 1762 185 1783 se
215 1753 308 1783 talem
341 1753 510 1794 designet,
549 1754 599 1794 qui
635 1755 741 1784 alteri
761 1764 796 1783 se
828 1754 908 1785 haud
938 1755 1117 1792 submittat,
1157 1764 1247 1784 suam
1283 1754 1409 1783 hastam
1435 1753 1543 1783 duram
1570 1757 1714 1783 veterem
1742 1762 1817 1783 esse
1851 1753 1934 1783 dicit.

151 1816 254 1846 Vetus
290 1825 402 1855 nempe
437 1826 476 1846 ea
512 1816 584 1846 mihi
621 1817 766 1857 videtur,
803 1818 893 1846 cuius
928 1817 1045 1857 lignum
1081 1816 1164 1846 haud
1199 1817 1291 1846 molle
1319 1821 1390 1853 est3
1417 1815 1472 1845 sed
1500 1820 1644 1854 tempore
1670 1815 1779 1845 durum
1807 1815 1937 1846 factum.

151 1879 247 1908 Simili
288 1879 379 1909 modo
415 1880 516 1909 Amru
556 1880 584 1909 b.
613 1880 719 1910 Kelth.
755 1880 786 1909 in
821 1879 982 1909 Moallaka
1019 1889 1051 1908 v.
1089 1879 1136 1908 56
1171 1878 1263 1908 dixit:
1303 1878 1411 1908 »Sane
1443 1879 1558 1908 hastae
1584 1883 1714 1908 nostrae
1744 1883 1817 1908 ante
1847 1883 1890 1919 te,
1918 1888 1936 1908 ο

152 1939 312 1971 Ahmrue!
340 1941 448 1971 molles
474 1950 547 1972 esse
573 1947 794 1979 recusarunt‚«
824 1942 855 1971 in
887 1941 1035 1971 versibus
1062 1941 1270 1980 sequentibus
1297 1941 1561 1980 comparationem
1589 1940 1691 1981 magis
1720 1940 1906 1981 depingens.

152 2038 184 2066 3.
229 2038 293 2067 Res
321 2042 404 2066 esset
432 2049 469 2067 ac
502 2041 531 2067 si
552 2048 614 2068 non
646 2039 905 2077 bellavissemus,
937 2048 954 2067 ο
984 2035 1161 2068 Botsaina!
1193 2040 1224 2067 si
1242 2038 1418 2066 obscuritas
1440 2040 1658 2071 removeretur,
1684 2038 1757 2066 dum
1779 2040 1813 2067 tu
1836 2039 1937 2067 antica

945 2094 1070 2120 sincera
1100 2102 1142 2120 es.

268 2158 429 2196 Quandam
465 2158 540 2188 facti
568 2160 792 2198 poenitentiam
829 2166 861 2190 et
894 2161 1029 2190 animum
1066 2161 1105 2191 ad
1132 2171 1238 2201 pacem
1266 2169 1458 2200 propensum
1488 2159 1636 2190 ostendit.
1698 2159 1749 2190 Ad
1776 2159 1936 2198 pristinam

153 2221 307 2252 amicitiae
332 2220 542 2251 conditionem
571 2221 662 2251 facile
689 2226 852 2262 utramque
879 2226 1006 2263 gentem
1035 2223 1137 2253 redire
1164 2233 1273 2263 posse,
1294 2225 1319 2252 si
1339 2222 1442 2263 modO‚
1463 2222 1544 2261 quod
1573 2232 1624 2252 res
1652 2222 1734 2252 dubii
1761 2226 1793 2251 et
1812 2221 1938 2250 obscuri

155 2284 296 2323 haberet,
320 2288 550 2322 removeretur,
569 2283 723 2313 Botsaina
737 2287 841 2313 autem
858 2284 919 2323 ipsi
938 2287 1066 2315 sincera
1082 2285 1178 2315 amica
1192 2289 1290 2315 esset.
1318 2286 1414 2315 Metri
1433 2295 1532 2316 causa
1560 2285 1590 2314 in
1616 2294 1695 2314 voce
1723 2281 1776 2322 l-‹g-Sl
1809 2283 1936 2323 signum

156 2344 280 2373 Hamza
309 2344 337 2373 in
364 2344 489 2384 signum
518 2344 627 2374 Wezla
654 2349 805 2374 mutatum
841 2350 899 2376 est.
960 2347 1087 2377 Suffixa
1114 2347 1265 2376 feminina
1291 2347 1320 2376 in
1347 2348 1483 2377 vocibus
1513 2345 1564 2386 435
1593 2351 1626 2376 et
1648 2344 1733 2375 who-f:
1760 2344 1798 2374 ad
1823 2353 1937 2374 vocem

155 2406 230 2445 ϊυώ,
254 2414 333 2444 quae
360 2404 537 2444 supplenda
564 2411 627 2446 est,
654 2410 804 2445 spectare
831 2407 979 2438 videntur
1006 2405 1130 2452 (conf.
1159 2407 1269 2438 Gram.
1299 2409 1355 2439 Ar.
1383 2409 1419 2437 Τ.
1448 2409 1476 2437 11
1503 2418 1532 2447 p.
1561 2407 1643 2437 371.
1663 2406 1734 2436 373
1749 2405 1840 2447 infr.)
1869 2405 1937 2436 Ob-

157 2479 294 2508 scuritas
323 2484 429 2508 autem
456 2479 582 2510 dubium
609 2481 780 2523 significat,
807 2491 867 2521 quo
893 2482 963 2513 rixa
987 2483 1069 2513 inter
1096 2483 1175 2514 duas
1205 2487 1314 2522 partes
1341 2487 1410 2512 orta
1435 2487 1515 2513 erat.
1567 2482 1656 2511 Loco
1683 2480 1773 2509 vocis
1800 2463 1936 2518 baffi,

159 2550 239 2579 quae
266 2546 318 2571 est
344 2541 444 2572 forma
470 2542 567 2572 futuri
593 2553 649 2582 pro
675 2541 826 2585 ΜΗ,
864 2546 1025 2584 praeteriti
1052 2546 1180 2576 formam
1209 2545 1369 2575 enunciari
1399 2553 1511 2584 posse,
1547 2541 1738 2572 scholiastes
1763 2540 1935 2572 adnotavit.

161 2603 281 2633 Vocem
296 2607 400 2633 autem
413 2605 534 2639 uia->mo
552 2604 645 2646 signo
669 2605 807 2635 feminini
834 2614 953 2645 carere,
972 2607 1054 2646 quod
1082 2617 1137 2646 pro
1163 2605 1271 2635 'islam
1289 2604 1355 2636 vti>
1374 2606 1534 2644 (sincerae
1556 2602 1712 2633 amicitiae
1736 2603 1936 2642 possestrix)
