2155 2892
914 158 1181 190 —663-

153 262 259 294 conf.
287 264 380 293 Ham.
407 265 421 290 *t
449 271 479 291 v.
514 261 541 291 1.
582 259 822 299 Praepositione
856 260 912 290 Bu
939 264 1095 298 seqnento
1127 259 1215 288 verbi
1243 258 1432 289 intransitivi
1459 259 1651 299 significatio
1679 260 1707 289 in
1736 260 1935 289 transitivum

152 330 301 356 mutatur.
341 324 542 354 Sclioliastes
571 323 736 353 adnotavit
764 323 809 359 (si
837 330 901 350 vox
928 331 1027 351 sensu
1055 330 1124 350 curn
1151 329 1230 350 voce
1260 320 1379 360 ttae-ml
1419 322 1612 359 cohaeret),
1642 331 1744 361 voce,
1771 323 1935 360 sequentis

150 396 267 417 versus
294 389 417 417 ratione
447 387 570 423 habitu,
607 384 780 425 significari
808 393 917 424 posse,
946 387 1068 423 poetam
1097 384 1244 412 camelam
1272 387 1399 422 emtum,
1429 394 1467 413 ne
1495 385 1533 413 ab
1561 384 1629 413 aliis
1658 384 1758 423 pretio
1787 389 1880 413 aucto
1908 386 1937 413 ei

153 449 362 488 abriperetur,
389 448 536 478 celeriter
564 447 746 478 abduxisse.
801 449 892 478 Voce
918 446 1050 484 ιὶιφπὼ,
1077 455 1158 486 quae
1188 455 1206 476 u
1234 446 1308 476 viris
1336 447 1364 475 in
1395 445 1534 476 camelos
1563 447 1716 476 translata
1749 446 1810 482 sit,
1847 445 1938 475 animi

152 511 258 550 potius
295 510 429 540 indolem
469 519 515 539 sc.
544 510 759 549 alacritatem,
801 519 894 549 quam
931 509 1043 548 pedum
1073 507 1208 539 celerem
1240 515 1366 546 motum,
1396 518 1582 548 quamquam
1610 509 1661 538 hic
1690 517 1756 538 cum
1784 508 1834 538 illa
1861 516 1939 537 con-

151 573 257 602 iuncta
285 576 346 612 ost,
362 575 394 601 ut
421 581 492 602 cum
522 572 653 602 Kamnsi
681 577 811 602 auctore
839 581 900 602 non
928 571 1138 607 consentiam,
1166 571 1339 613 significari
1368 577 1454 611 puto.
1484 571 1630 609 Longum
1658 570 1786 600 dorsum
1817 570 1937 599 cameto

150 644 312 675 generoso
339 636 498 674 proprium
524 645 610 674 esse,
639 638 670 666 in
697 637 863 675 superiore
890 644 987 665 versu
1015 635 1162 665 vidimus.
1216 634 1308 674 Quod
1336 638 1441 664 autern
1470 633 1664 662 scholiastes
1692 641 1803 661 vocem
1830 633 1925 680 2³:⁵²7?

151 697 286 728 vocibus
314 690 418 738 υψέὲ
445 696 580 735 ξμς-ήκω
609 699 790 738 explicavit,
818 700 847 728 in
875 709 913 728 eo
941 698 1022 729 haud
1050 703 1137 728 recte
1166 698 1260 737 fecit3
1288 696 1354 726 (ieri
1383 696 1464 726 enirn
1492 705 1553 725 non
1581 698 1698 734 potest,
1722 699 1754 723 ut
1774 694 1851 723 haec
1874 701 1938 722 vox

151 760 284 790 eandem
311 760 589 800 significationem,
617 770 709 800 qnam
730 770 795 790 vox
810 764 935 800 'st->jun
954 761 981 790 in
1004 760 1170 799 superiore
1196 768 1289 789 versu
1311 758 1435 787 habeat.
1464 756 1656 797 Djeuharius
1675 755 1748 784 voci
1768 754 1938 794 grundis

151 820 416 861 significationem
445 822 562 851 tribuit.
616 822 712 852 Color
734 822 822 852 albus
851 822 947 851 rubro
975 823 1092 851 mixtus
1121 824 1187 861 (co
1204 821 1252 851 ns.
1275 821 1366 851 llam.
1385 821 1442 861 Μ)
1463 819 1589 850 camelis
1611 818 1769 847 Arabibus
1797 824 1935 856 genero-

150 883 259 922 sisque
286 886 433 923 proprius
460 890 510 914 est
540 885 628 914 llam.
659 884 710 914 01²⁶
751 884 769 914 l.
800 885 831 915 6.
859 884 900 914 U
928 884 1104 914 hominibus
1132 884 1175 914 sic
1203 884 1232 912 iu
1259 892 1355 912 versu
1384 887 1493 911 nostro
1522 881 1654 911 camelis
1683 879 1798 908 familia
1826 878 1938 915 (Q)

152 946 308 976 tribuitur.

154 1041 185 1069 4.
229 1042 314 1070 Erus
334 1046 456 1079 patrem
479 1047 673 1082 rnulremque
693 1045 796 1081 ipsum
819 1045 1108 1082 condocefacr‘enles
1129 1044 1235 1072 mrem'
1253 1046 1282 1070 e!
1299 1043 1432 1079 prelium
1456 1043 1525 1070 erus
1548 1041 1717 1068 indicatum
1741 1038 1829 1073 solvi,
1849 1041 1884 1067 ul
1904 1048 1940 1067 ea

981 1100 1108 1134 potirer.

252 1164 379 1194 Natura
406 1165 495 1204 quasi
523 1165 803 1204 condocefactam,
838 1176 899 1196 non
926 1171 995 1196 arte
1022 1166 1174 1195 describit
1200 1165 1218 1193 i.
1247 1174 1275 1193 e.
1304 1164 1435 1194 indolem
1465 1162 1630 1203 egregitim
1657 1171 1675 1192 a
1703 1166 1794 1200 patre
1822 1160 1938 1190 haere-

150 1224 249 1255 ditate
277 1231 457 1265 acceperat.
512 1226 572 1264 Qui
606 1234 712 1258 autem
741 1231 846 1258 statim
875 1228 1044 1258 indicatum
1074 1228 1117 1257 rei
1147 1228 1281 1267 pretium
1312 1227 1353 1256 nil
1381 1226 1451 1256 inde
1479 1225 1650 1255 detrahens
1677 1224 1784 1261 solvit,
1812 1223 1850 1262 is,
1871 1232 1940 1252 eam

153 1288 362 1319 excellentem
390 1290 448 1319 sibi
475 1289 587 1331 videri,
605 1292 743 1322 ostendit

1017 1388 1086 1419 ΙΙ.

657 1453 919 1487 Aluntur-ah
956 1454 993 1487 b.
1022 1454 1267 1488 simeln-as
1296 1450 1425 1484 dixit.

823 1514 980 1554 (Thajjita
1008 1514 1116 1544 conf.
1146 1523 1175 1553 p.
1204 1514 1276 1552 tm.)

157 1581 185 1612 I.
229 1584 381 1614 Fortasse
404 1588 438 1614 lu
460 1588 618 1623 varieqato
641 1590 815 1623 set-pentec
829 1587 1026 1623 serpenlilms
1047 1590 1151 1614 terrae
1174 1589 1309 1616 noslrae,
1329 1584 1383 1621 qm·
1395 1592 1437 1610 ez·
1458 1583 1542 1610 omni
1563 1581 1629 1609 Ioco
1652 1579 1806 1608 stitlicidii
1826 1587 1940 1607 renem

891 1641 1057 1674 imbrulur,
1080 1641 1223 1668 tentaris.

241 1709 439 1739 Scholiastes
455 1709 485 1738 in
499 1719 608 1747 versu,
626 1719 811 1749 quamquam
834 1710 933 1739 verba
947 1718 1036 1748 spem
1053 1708 1137 1738 haud
1153 1706 1300 1744 indicant,
1314 1714 1443 1734 sensum
1461 1704 1559 1743 optati
1575 1702 1706 1733 invenit.
1735 1701 1816 1740 Quid
1830 1711 1940 1730 verum

152 1772 206 1812 sit,
234 1782 252 1801 e
279 1772 458 1812 fragmento
485 1771 614 1802 iudicari
641 1782 701 1802 non
730 1778 848 1812 potest.
910 1773 1047 1803 Verbum
1074 1778 1131 1812 ἐν»
1157 1773 1188 1800 ἰιι
1215 1768 1332 1807 rebus,
1361 1775 1440 1805 quas
1468 1767 1557 1795 Deus
1585 1765 1737 1801 decrevit,
1765 1763 1940 1793 adhibetur.

151 1835 240 1865 Num
267 1843 402 1873 serpens
422 1844 460 1864 an
485 1836 534 1864 vir
553 1835 591 1864 ob
613 1844 727 1865 noxam
756 1844 824 1865 cum
852 1839 1002 1874 serpente
1029 1834 1166 1863 collatus
1194 1829 1402 1872 significetur,
1421 1828 1572 1857 dubitant.
1599 1826 1775 1865 Serpentes
1804 1824 1940 1863 punctis,

151 1906 232 1936 quae
259 1897 337 1926 varii
366 1897 482 1926 coloris
510 1906 586 1926 esse
614 1900 760 1935 possunt,
775 1896 913 1926 distincti
943 1896 1112 1935 periculosi
1137 1898 1298 1933 putantur.
1327 1892 1416 1920 llaec
1443 1888 1545 1927 opinio
1573 1896 1670 1917 causa
1696 1892 1758 1926 est,
1774 1895 1830 1915 cur
1858 1893 1939 1914 voce

158 1957 258 2004 skab'jl
287 1959 515 1998 (infortunium,
543 1958 592 1988 cui
623 1957 731 1987 resisti
758 1967 818 1986 non
845 1958 967 1996 possit)
995 1956 1191 1997 designetur.
1225 1955 1300 1984 Vox
1328 1950 1453 1990 ath-200,
1492 1952 1596 1980 vocali
1622 1950 1724 1980 Fauna
1751 1956 1805 1980 aut
1834 1950 1938 1979 Kesra

152 2023 182 2050 in
213 2020 315 2050 medio
340 2021 491 2061 insignita
518 2020 608 2050 vario
636 2019 728 2049 modo
756 2019 931 2049 derivatur,
958 2018 994 2047 Si
1011 2028 1028 2047 a
1047 2018 1146 2047 verbo
1164 2013 1250 2049 bsai-15
1265 2012 1430 2058 (stillavit)
1446 2013 1619 2051 derivatur,
1649 2013 1780 2043 locum
1809 2011 1940 2041 stilli-

152 2083 257 2114 cidii
286 2083 445 2124 designat.
500 2082 639 2112 Verbum
669 2082 697 2111 in
725 2091 824 2111 versu
852 2086 965 2120 poetae
993 2077 1231 2119 Djiran-Aluhd
1251 2076 1463 2117 cognominati
1489 2075 1625 2104 occurrit
1646 2076 1756 2112 (metr.
1779 2073 1939 2111 ThawilJ:

154 2145 443 2185 pernoctavi,
471 2143 556 2173 dum
584 2143 733 2173 oculus
760 2143 912 2172 similis
958 2146 1049 2172 erat
1084 2140 1210 2171 ramis
1237 2139 1333 2176 loti,
1369 2148 1496 2178 super
1523 2138 1674 2177 quibus
1703 2137 1815 2166 roris
1842 2145 1938 2166 noc-

151 2212 244 2236 turn
263 2208 271 2235 i
291 2210 446 2246 guttae
466 2204 663 2234 defluunt
683 2204 699 2232 i.
715 2213 742 2233 e.
759 2204 966 2243 ploraus3sin
983 2198 1464 2240 averbobnbscorruptum
1485 2194 1940 2240 fuitbubone(cameli)

154 2266 329 2306 derivatur,
358 2266 570 2305 corruptionis
599 2265 698 2296 locum
726 2265 885 2305 designat.
938 2263 1138 2294 Scholiastes
1173 2263 1417 2305 significationis
1445 2264 1609 2302 primariae
1636 2260 1815 2300 probandae
1843 2260 1938 2289 causa

156 2337 286 2358 versum
313 2328 400 2357 metri
429 2326 550 2367 Redjes
579 2326 764 2356 adnotavit:
790 2326 938 2366 Ligate
966 2326 1060 2356 mihi
1087 2326 1332 2358 umbilicum
1360 2335 1498 2365 meum,
1527 2334 1572 2354 ne
1599 2327 1787 2360 corruat,
1822 2331 1938 2361 quum

152 2387 302 2419 incedo
347 2388 459 2418 modo
487 2388 632 2418 cameli
660 2387 807 2417 annosi
836 2387 999 2417 bubone
1029 2388 1323 2426 pestilentiali
1350 2396 1420 2417 cor
1447 2391 1689 2425 corruptum
1717 2383 1937 2414 habentis.

155 2450 198 2480 Ut
225 2460 292 2481 vox
318 2448 426 2483 aba·
451 2451 499 2480 sic
528 2458 651 2488 quoque
678 2449 758 2479 alter
784 2448 912 2490 legendi
939 2449 1051 2480 modus
1080 2446 1174 2482 „sa-'255
1201 2449 1315 2487 duplici
1342 2447 1433 2477 modo
1463 2447 1635 2483 derivatur,
1664 2451 1698 2476 ut
1727 2451 1782 2475 aut
1809 2444 1937 2486 signifi-

155 2513 311 2543 cationem
349 2511 559 2552 corrupti
599 2512 730 2542 corde
772 2517 825 2543 aut
863 2513 956 2543 eius
996 2516 1123 2544 cuius
1159 2520 1368 2541 venenum
1409 2509 1578 2549 stillat,
1619 2509 1647 2538 ei
1685 2508 1845 2539 tribuatur.
1905 2507 1938 2535 ln

661 2572 724 2622 ὲ-Ῑκζι,
752 2586 926 2630 (propinat)
953 2594 1097 2626 tanquam
1127 2593 1235 2615 rectus
1263 2585 1386 2624 legendi
1414 2583 1522 2613 modus
1550 2582 1720 2613 adnotatus
1748 2586 1806 2611 est.

1499 2646 1544 2676 84

159 2585 278 2616 codicis
305 2587 429 2617 'fe-bris.
459 2588 600 2628 margine
626 2610 658 2632 ις
