2155 2892
881 122 1150 155 ——352-

123 226 209 258 dicit.
260 225 460 256 Scholiastes
487 227 593 255 autem
619 221 784 253 adnotavit
809 231 897 263 esse,
915 222 966 262 qui
991 222 1099 252 verbis
1129 219 1207 260 &em
1229 219 1303 266 5555
1332 223 1362 253 in
1390 222 1496 262 priore
1523 232 1622 255 versu
1647 230 1825 256 extremum
1851 225 1901 256 iu—

127 287 268 318 ventutis
301 285 473 327 significari
507 290 628 325 putent.
692 286 762 315 Hoc
793 294 893 314 sensu
929 284 1068 315 admisso
1098 284 1251 315 suffixum
1278 286 1307 314 in
1333 293 1415 314 voce
1446 282 1539 321 κάμε
1575 294 1643 315 cum
1670 286 1770 316 vocati
1798 286 1901 317 Fatha

124 348 350 380 enunciandum
378 357 476 388 esse,
503 353 536 378 ut
570 348 659 378 salus
694 357 712 377 a
747 348 863 378 femina
898 350 967 378 viro
1003 348 1089 378 dicta
1120 349 1169 379 sit.
1220 347 1383 377 Feminam
1409 351 1513 377 autem
1541 346 1644 377 virum
1672 347 1787 387 salute,
1814 356 1897 386 quae

125 416 245 442 mortuo
273 411 393 442 dicatur
421 411 458 449 (i.
487 421 515 441 e.
541 413 722 450 praeposita
752 420 835 441 voce
864 408 987 452 κάμε),
1015 411 1184 441 allocutam
1216 418 1309 450 esse,
1337 407 1419 447 quod
1452 409 1518 438 vita
1545 411 1615 438 eius
1642 408 1682 438 ad
1710 408 1801 437 finem
1830 413 1902 438 ten-

124 472 187 502 dat.
239 473 274 502 In
300 472 407 503 scholii
433 472 528 513 igitur
562 472 643 502 linea
680 473 772 502 tertia
807 482 874 503 cum
902 474 1068 504 Mersukio
1099 470 1188 513 ing-535,
1218 471 1385 513 legendum
1414 475 1477 511 est,
1504 471 1618 510 quippe
1643 470 1743 500 verba
1770 469 1904 499 feminae

124 534 314 564 tribuantur.
366 533 498 564 Femina
524 539 628 564 autem
656 538 781 573 poetam
809 535 918 574 reiicit,
948 535 1030 574 quod
1063 536 1132 565 eius
1160 538 1313 565 inventus
1350 534 1558 572 praeterierit.
1612 533 1689 562 Mihi
1718 537 1821 562 autem
1856 532 1907 562 hic

124 596 351 636 interpretandi
382 595 491 626 modus
518 596 606 625 nimis
634 596 823 627 artificiosus
850 597 985 628 videtur.
1038 598 1073 627 In
1101 597 1259 627 Mersukii
1286 595 1395 626 codice
1424 600 1457 625 et
1483 594 1764 625 Ebu-Chanikani
1798 603 1904 633 opere.

124 652 221 693 »φο-ΑΩ
247 657 373 698 legitur.
425 658 459 686 In
486 656 545 687 hoc
569 666 693 696 quoque
721 655 832 690 &di-iii.

125 742 157 772 3.
199 742 341 771 Dicunt:
374 742 461 771 AVum
484 745 557 778 post
574 743 703 778 triqc'nta
725 743 804 769 ritae
826 750 927 769 annos
946 745 1092 778 peractos
1112 742 1241 770 ludendi
1260 741 1349 769 locus
1372 740 1442 769 est?
1485 740 1603 770 Contra
1624 750 1679 777 eyo
1702 741 1788 769 ‹lia-i:
1821 739 1907 769 Num

585 799 658 824 ante
679 798 809 832 triqinta
830 804 931 824 annos
950 799 1096 833 peractos
1122 796 1251 824 ludendi
1270 795 1358 823 locus
1379 794 1453 823 est?

224 863 340 904 Esse,
381 865 433 904 qui
469 865 568 904 ipsum
597 869 726 904 propter
752 873 889 894 amorem
918 864 1083 895 iuventute
1110 868 1237 904 peracta
1265 866 1459 902 vituperent.
1489 862 1534 892 Se
1562 862 1611 891 his
1640 861 1852 902 respondere,
1880 862 1905 892 si

127 935 214 957 amor
241 927 270 955 in
290 926 410 956 homine
440 927 667 966 vituperandus
695 927 747 965 sit⁷
775 927 1038 966 vituperationem
1065 936 1127 956 non
1153 928 1255 956 solum
1279 925 1318 956 ad
1347 929 1453 955 aetate
1478 929 1664 964 provectos,
1685 933 1795 953 verum
1813 924 1905 953 etiam

127 989 167 1020 ad
194 989 326 1019 iuvenes
358 990 527 1029 pertinere.
578 990 638 1020 Hic
665 989 809 1029 loquendi
834 989 946 1019 modus
974 997 1067 1027 quum
1095 988 1260 1027 ambiguus
1287 987 1340 1027 sit,
1370 987 1490 1016 varium
1520 984 1745 1024 interpretandi
1786 984 1908 1014 modum

128 1060 243 1092 passus
268 1057 326 1083 est.
385 1052 487 1092 Sunt,
523 1052 573 1090 qui
601 1051 716 1088 dicant,
755 1061 894 1081 amorem
921 1052 1070 1080 iuvenem
1099 1049 1181 1079 haud
1208 1049 1332 1086 decere,
1360 1048 1443 1089 quod
1470 1048 1669 1086 voluptatum
1698 1047 1829 1087 ignarus
1855 1047 1908 1087 sit,

128 1113 178 1144 alii
205 1123 333 1143 sensum
360 1117 541 1152 sequentem
569 1112 598 1142 in
628 1113 735 1143 verbis
762 1113 948 1143 inveniunt:
977 1122 1069 1152 quum
1096 1111 1222 1141 iuvenis
1250 1112 1380 1153 triginta
1406 1113 1494 1141 vitae
1520 1110 1608 1140 annis
1640 1108 1774 1139 nondum
1794 1117 1910 1148 perac-

129 1177 171 1205 tis
198 1175 270 1206 lusu
296 1174 380 1205 haud
407 1174 583 1204 delectatus
610 1176 664 1215 sit,
691 1184 728 1204 se
756 1174 999 1214 vituperandum
1028 1183 1090 1203 non
1119 1183 1207 1215 esse,
1236 1173 1315 1213 quod
1343 1176 1414 1213 post
1439 1173 1522 1202 illam
1550 1176 1688 1202 aetatem
1719 1181 1787 1202 eum
1814 1175 1911 1211 petat.

130 1263 162 1292 4.
204 1262 351 1300 Profecto
365 1260 379 1289 !
397 1261 569 1290 senectutis
591 1270 642 1289 res
664 1269 779 1297 maqua
801 1263 892 1296 esset,
913 1261 949 1293 si,
965 1261 1211 1298 quotiescunque
1233 1268 1317 1288 wius
1340 1267 1440 1287 canus
1462 1257 1599 1295 capillus
1623 1259 1798 1294 appareret,
1820 1256 1911 1286 lusus

773 1318 945 1343 iumentum
969 1314 1050 1342 seltz}
1076 1315 1265 1351 privaretur.

230 1386 275 1416 Se
301 1395 363 1415 non
390 1385 500 1416 videre
523 1394 681 1426 causam,
717 1393 774 1415 cur
809 1384 857 1413 vir
895 1387 1000 1414 aetate
1035 1386 1209 1422 provectus
1246 1383 1317 1411 lusu
1351 1381 1474 1410 omnino
1503 1381 1660 1410 abstineat
1693 1384 1726 1409 et
1752 1380 1911 1410 senectuti

132 1449 228 1479 talem
256 1449 316 1478 vim
345 1457 379 1479 se
398 1458 459 1478 non
482 1448 627 1479 tribuere.
658 1448 691 1477 In
717 1456 814 1477 versu
843 1446 979 1486 phrases
1010 1447 1053 1476 ita
1079 1445 1294 1484 transpositae
1321 1449 1406 1485 sunt,
1434 1447 1466 1474 ut
1493 1444 1591 1474 verba
1617 1443 1676 1481 ῥῷ
1704 1440 1762 1472 ιλέἆ
1780 1447 1912 1472 senten-

135 1511 208 1541 tiam
237 1515 485 1550 consequentem
514 1510 698 1541 conditionis
726 1509 789 1556 &ts
816 1507 853 1555 Οἳ
882 1515 942 1539 etc.
971 1509 1117 1539 efficiant.
1143 1507 1342 1537 Scholiastes
1369 1511 1472 1536 autem
1500 1516 1609 1536 vocem
1629 1506 1667 1550 Οἵ
1682 1507 1783 1536 vocali
1810 1506 1911 1536 Fatha

135 1586 295 1616 enunciari
327 1587 425 1616 licere
460 1586 548 1616 dixit.
611 1586 698 1616 Loco
734 1586 826 1615 vocis
862 1583 926 1630 obs
955 1585 985 1614 in
1011 1582 1169 1613 Mersukii
1196 1581 1305 1611 codice
1333 1565 1415 1612 :⁹235
1454 1582 1579 1620 legitur.
1645 1581 1719 1610 Vox
1754 1592 1838 1625 255²?-
1880 1581 1910 1610 in

135 1647 291 1677 Mersukii
318 1647 424 1677 codice
450 1648 552 1678 vocali
581 1647 734 1677 Dhamma
760 1652 870 1678 notata
897 1652 960 1685 est,
987 1648 1040 1686 qui
1067 1643 1253 1676 enunciandi
1282 1643 1393 1672 modus
1422 1642 1495 1671 mihi
1521 1641 1750 1681 praeferendus
1778 1641 1912 1672 videtur.

135 1711 261 1740 Arabes
297 1715 404 1740 autem
437 1720 531 1750 quum
568 1710 698 1740 camelis
727 1710 984 1749 frequentissime
1012 1707 1178 1745 vehantur,
1205 1711 1237 1736 et
1263 1705 1396 1745 pedibus
1425 1714 1494 1734 raro
1523 1703 1682 1744 incedant,
1709 1703 1824 1734 factum
1852 1708 1915 1743 est,

136 1777 170 1803 ut
195 1772 265 1802 inde
295 1772 440 1811 loquendi
469 1772 593 1801 modum
621 1772 845 1808 derivayerint.
898 1771 953 1801 Sic
983 1774 1078 1809 poeta
1104 1769 1216 1798 Ham.
1246 1766 1303 1797 m?
1329 1777 1360 1796 v.
1392 1767 1412 1797 2
1437 1766 1561 1796 solus
1599 1770 1761 1795 terrore
1796 1765 1912 1795 vehi—

136 1839 201 1865 tur
228 1834 313 1873 dicit,
340 1834 389 1864 sic
415 1831 486 1878 obii
513 1833 575 1880 Uni)
603 1832 678 1877 ῳί)
706 1834 812 1863 malo
841 1832 1044 1873 quendam
1084 1834 1349 1871 persecutus
1387 1833 1473 1866 est,
1498 1825 1614 1864 Q}
1652 1824 1743 1867 &Laii
1772 1828 1846 1872 ᾡς)
1871 1828 1913 1856 in

137 1896 329 1925 homines
367 1895 514 1937 gladio
541 1897 762 1925 saevitum
788 1899 856 1924 est
883 1894 998 1924 dicunt.
1051 1893 1146 1923 Simili
1175 1891 1266 1922 modo
1292 1896 1402 1920 noster
1427 1891 1530 1920 lusum
1558 1899 1629 1919 cum
1652 1889 1789 1918 iumento
1824 1898 1912 1918 com-

137 1961 237 1996 parat.
278 1957 524 1999 Significaturus
550 1957 706 1988 hominem
735 1957 806 1987 ludo
834 1966 896 1987 non
922 1957 977 1995 uti,
1005 1956 1078 1986 dicit
1104 1955 1193 1985 lusus
1221 1953 1393 1983 iumentum
1420 1952 1531 1982 sellam
1559 1960 1620 1980 non
1647 1951 1773 1989 habere,
1804 1955 1837 1980 ut
1864 1950 1911 1980 vir

139 2027 176 2048 eo
204 2028 264 2049 non
290 2020 435 2050 vehatur.

966 2139 1071 2173 Lm.

833 2205 1069 2248 cotsajjir
1098 2205 1227 2241 dixit.

894 2278 996 2316 (conf.
1024 2288 1054 2318 p.
1083 2279 1159 2317 οἹΊ.)

140 2352 169 2380 1.
212 2350 267 2379 Me
288 2351 330 2379 ad
353 2353 382 2378 le
403 2349 565 2385 adleoeisti,
590 2349 696 2382 donec,
721 2358 816 2387 quum
845 2351 879 2378 in
909 2353 1091 2386 potestatem
1119 2358 1167 2377 me
1187 2348 1364 2385 redeyisses
1387 2355 1544 2382 sermone,
1568 2347 1623 2384 qui
1643 2346 1747 2384 efficit,
1769 2348 1806 2374 ut
1827 2354 1914 2381 capri

644 2405 784 2432 montani
804 2405 837 2431 in
859 2412 967 2440 campo
988 2404 1136 2440 depresso
1159 2403 1259 2431 locum
1282 2403 1426 2436 habeant,

142 2451 188 2491 2.ι
222 2461 251 2490 Α
271 2471 318 2489 me
329 2463 357 2489 te
366 2461 554 2497 abstinuisti,
564 2459 687 2497 quando
709 2457 787 2485 milii
805 2457 974 2486 remedium
992 2466 1056 2485 non
1068 2459 1137 2485 erut
1159 2462 1187 2485 et
1209 2457 1292 2495 quod
1311 2457 1394 2484 iuter
1415 2459 1519 2484 costas
1528 2450 1656 2493 (meas)
1664 2454 1740 2487 erat,
1753 2452 1915 2490 reliquisti.

252 2529 352 2560 Poeta
379 2531 484 2570 artes,
521 2528 635 2569 quibus
670 2525 787 2556 femina
817 2525 923 2565 ipsum
952 2524 1107 2555 adtexerit
1133 2529 1165 2555 et
1192 2527 1325 2565 ceperit,
1353 2529 1416 2555 tum
1443 2528 1568 2564 captum
1596 2525 1628 2552 et
1652 2529 1761 2551 amore
1787 2521 1913 2560 plenum

142 2590 322 2631 reliquerit,
353 2590 479 2621 indicat.
543 2589 588 2620 Se
613 2589 644 2619 in
669 2588 775 2629 priore
809 2597 920 2629 versu,
955 2596 1120 2628 caprorum
1148 2587 1230 2617 enim
1265 2591 1484 2618 montanorum
1508 2583 1697 2616 mentionem
1722 2582 1810 2624 facit,
1837 2592 1905 2613 cum
