2155 2892
903 184 1169 214 —695—

889 299 1140 333 xxxvl!-

497 366 608 401 Abu
621 366 937 400 -Tlnunalmn
963 366 1171 400 nulum!
1193 366 1399 401 mamma
1422 367 1558 403 unxit.

241 438 430 469 Praefectus
457 439 727 479 praetorianorum
755 438 891 479 Josephi
919 440 947 469 b.
977 439 1095 469 Ohmar
1121 448 1190 469 eum
1217 440 1278 470 rasi
1306 440 1444 471 iusserat
1463 439 1496 484 ¹).

132 535 161 566 1.
205 537 244 566 In
267 538 377 574 oppido
400 537 468 565 albo
488 536 569 566 Hira
591 545 693 565 senec
712 537 896 574 praefectus
919 540 974 569 est,
999 537 1088 564 cuiue
1114 537 1289 564 iuramenta
1305 546 1363 572 per
1386 538 1488 567 Deum
1508 538 1633 576 prolata
1653 540 1750 576 proba
1773 543 1858 569 sunt.

233 606 389 646 Oppidum
417 606 494 635 Hira
520 608 590 636 sine
619 605 713 635 dubio
739 606 778 635 ob
804 604 1064 645 pulchritudinem
1090 614 1264 646 cognomen
1293 606 1382 636 albae
1409 608 1545 647 accepit.

132 704 164 733 2.
208 703 276 732 Iam
297 703 486 731 abraserunt
507 704 620 740 capitis
640 704 708 731 eius
730 712 848 731 comam
871 705 1007 741 nigram,
1030 705 1124 742 quasi
1143 705 1213 733 ritis
1235 707 1354 733 racemi
1373 707 1452 742 sint,
1476 708 1532 744 qui
1553 706 1595 734 ad
1614 709 1822 736 maturitatem
1841 718 1918 745 per-

770 766 896 793 tenere,·
928 767 1000 786 nam
1029 760 1186 794 promissa
1216 761 1294 786 erat.

244 827 364 867 Causa,
393 837 450 858 cur
477 834 567 857 coma
595 825 815 864 abraderetur,
843 827 912 857 sine
940 826 1033 856 dubio
1065 827 1094 857 in
1121 836 1159 857 eo
1188 832 1269 866 erat,
1298 827 1382 867 quod
1410 828 1542 867 pulchra
1568 838 1657 859 coma
1686 830 1819 860 feminas
1846 831 1919 862 alli-

134 897 230 921 ceret.
300 892 367 921 nac
401 896 508 922 aulem
542 891 570 920 in
609 900 642 920 re
671 889 827 920 Ohmarus
864 890 1011 930 princeps
1038 892 1068 920 in
1095 890 1210 930 oppido
1240 891 1369 921 Medina
1396 892 1542 931 exemplo
1573 893 1765 931 praeiverat.
1801 893 1918 924 conf.

134 954 233 985 Meid.
264 955 300 984 T.
327 955 340 984 1
368 965 396 994 p.
430 954 511 985 746.
573 955 647 984 Vox
684 951 749 993 [τί-Α
775 963 794 983 e
830 962 913 984 voce
939 952 1028 994 υὲρλ
1058 955 1177 984 omissa
1204 955 1330 995 pendet.
1383 955 1513 986 Comam
1540 956 1661 996 nigram
1689 965 1756 987 cuni
1783 959 1917 989 racemis

134 1030 210 1059 vitis
229 1031 371 1060 contulit.
394 1030 450 1060 Sic
478 1034 574 1069 poeta
599 1038 723 1068 quoque
753 1033 850 1058 metro
877 1028 972 1058 Sarih
999 1038 1075 1059 usus
1102 1029 1197 1060 dixit:
1234 1027 1368 1059 skisd&
1399 1018 1490 1072 ὦ)...
1514 1027 1568 1072 ὑὶῑ
1596 1029 1636 1059 33.
1682 1030 1806 1062 Coma
1834 1043 1918 1065 mea

134 1092 259 1133 nigra
286 1097 356 1122 est
376 1094 509 1122 instar
537 1091 695 1121 racemi
723 1091 836 1121 vitis.
864 1091 927 1121 Alii
955 1092 993 1121 ob
1019 1092 1143 1132 nigrum
1171 1092 1308 1122 colorem
1335 1102 1457 1124 comam
1483 1102 1551 1123 cum
1581 1102 1678 1124 corvo
1705 1095 1918 1126 contulerunt.

134 1153 248 1184 conf.
277 1154 391 1184 Jonesi
418 1159 620 1186 commentar.
648 1162 677 1192 p.
705 1153 762 1183 95.
790 1153 832 1184 Et
859 1152 889 1182 in
915 1152 1044 1183 Cantico
1072 1154 1194 1184 Cantic.
1223 1153 1260 1185 C.
1289 1156 1323 1192 5,
1349 1155 1403 1185 11.
1430 1165 1551 1186 comam
1577 1157 1697 1198 nigram
1724 1166 1795 1187 cum
1822 1167 1919 1189 corvo

136 1216 283 1246 collatam
318 1216 506 1246 invenimus,
569 1214 611 1245 L't
643 1217 750 1246 aulem
775 1223 919 1244 racemos
947 1215 1041 1245 valde
1067 1215 1176 1255 nigros
1203 1215 1397 1256 designaret,
1436 1226 1492 1247 eos
1521 1222 1661 1248 maturos
1687 1227 1762 1249 esse
1790 1220 1918 1250 addidit.

134 1279 259 1310 Vocem
296 1276 435 1324 Φίλᾳ-1,
474 1287 556 1319 quae
593 1287 693 1307 sensu
725 1276 766 1307 ad
802 1287 924 1308 comam
952 1277 1117 1308 referenda
1144 1283 1213 1319 est,
1247 1284 1342 1318 poeta
1369 1289 1439 1309 cum
1466 1288 1547 1309 voce
1573 1279 1688 1316 »λρῑλε
1713 1284 1918 1321 grammatico

136 1341 308 1371 coniunxit.
360 1342 447 1371 Ante
473 1350 588 1371 vocem
611 1343 722 1377 ...blo-si,
751 1350 833 1381 quae
861 1345 894 1371 et
922 1349 1021 1371 corvo
1047 1341 1255 1372 describendo
1281 1343 1427 1383 inservit,
1455 1352 1545 1374 coma
1569 1344 1746 1384 supplenda
1771 1350 1834 1376 est.

135 1438 168 1468 3.
213 1439 345 1468 Puellae
364 1443 466 1468 autem
489 1441 551 1478 die,
575 1449 634 1476 qao
657 1449 744 1468 coma
765 1449 832 1468 mea
854 1439 1071 1473 abradebatur,
1096 1440 1342 1476 adproperanees
1364 1449 1430 1468 eam
1454 1439 1660 1477 collegerunt,
1685 1441 1739 1469 ubi
1756 1441 1922 1471 deciderat.

210 1507 379 1537 Pulchram
407 1517 527 1537 comam
555 1507 665 1546 fuisse,
698 1517 778 1548 quae
809 1508 943 1539 feminas
970 1508 1146 1549 allexisset,
1159 1518 1201 1538 ex
1226 1508 1286 1539 hoc
1313 1518 1412 1538 versu
1431 1508 1588 1538 videmus.
1617 1507 1708 1546 Quae
1727 1509 1920 1541 scholiastes

137 1569 269 1611 adtulit,
295 1580 333 1600 ea
363 1570 531 1600 maximam
560 1576 682 1610 partem
710 1570 749 1601 ad
776 1571 911 1611 priorem
938 1580 1069 1601 versum
1097 1575 1130 1600 et
1156 1580 1266 1601 nomen
1284 1575 1400 1611 poetae
1426 1574 1585 1611 spectant.
1638 1571 1769 1602 Comam
1797 1575 1921 1614 nigram

137 1640 210 1662 cum
237 1641 335 1661 corvo
361 1631 548 1671 comparari,
575 1632 771 1662 scholiastes
798 1633 906 1662 verbis
933 1637 1068 1672 poetae,
1102 1633 1214 1672 quibus
1243 1632 1442 1662 iuventutem
1469 1632 1635 1669 describit,
1675 1634 1785 1674 probat
1812 1633 1921 1674 (metr.

138 1693 356 1732 Motakarib):
387 1693 450 1723 Ne
470 1694 588 1724 Deus
615 1694 731 1724 illum
759 1703 929 1724 corvum
957 1699 1170 1735 amoveat,
1198 1697 1288 1725 etsi
1314 1695 1481 1725 nonnisi
1507 1695 1809 1726 recordatione
1835 1695 1924 1728 est!

138 1755 211 1785 Abu
232 1772 248 1778 -
269 1755 512 1786 Mohammedes
547 1756 701 1787 Alahrabi
735 1765 822 1786 more
861 1766 920 1786 suo
948 1756 1148 1795 proverbium
1189 1758 1284 1787 »Non
1316 1758 1417 1788 omnis
1452 1767 1504 1788 res
1535 1759 1626 1800 nigra
1662 1759 1812 1800 dactylus
1845 1766 1917 1790 est«

139 1815 257 1855 (Meid.
283 1816 342 1858 24,
372 1817 468 1857 121.)
495 1817 608 1848 adtulit
644 1827 715 1848 eum
743 1817 994 1859 reprehendens,
1022 1818 1073 1857 qui
1098 1828 1250 1850 versuum
1277 1824 1436 1850 auctorem
1464 1819 1816 1852 Abu-l‘Thamahauum
1844 1830 1920 1851 esse

140 1884 238 1920 putet.
291 1881 466 1912 Auctorem
497 1881 713 1922 Tl1ohaimum,
740 1884 861 1920 patrem
890 1881 1113 1921 Althachmae,
1140 1880 1307 1912 Asaditam
1334 1891 1420 1912 esse.

888 1977 1164 2010 xxxvln.

785 2043 1008 2078 Alfius
1051 2043 1264 2078 (lixit.

141 2110 169 2138 1.
212 2109 312 2140 Mane
332 2121 401 2140 eum
422 2112 561 2151 adduxi,
587 2114 679 2142 errius
700 2113 827 2150 breqma
854 2115 964 2151 capitis
991 2112 1107 2142 elatum
1129 2116 1193 2148 est,
1224 2113 1382 2153 defficilem
1409 2115 1442 2142 in
1470 2113 1573 2143 reditu
1598 2114 1642 2143 ad
1656 2123 1807 2152 puynam,
1833 2116 1923 2144 cuius

891 2175 973 2204 aqua
999 2166 1178 2204 effunditur.

139 2219 173 2247 2.
216 2218 371 2252 Alae-rem,
393 2221 484 2248 cuius
505 2222 633 2256 sputum
654 2218 690 2247 ob
710 2217 903 2246 alacritatem
921 2220 994 2256 fluit
1015 2221 1046 2247 et
1063 2228 1177 2255 parum
1195 2220 1291 2256 abest,
1303 2221 1378 2259 quin
1396 2222 1478 2249 cutis
1496 2220 1590 2258 pellis
1610 2222 1677 2249 eius
1698 2220 1922 2256 disrumpatur,

239 2288 366 2318 Versus
392 2287 452 2319 hoc
478 2288 549 2318 loco
575 2288 606 2318 in
632 2287 790 2318 Mersukii
816 2285 928 2317 codice
954 2286 1125 2318 desiderati
1152 2297 1182 2328 p.
1208 2290 1246 2318 ΛΗ
1274 2297 1348 2328 post
1375 2289 1587 2330 fragmentum
1613 2288 1766 2318 decimum
1794 2288 1921 2318 tertium

141 2349 353 2380 inveniuntur.
380 2350 557 2380 Membrum
584 2349 676 2380 virile
704 2349 902 2380 describitur.
937 2348 1087 2389 Narrant,
1115 2349 1253 2380 Arabem
1281 2356 1507 2391 campestrem,
1535 2360 1626 2389 quum
1653 2350 1735 2390 apud
1763 2359 1922 2390 gramma-

142 2411 236 2440 ticum
264 2410 534 2450 Abufflhbaidah,
558 2413 641 2442 istos
668 2421 786 2442 versus
816 2417 963 2452 tauquam
992 2420 1107 2451 equum
1135 2410 1352 2442 describentes
1379 2413 1605 2452 explicantem,
1636 2421 1791 2452 praesens
1821 2417 1922 2450 esset,

161 2569 189 2596 1)
207 2570 361 2594 Praefectus
380 2576 472 2594 nomen
492 2570 627 2595 Alahbbas
651 2571 676 2595 b.
694 2571 808 2595 Mahbad
829 2571 950 2602 gerebat.
984 2571 1124 2604 :Jusephus
1143 2572 1166 2597 b.
1186 2572 1283 2597 Ohmar
1300 2572 1437 2595 Tsakafita
1455 2574 1542 2596 autem
1560 2577 1631 2595 anno
1652 2571 1704 2595 120
1722 2572 1755 2595 ab
1775 2572 1922 2596 ueschamo

209 2614 292 2638 Curae
309 2615 460 2645 praefectus
479 2618 546 2640 erat.
583 2616 647 2640 Eira
666 2616 748 2647 igitur
767 2617 874 2641 ditionis
892 2617 977 2642 Curae
995 2624 1058 2648 pars
1077 2622 1147 2643 erat.
1182 2618 1274 2642 Abult'.
1293 2619 1363 2642 Anu.
1381 2617 1410 2641 T.
1430 2617 1439 2640 1
1459 2624 1483 2646 p.
1501 2616 1565 2639 454.
1583 2617 1646 2641 adu.
1664 2616 1728 2639 219.

1454 2666 1500 2697 88
