2155 2892
924 136 972 144 —
1025 121 1071 151 69
1125 136 1169 143 ..-

164 209 294 263 eja-..gl
330 221 444 252 dictam
479 227 554 263 puto
588 230 643 261 pro
673 223 902 260 μονὴ-τ’,
943 223 976 250 ut
1012 224 1137 250 vertam
1177 219 1256 249 »scd
1293 219 1380 259 plora
1419 220 1547 250 occisos
1587 219 1646 249 loci
1683 219 1778 261 Badr,
1817 229 1951 260 quorum

165 284 289 315 fortuna
317 285 466 315 interlito.
519 283 699 314 Particulue
726 279 789 327 <525
816 288 849 312 et
876 292 989 322 nexum,
1019 291 1080 321 quo
1109 292 1178 312 cum
1206 281 1470 321 praecedentibus
1498 282 1690 322 cohaerent,
1718 282 1839 312 ratione
1867 282 1952 312 nulla

163 348 267 378 habita
295 348 332 378 ad
362 349 493 378 verbum
518 347 601 376 verti
629 351 754 386 potest:
783 345 849 375 sed
876 346 904 374 iu
933 346 1000 376 loco
1028 345 1111 375 Bntlr
1139 344 1265 374 fortuna
1294 344 1408 373 interiit
1434 341 1483 385 (ut
1513 343 1593 372 hanc
1621 344 1659 373 ob
1688 353 1819 374 causam
1841 346 1948 383 potius

164 410 349 450 plorandum
378 411 450 449 sit).
503 408 605 447 Quum
634 410 662 438 in
693 410 763 439 loco
792 408 875 438 Badr
903 409 987 439 multi
1015 409 1112 438 occisi
1140 411 1221 447 siut,
1263 407 1394 447 pluralis
1432 394 1542 446 ajo-35
1583 406 1769 443 (multorum
1807 405 1951 444 fortuna)

164 472 269 502 locum
296 472 413 503 habere
440 477 559 512 potest,
588 478 620 502 et
646 472 697 511 qui
724 472 794 502 voci
819 472 933 501 vitae
960 471 1227 512 significationem
1255 470 1446 509 tribuerunt,
1487 477 1556 497 cam
1584 467 1708 507 longius
1736 467 1871 506 petiisse
1898 468 1952 496 vi·-

839 532 882 544 ὒν..

163 533 287 563 dentur.
340 533 448 563 Utrum
483 539 590 564 autem
624 535 723 563 verbo
759 542 880 578 ψέλιά-ι
919 534 1004 574 prior
1043 543 1082 564 au
1125 533 1283 573 posterior
1325 531 1538 572 significatio,
1566 539 1658 569 quam
1685 528 1856 569 adnotavi,
1893 529 1950 558 tri-

163 597 287 636 buatur,
315 606 377 627 non
403 598 534 628 multum
562 597 688 627 diss'crre
715 597 852 627 videtur.

160 707 193 736 3.
217 706 336 736 Elaea!
351 710 425 744 pos!
445 717 498 737 eos
520 709 580 736 riri
600 711 729 745 imperio
749 711 840 746 palili
860 713 944 744 sunt,
968 710 1030 748 qui,
1054 710 1085 737 si
1105 709 1171 737 dies
1193 707 1283 737 Badr
1302 715 1365 734 non
1384 707 1509 744 fuisset,
1535 712 1598 732 non
1621 704 1801 739 regnarent.

275 788 480 820 Scholiastes
507 790 597 829 dixit,
625 791 885 831 Abu-Sotjanum
914 792 942 821 b.
969 791 1067 831 Har-b,
1095 791 1145 830 qui
1174 789 1368 829 principibus
1398 786 1513 817 occisis
1539 784 1670 824 imperio
1700 782 1820 822 potitus
1848 786 1950 820 esset,

162 849 354 891 significari5
382 851 440 881 sed
468 859 564 891 poeta
591 854 691 890 viros,
721 854 770 892 qui
798 854 836 883 ob
865 863 973 883 casum
999 853 1082 883 illum
1103 852 1274 882 adversum
1294 852 1451 891 principes
1471 849 1578 890 gentis
1607 847 1683 877 facti
1711 850 1836 885 essent,
1864 846 1952 874 vitu-

163 921 277 951 perare
303 913 420 954 noluit3
448 915 489 943 nil
517 915 575 944 nisi
603 915 760 946 fortunam
787 914 963 945 adversam
983 916 1138 955 queritur,
1164 925 1225 954 qua
1253 914 1367 944 sactum
1394 922 1472 942 esse
1504 911 1588 951 dicit,
1628 915 1662 939 ut
1698 909 1739 938 illi
1770 910 1950 948 regnarent.

162 974 241 1004 Dies
269 975 353 1005 Badr
380 981 429 1006 est
455 976 524 1007 dies
550 977 661 1017 proelii
683 976 858 1007 Badrensis
885 986 966 1007 anuo
993 977 1136 1008 secundo
1164 977 1305 1017 lledjrae
1332 977 1507 1007 commissi.

935 1085 1166 1120 xxvln.

161 1149 454 1194 Narrat-unt,
477 1153 598 1186 «luos
620 1152 752 1187 viros
774 1162 801 1187 e
824 1154 970 1195 gente
993 1153 1129 1186 Asatl
1154 1151 1464 1193 lzpahanum
1487 1147 1677 1182 ventsse
1700 1147 1749 1179 et
1772 1143 1822 1177 in
1845 1143 1952 1176 loco

162 1206 310 1238 Rau-end
334 1210 491 1250 appellato
520 1221 591 1241 cum
612 1215 687 1253 pagi
714 1212 875 1252 praefecto
903 1212 1035 1242 fratrum
1063 1210 1232 1240 amicitiam
1261 1210 1406 1239 coluisse.
1457 1207 1527 1238 Uno
1556 1206 1692 1236 Asadita
1721 1208 1844 1233 mortuo
1873 1201 1951 1230 duos

161 1272 280 1301 amicos
307 1273 436 1303 relictos
464 1283 560 1313 super
587 1275 736 1314 sepulcro
764 1275 878 1305 mortui
903 1274 1025 1304 duobus
1054 1273 1178 1312 poculis
1197 1271 1364 1301 exhaustis
1387 1270 1512 1300 tertium
1532 1269 1562 1297 in
1581 1266 1762 1306 sepulcrum
1784 1262 1950 1293 effudisse.

161 1333 273 1362 Altero
301 1343 425 1373 quoque
460 1342 584 1366 mortuo
611 1337 778 1367 Asaditam
805 1342 976 1376 sequentes
1003 1346 1121 1366 versus
1150 1344 1268 1365 canens
1296 1339 1328 1365 et
1354 1343 1449 1364 unum
1476 1332 1624 1372 poculum
1644 1330 1754 1360 bibens
1774 1327 1835 1357 duo
1853 1332 1951 1363 super

159 1395 307 1434 sepulcra
334 1396 525 1428 effudisse„
562 1399 725 1438 Izpahana
760 1409 840 1429 anuo
878 1399 1033 1429 vicesimo
1070 1397 1212 1428 secundo
1252 1396 1308 1426 sub
1346 1394 1475 1425 Ohmari
1511 1392 1639 1432 imperio
1674 1392 1862 1430 expugnata
1899 1389 1951 1415 est

160 1457 285 1496 (Abulf.
314 1458 395 1488 Aun.
424 1459 461 1488 T.
489 1459 511 1488 1.
541 1469 571 1499 p.
599 1460 710 1500 248.)
771 1460 919 1490 Rawend
955 1466 1062 1491 autem
1100 1462 1191 1491 locus
1230 1459 1357 1489 ditionis
1394 1456 1575 1496 lzpahanae
1611 1458 1671 1484 est.
1736 1452 1812 1482 vox
1850 1447 1953 1493 0¹³9&

161 1521 284 1562 origine
310 1521 441 1552 Persica
467 1522 527 1552 hoc
553 1523 583 1552 in
609 1523 678 1553 loco
703 1528 758 1553 aut
785 1524 876 1554 unius
902 1524 973 1564 pagi
996 1528 1051 1554 aut
1071 1524 1205 1563 plurium
1226 1532 1381 1564 pagorum
1401 1520 1600 1561 praefectum
1621 1517 1792 1557 designare
1811 1512 1948 1542 videtur.

159 1584 288 1615 versus
314 1590 487 1624 sequentes
515 1586 544 1615 in
572 1586 844 1618 Ebu-Challikani
871 1596 969 1628 opere
994 1598 1025 1628 p.
1053 1587 1084 1617 1²⁴1
1112 1586 1161 1618 ed.
1184 1587 1224 1617 cl.
1254 1583 1420 1616 Wustenf.
1449 1583 1597 1624 leguntur
1623 1579 1766 1620 pluribus
1795 1580 1851 1606 aut
1878 1584 1951 1605 mu·-

160 1647 237 1676 tatis
264 1653 320 1678 aut
346 1649 472 1679 omissis
499 1654 554 1680 aut
580 1650 706 1680 additis.

161 1756 188 1785 1.
212 1756 237 1786 0
259 1759 354 1786 amici
371 1760 433 1787 mei
451 1757 534 1788 duo!
550 1762 826 1799 esperyiscamini,
850 1761 904 1790 diu
927 1763 1010 1790 enim
1032 1771 1141 1790 somno
1164 1758 1365 1790 indulsistis!
1385 1758 1522 1788 Obsecro
1543 1765 1613 1793 vos,
1645 1761 1789 1783 somnum
1809 1752 1948 1779 vestrum

944 1825 1007 1844 mm
1027 1818 1145 1854 fim'elis
1154 1815 1168 1844 !

260 1894 418 1932 Mortuos,
447 1905 528 1935 quos
556 1895 749 1927 dormientes
777 1906 852 1928 esse
880 1897 984 1939 fingit,
1011 1898 1180 1937 alloquitur
1206 1907 1325 1939 rogans
1352 1904 1568 1935 monensque,
1606 1896 1640 1923 ut
1666 1892 1949 1931 expergiscantur·

161 1956 195 1986 In
221 1957 329 1987 verbis
357 1956 380 1986 L·
397 1954 459 1992 διὸ
487 1958 605 1997 duplex
629 1959 806 1998 explicandi
830 1960 943 1990 modus
971 1962 1138 2001 reperitur,
1166 1970 1294 2000 quorum
1320 1968 1401 1989 unus
1429 1962 1492 1997 est,
1520 1965 1580 1996 quo
1607 1964 1675 1984 vox
1701 1950 1726 1981 Lo
1746 1962 1765 1982 a
1786 1958 1951 1993 gramma-

161 2018 233 2048 ticis
259 2018 326 2048 245&
354 2020 512 2059 appellata
538 2021 710 2051 rectionem
737 2022 958 2052 antecedentis
982 2023 1170 2062 impediens,
1199 2033 1268 2053 cum
1288 2031 1370 2052 voce
1388 2017 1450 2055 &kb
1469 2020 1637 2049 coniuncta
1662 2017 1693 2046 in
1717 2024 1809 2046 unam
1834 2022 1951 2043 vocem

161 2081 249 2120 quasi
277 2081 442 2111 coalescit.
493 2082 569 2112 Inde
596 2082 652 2123 fit,
680 2087 715 2112 ut
741 2083 873 2113 verbum
901 2092 963 2112 non
990 2085 1125 2124 amptius
1153 2084 1286 2113 verbum
1313 2083 1367 2124 sit;
1404 2081 1463 2112 sed
1490 2090 1561 2111 cum
1587 2089 1671 2109 voce
1698 2076 1722 2106 L·
1749 2076 1950 2120 coniunctum

160 2143 334 2183 particulae
361 2144 463 2174 locum
489 2150 608 2176 teneat.
660 2146 715 2176 Nil
742 2155 865 2185 quoque
892 2147 1032 2188 impedit,
1060 2148 1227 2187 quominus
1254 2156 1320 2176 vox
1338 2143 1362 2174 Le
1378 2145 1512 2176 averbo
1528 2140 1590 2177 δώ
1604 2145 1754 2181 separata
1781 2138 1951 2174 scribatur,

161 2206 444 2247 (quemadmodum
469 2208 501 2238 in
527 2213 618 2239 textu
644 2219 762 2239 versus
789 2211 889 2239 nostri
917 2211 1093 2250 invenitur)
1124 2216 1157 2241 et
1183 2220 1254 2241 cum
1282 2214 1440 2250 sequente
1466 2208 1565 2238 verbo
1592 2203 1862 2246 significationem
1889 2207 1949 2227 110-

159 2268 252 2298 minis
279 2269 412 2300 actionis
439 2267 578 2316 (Mo-93)
588 2267 650 2304 Sub
665 2271 830 2301 diuturnus
845 2277 896 2301 est
909 2282 1041 2302 somnus
1054 2274 1182 2312 vester)
1201 2272 1340 2302 offerens
1358 2271 1530 2313 cogitetur.
1567 2269 1602 2299 Si
1619 2269 1703 2308 prior
1720 2275 1786 2296 vox
1800 2267 1948 2299 tanquam

161 2340 234 2362 cum
260 2331 314 2362 illa
339 2332 561 2373 coniungenda
587 2332 743 2374 habetur,
775 2344 848 2365 cum
874 2334 926 2364 illo
955 2335 1120 2366 scribendo
1146 2338 1376 2377 coniungatur-3
1404 2336 1454 2364 sin
1482 2334 1583 2363 altera
1609 2333 1747 2370 ponitur,
1776 2324 1950 2365 separatim

160 2399 296 2434 ponatur
327 2404 464 2425 necesse
497 2400 548 2424 est
583 2395 701 2434 (conf.
729 2397 859 2427 Harir.
887 2408 917 2437 p.
943 2401 969 2428 lo
993 2398 1123 2438 schol.).
1176 2399 1210 2427 In
1246 2396 1437 2437 explicanda
1469 2404 1552 2425 voce
1586 2389 1717 2426 Μωρέ
1752 2387 1950 2418 scholiastes

160 2460 350 2490 sententiam
375 2459 561 2490 Sibawaihii
588 2461 785 2500 grammatici
812 2461 990 2502 adnotavit,
1024 2461 1243 2492 accusativum
1277 2458 1370 2489 modo
1397 2457 1529 2488 nominis
1556 2454 1705 2491 actionis,
1738 2450 1822 2490 quod
1855 2454 1950 2479 ante-

162 2520 289 2552 cedenti
315 2522 529 2553 confirmando
556 2523 724 2563 inserviat,
760 2533 779 2553 e
809 2524 909 2554 verbo
945 2523 1064 2553 omisso
1098 2522 1238 2562 pendere
1263 2519 1396 2560 (conf.
1427 2517 1537 2549 Gram.
1568 2516 1625 2546 Ar.
1652 2515 1689 2544 T.
1716 2514 1754 2544 Π.
1780 2523 1810 2552 p.
1839 2514 1950 2554 113.)-

161 2596 302 2627 Similem
331 2597 484 2628 rationem
511 2607 588 2628 esse
618 2598 648 2627 in
684 2597 906 2637 interrogando
940 2597 1048 2628 verbis
1076 2590 1140 2625 lix<
1167 2596 1249 2636 jam-
1273 2592 1293 2623 ὃ
1319 2591 1449 2635 κόνι-μ,
1484 2592 1577 2633 quasi
1604 2580 1692 2628 35.ῷὶ
1719 2591 1851 2630 dixerit,
1887 2591 1948 2622 nisi
