2155 2892
874 137 913 144 —
973 118 1146 149 658—-

126 224 308 264 praeseetus
325 232 405 252 anno
433 221 479 250 82
507 220 586 250 diem
614 218 701 258 obiit,
729 222 897 258 postquam
918 218 1014 249 filium
1042 218 1188 249 Jasidum
1205 227 1430 249 successorem
1450 222 1480 250 in
1500 219 1662 259 provincia
1682 220 1923 262 designaverat.

131 288 175 318 De
213 287 334 327 origine
363 285 457 314 huius
485 282 623 313 familiae
657 280 766 310 confer
792 281 898 311 Abulf.
927 282 1010 312 Ann.
1042 282 1079 311 Τ.
1109 281 1123 310 Ι
1149 280 1220 311 adn.
1253 281 1332 312 193.
1386 282 1478 311 Anno
1512 281 1578 311 102
1613 292 1707 321 quum
1735 283 1865 314 Jasidus
1894 285 1924 314 in

125 349 317 379 cnon-asana
344 347 535 385 rebelasset,
563 344 677 375 Jasido
705 343 791 373 victo
818 348 851 374 et
877 346 986 374 occiso
1018 354 1037 374 a
1062 344 1225 383 Moslima,
1253 348 1320 374 tota
1347 354 1427 385 gens
1455 345 1560 376 deleta
1587 350 1647 375 est.

128 434 158 461 2.
203 431 242 461 Si
260 431 381 468 yloriae
405 431 521 459 dictum
545 432 651 458 esset:
682 429 731 458 Ab
761 430 800 457 iis
822 430 950 467 deflecle
973 440 1088 469 eosque
1109 430 1273 469 relinque,
1302 440 1398 469 qmcm
1428 431 1538 459 mundi
1563 433 1727 468 imperium
1755 441 1909 460 eoeerceas

886 493 949 511 mm
970 485 1162 522 tlefieoeisset.

224 551 365 583 Gloriam
401 552 431 581 in
470 555 566 593 geute
594 551 655 581 ista
683 553 871 582 commorari
909 553 981 582 inde
1016 562 1077 582 non
1112 563 1335 593 recessuram,
1372 562 1558 592 quamquam
1597 553 1627 582 in
1671 552 1786 582 mundo
1828 553 1920 583 aliam

124 615 290 645 stationem
337 614 455 644 habere
492 616 605 653 possit.
676 614 775 644 Hisce
815 614 979 655 ostendit,
1014 622 1144 655 gentem
1179 617 1280 655 gloria
1325 616 1461 645 maxime
1503 614 1627 656 dignam
1672 625 1759 646 esse.
1820 615 1922 644 Poeta

124 677 290 707 Albohtori
310 676 448 706 adhunc
474 686 601 707 sensum
622 677 765 716 proxime
792 677 915 707 accedit
943 677 1075 707 dicens:
1105 679 1214 715 (metr.
1233 677 1382 718 Camel)3
1410 682 1437 714 ὃ
1463 673 1538 721 ab)
1562 674 1635 723 5555
1661 665 1737 713 035
1764 674 1848 720 vai)
1877 673 1925 714 lae9l

126 734 221 780 ᾧςκζ.)
250 736 275 771 ,ἕ
302 737 334 773 κᾶθ’
358 734 457 767 ϊόκλίο
483 739 553 777 &9⁸-
609 741 787 770 »Nonne
821 740 994 780 vidisti,
1035 741 1217 781 gloriam
1260 741 1302 769 in
1343 743 1475 780 gente
1512 738 1740 769 'rhalhahi
1775 739 1925 768 sellam

123 809 242 830 suarm
271 798 582 840 deposuisse?
609 803 705 832 'l'um
733 801 836 831 inde
863 813 942 832 non
969 803 1107 836 abiit,«
1164 803 1272 833 Verbo
1299 800 1370 838 &lb
1397 811 1434 831 se
1458 802 1496 831 ab
1523 802 1626 840 aliquo
1655 802 1824 841 separandi
1851 803 1923 842 sig-

129 861 341 891 nificationem
361 871 449 903 esse,
468 863 663 892 scholiastes
686 873 785 892 versu
804 864 998 905 Nabeghahi
1018 865 1152 903 probare
1171 865 1294 895 studuit
1321 866 1431 903 (metr.
1451 864 1601 904 Basith):
1631 864 1662 896 G
1675 875 1722 895 en
1735 875 1751 895 s
1779 867 1918 896 Banu-

121 923 150 953 A
170 923 276 952 hmir
304 923 435 953 dixit:
475 925 503 953 A
531 930 671 965 gente
699 925 975 955 Banu-Asad
1004 935 1084 955 vos
1111 921 1352 966 separate!
1396 927 1422 957 Ο
1449 926 1749 956 infortunium
1785 927 1886 967 igno
1904 943 1921 948 -

122 986 329 1026 tantiae,
357 995 468 1024 quae
496 987 708 1027 gentibus
736 982 908 1017 nocet!«

123 1058 155 1086 2.
205 1057 347 1085 Virtutes
369 1059 494 1087 animae
514 1062 598 1093 sunl,
623 1059 736 1097 quibus
755 1070 836 1097 qens
858 1041 1034 1089 Jiolmllebe·
1051 1071 1129 1098 prae
1153 1063 1286 1090 caeteris
1310 1062 1489 1090 lmmme'bus
1513 1069 1676 1098 corporum
1699 1059 1765 1088 loco
1788 1063 1874 1089 sunt.

226 1126 374 1155 Virtutes
404 1135 470 1157 cum
498 1128 608 1157 animis
636 1133 823 1167 comparat,
864 1139 942 1168 quae
980 1130 1009 1158 in
1047 1131 1233 1169 corporibus
1267 1130 1378 1160 sedem
1413 1130 1540 1160 habent.
1595 1129 1742 1159 Virtutes
1769 1128 1799 1157 in
1826 1133 1923 1168 gente

120 1188 295 1217 Mohallebi
319 1193 470 1228 tanquam
489 1190 612 1220 animae
628 1191 657 1220 in
685 1191 872 1230 corporibus
899 1191 1053 1221 habitant.
1091 1193 1131 1222 Ut
1162 1193 1251 1233 genti
1287 1193 1338 1223 isti
1366 1203 1442 1232 prae
1471 1192 1606 1222 caeteris
1637 1190 1798 1221 excellere
1827 1190 1921 1228 (licat,

126 1251 265 1281 caeteris
292 1252 432 1282 virtutes
458 1252 619 1293 denegat,
649 1255 736 1293 genti
763 1253 937 1282 Mohallebi
965 1263 1073 1283 omues
1100 1255 1239 1284 virtutes
1277 1255 1396 1287 tribuit.
1448 1255 1651 1284 Scholiastae
1679 1253 1794 1283 dicenti
1820 1257 1919 1293 gente

122 1312 296 1342 Mohallebi
324 1315 463 1344 virtutes
491 1315 666 1344 consistere
696 1320 729 1344 ut
757 1324 889 1354 corpora
916 1316 1037 1357 animis,
1053 1317 1289 1347 assentiendum
1314 1327 1376 1347 non
1395 1327 1472 1347 esse
1491 1321 1578 1356 puto.
1620 1315 1712 1354 Quae
1731 1324 1921 1355 quamquam

123 1382 203 1403 vera
232 1378 318 1415 sunt,
348 1379 454 1405 tamen
480 1375 680 1415 comparandi
708 1376 768 1406 alia
794 1377 874 1406 ratio
903 1382 964 1406 est.

880 1472 1160 1506 cxxxvu.

571 1536 720 1570 Soron·
744 1538 993 1571 Aluafflnffl
1017 1539 1058 1572 1».
1078 1540 1314 1573 Alban-ets
1338 1538 1474 1572 dixit.

860 1598 897 1637 (c
913 1608 930 1627 o
947 1598 996 1628 nt.
1034 1609 1064 1638 p.
1092 1598 1179 1638 frmi.)

127 1665 156 1693 1.
202 1665 286 1694 Dum
310 1666 394 1694 mille
416 1668 478 1702 dal,
503 1671 786 1698 renmneralionem
809 1679 872 1698 mm
889 1674 968 1707 petil
989 1673 1067 1705 eius,
1090 1672 1174 1709 quod
1189 1673 1287 1709 facit,
1310 1675 1436 1707 praeter
1462 1671 1561 1699 Deum
1585 1672 1800 1709 meritumque.

222 1735 324 1765 Prima
351 1736 478 1775 species
506 1737 594 1766 metri
622 1738 731 1766 Basith
759 1739 919 1776 appellati.
962 1740 1046 1769 Dum
1072 1740 1103 1768 in
1130 1740 1274 1769 homines
1302 1739 1457 1769 beneficia
1485 1739 1621 1779 confert,
1651 1740 1764 1770 nullam
1791 1738 1915 1769 laudem

122 1795 284 1827 desiderat
311 1808 349 1828 ea
377 1800 629 1830 remuneratione
659 1806 851 1842 contentus,
879 1811 972 1841 quam
999 1812 1018 1832 a
1045 1803 1134 1844 Deo,
1161 1802 1233 1833 dum
1267 1802 1307 1833 ad
1334 1812 1406 1832 eum
1434 1802 1687 1843 appropinquat,
1722 1806 1917 1840 exspectare

123 1864 231 1897 potest
259 1865 291 1890 et
320 1870 401 1900 quae
429 1862 457 1890 in
485 1862 554 1901 ipsa
583 1864 702 1893 virtute
732 1868 793 1892 est.

865 1970 1183 2006 cxxxvnu.

456 2036 677 2078 zafljjah
702 2037 812 2070 filia
842 2038 1420 2072 Ahlnl-Almoththalehi
1447 2037 1584 2071 «lixit.

708 2098 812 2135 (Ante
840 2097 984 2127 Islamum
1012 2098 1136 2127 vixisse
1171 2098 1324 2137 videtur.)

119 2167 146 2195 1.
192 2165 242 2195 0!
278 2168 350 2204 quis
373 2167 417 2194 ad
435 2170 558 2203 gentem
582 2168 741 2196 Koraisclz
765 2169 802 2196 (Ie
825 2179 873 2197 me
895 2172 1039 2198 mentium
1058 2170 1144 2207 fert:
1169 2168 1345 2204 Quamnam
1368 2173 1404 2200 ob
1427 2180 1557 2199 causam
1579 2172 1612 2200 in
1642 2172 1730 2200 nobis
1754 2173 1917 2209 imperium

832 2225 1099 2261 princepatusque
1129 2223 1204 2252 est?

217 2288 407 2318 Mersukius
424 2310 432 2326 ‚
469 2299 563 2329 quem
599 2290 788 2320 scholiastes
816 2297 927 2321 noster
954 2298 1089 2322 secutus
1117 2297 1188 2332 est,
1223 2292 1370 2323 feminam
1398 2298 1526 2334 gentem
1553 2302 1640 2324 suam
1669 2294 1800 2324 incitare
1827 2292 1913 2331 dicit,

120 2356 177 2388 ut,
205 2353 257 2390 qui
284 2351 492 2390 principatum
520 2356 647 2390 teneat,
685 2352 798 2382 officiis
826 2354 894 2383 suis
921 2354 1083 2395 fungatur.
1135 2356 1169 2383 In
1196 2355 1325 2384 scholiis
1353 2356 1518 2394 sequentis
1544 2365 1661 2386 versus
1689 2365 1760 2385 eam
1785 2358 1912 2395 gentem

121 2413 263 2452 Omajjah
293 2413 462 2443 allocutam
491 2423 567 2443 esse
597 2424 730 2453 eamque
750 2415 996 2456 reprehendere,
1025 2417 1107 2455 quod
1131 2417 1190 2446 sibi
1206 2417 1369 2457 imperium
1390 2417 1547 2449 adsumat.
1582 2418 1710 2447 Poetria
1735 2416 1763 2445 si
1789 2417 1913 2445 seriore

125 2480 269 2514 tempore
295 2476 396 2515 vixit,
427 2485 479 2505 res
507 2479 549 2506 ita
575 2486 610 2507 se
638 2477 754 2506 habere
783 2481 909 2516 potest3
937 2477 986 2506 sin
1014 2476 1125 2513 aliter,
1153 2487 1284 2508 sensum
1312 2479 1341 2507 in
1369 2479 1476 2508 verbis
1504 2488 1565 2508 non
1594 2478 1719 2508 invenio
1747 2486 1850 2515 neque
1874 2477 1912 2504 iis

122 2539 308 2567 necessario
334 2539 442 2568 inesse
468 2538 572 2572 video,
601 2538 733 2568 Femina
761 2543 890 2579 gentem
918 2547 1007 2568 suam
1036 2539 1230 2581 laudaturus,
1259 2545 1293 2570 ut
1321 2540 1359 2570 ad
1387 2540 1511 2570 laudem
1539 2543 1754 2579 praepararet,
1781 2546 1911 2567 causam
