2155 2892
948 118 1193 148 -97-

175 217 277 248 donec
306 216 344 247 ad
377 217 480 248 lot-um
509 217 645 248 Cltnll'ah
680 219 760 247 inter
795 216 943 245 ditionem
977 217 1085 256 gentis
1120 215 1235 247 Olikail
1273 222 1305 247 et
1339 220 1447 257 gentis
1484 218 1572 248 saint
1603 220 1630 248 b.
1657 219 1776 249 't‘ninim
1806 219 1965 250 transiens

173 280 242 309 viro
272 280 369 309 Mulie
399 280 426 308 b.
447 280 575 310 Olimair
603 280 620 308 b
624 300 813 307 ......
841 278 869 309 b.
899 278 1027 308 Alalitic
1042 277 1069 317 ¹)
1097 279 1246 318 occurrit,
1274 281 1325 318 qui
1342 289 1471 309 uxorem
1490 291 1506 309 e
1528 287 1625 318 gente
1644 280 1822 320 t'lial'utljali
1851 286 1964 318 ortam,

174 343 298 373 Nawar
316 343 629 382 appellatamsecnm
647 340 791 370 liubi-bat.
822 340 992 379 Sumit-um,
1020 342 1150 372 cuicum
1179 348 1277 381 gente
1297 342 1474 371 t'tiatsatun
1516 344 1664 372 imit-iliae
1699 344 1964 384 intercessissent,

171 405 223 435 ille
252 405 299 434 vir
327 403 549 434 Ctiutsatnnita
576 403 716 443 rogavit,
746 408 779 432 ut
807 403 866 432 sibi
895 404 992 433 vitum
1021 414 1112 433 suam
1142 405 1296 434 redimere
1324 406 1445 435 liet-ret.
1474 406 1619 435 Solita-us
1646 416 1710 435 rem
1738 409 1898 436 concessit
1926 416 1965 436 ea

173 468 361 507 conditione,
390 472 421 498 ut
450 466 569 505 perlide
594 475 654 494 non
685 475 786 505 agens
815 466 928 494 nemini
962 477 979 495 e
1007 471 1100 506 gente
1118 468 1293 497 Cliutsalnn
1312 468 1412 498 lot-nm
1434 478 1527 498 sunm
1557 469 1707 498 indit-aret
1737 464 1805 505 (ΙΙ.
1830 464 1963 506 118.)

171 530 229 559 vir
257 538 386 559 uxorem
413 538 525 567 suam,
554 537 645 566 qnam
671 528 699 557 in
727 528 957 557 matrimonium
986 528 1130 568 «luceret,
1155 530 1282 559 Solaico
1311 531 1484 559 concessit.
1539 530 1627 559 Uxor
1647 540 1729 559 novn
1750 540 1841 569 quum
1859 534 1963 570 ipsum

170 597 299 633 gentem
327 591 504 622 Chatsalim
533 587 648 620 cavere
678 590 809 629 iuberet,
836 590 982 620 Solaicns
1011 597 1183 629 sequentes
1213 601 1331 620 versus
1360 593 1508 622 recitavit
1536 596 1642 627 (metr.
1665 593 1826 629 'rhun-ili:
1856 592 1962 624 Gen-

172 659 253 684 tem
282 654 514 684 Cltatsalim
543 664 600 683 me
628 664 782 683 cavere
810 654 946 691 iubet,
976 664 1211 693 quamquam
1239 655 1339 692 seit,
1378 664 1431 683 me
1468 655 1598 685 virum
1628 666 1744 696 esse>
1783 657 1850 695 qui
1886 657 1962 686 lio-

171 716 311 746 stibus
337 726 411 745 non
440 717 647 746 tradatur.
702 716 813 746 Gens
843 716 1075 746 Cltatsalim
1106 717 1206 746 vilis
1237 722 1277 745 et
1306 716 1514 754 despecta
1542 723 1621 753 est,
1657 728 1762 757 quae
1791 720 1962 749 nonnisi

169 787 248 808 cuin
275 779 454 808 vilitate
482 779 708 808 coniuncta
735 783 798 807 est
831 784 912 808 eta
940 773 1122 809 vititu'te
1158 780 1440 818 stultitiaque
1473 780 1683 819 originem
1717 780 1841 814 ducit.
1895 782 1962 812 Res

169 850 262 881 quum
306 842 344 871 nd
387 842 546 871 Schiblum
587 842 614 871 b.
658 841 791 871 Kiladalt
832 842 860 871 b.
900 842 1020 871 Atinii-u
1063 843 1091 871 b.
1130 842 1219 872 Salui
1262 843 1289 871 b.
1333 843 1462 872 otus-ait*
1503 844 1530 872 b.
1563 844 1656 873 Alitic
1691 850 1724 874 et
1755 846 1898 876 Anasum
1933 848 1960 877 b.

168 905 335 935 Modricalt
363 904 466 934 delata
493 910 596 943 esset,
631 905 662 934 lii
691 905 758 934 viro
787 905 830 934 illi
860 904 1101 934 Cliatsalnnitae
1135 906 1299 935 adversati
1329 907 1479 935 metuenti
1516 906 1678 936 Alsolaieo
1720 914 1814 938 noctu
1843 918 1961 948 super-

169 977 289 997 venere
324 972 498 1006 sequentes
528 976 644 996 versus
679 967 794 996 dicenti
835 968 944 1004 (metr.
973 966 1067 995 Sarili
1104 976 1133 1005 p.
1163 977 1192 1005 p.
1221 966 1342 1005 2460:
1389 967 1494 1004 Quis
1531 968 1668 997 llarbo
1705 968 1820 1007 (silio
1859 972 1960 1010 tneo)

170 1039 228 1059 me
261 1030 448 1059 occisum
483 1038 580 1058 esse
617 1032 805 1059 nuntium
842 1026 955 1059 fert?
996 1030 1026 1059 0
1055 1029 1226 1068 quoties
1261 1030 1455 1069 praedam
1492 1032 1645 1071 collegi
1683 1038 1869 1072 tanquam
1897 1043 1959 1064 ra-

169 1103 269 1123 ntum
309 1092 444 1121 botris
474 1092 679 1122 refertum
708 1087 926 1133 Gargano!
957 1092 982 1121 0
1021 1097 1119 1131 quot
1155 1092 1364 1122 liberales
1402 1094 1436 1123 in
1472 1099 1585 1124 terra
1621 1101 1866 1133 prostratos
1899 1107 1959 1126 re·-

166 1150 295 1194 liqni!
324 1160 359 1184 et
388 1160 483 1192 quot
510 1153 722 1183 dorcades
751 1154 953 1193 pulchras
982 1155 1017 1183 in
1046 1155 1343 1184 matrimonium
1380 1155 1493 1188 duxi!
1559 1156 1605 1185 Et
1633 1162 1731 1195 quot
1766 1159 1959 1196 captivo-

170 1227 252 1247 rum
279 1216 451 1246 vincula
488 1210 592 1254 rupi!
633 1219 671 1245 et
706 1221 801 1254 quot
839 1217 976 1246 valles
1014 1217 1206 1248 leonibus
1243 1218 1439 1257 impletas
1477 1218 1665 1258 pervadi!
1719 1220 1850 1250 Anasus
1880 1231 1959 1250 vero

168 1279 381 1317 Schiblusqne
410 1279 489 1308 inter
516 1290 552 1308 se
586 1285 825 1318 convenerunt,
863 1285 897 1309 ut
934 1280 985 1309 ille
1010 1281 1195 1318 Solane-um,
1236 1281 1286 1310 hic
1314 1283 1420 1310 sot-ios
1449 1282 1515 1310 eius
1551 1281 1722 1312 occideret.
1776 1282 1902 1312 Auhl'us
1929 1284 1958 1313 b.

166 1341 278 1372 larbuli
307 1341 536 1380 t‘liatsutnnita,
566 1341 614 1379 qui
645 1342 799 1379 patruelis
827 1343 919 1372 istius
948 1342 1017 1382 viri,
1047 1343 1174 1382 Maleci,
1201 1348 1303 1383 esset,
1332 1343 1425 1372 istam
1454 1344 1492 1373 ob
1520 1354 1585 1373 retn
1613 1344 1724 1385 iratus,
1752 1354 1789 1374 se
1818 1346 1959 1375 Anasum

166 1405 345 1435 occisurum
371 1414 447 1434 esse
474 1403 563 1440 dixit,
591 1405 642 1442 qui
672 1404 848 1434 clientelam
877 1405 979 1443 patrui
1007 1405 1054 1434 sui
1082 1405 1201 1435 irritam
1229 1404 1350 1434 fecerit.
1405 1406 1493 1434 Ilaec
1529 1410 1596 1435 erat
1632 1415 1749 1446 cansa,
1785 1416 1841 1436 cur
1877 1415 1958 1436 unus

165 1467 300 1497 alterum
326 1467 474 1496 versibus
503 1471 635 1505 peteret.
689 1467 784 1496 Istam
814 1477 881 1497 rem
916 1467 1091 1506 respiciens
1121 1468 1248 1497 Anasus
1277 1467 1294 1497 b
1335 1464 1497 1510 Modriess')
1526 1468 1635 1505 (metr.
1665 1468 1811 1508 Rasum:
1850 1468 1959 1507 Quot

165 1528 379 1559 fratribus
409 1529 637 1570 generosis
665 1530 867 1568 privatus
897 1529 1107 1569 s11n1;sed
1135 1536 1232 1568 post
1259 1540 1396 1560 eorum
1433 1531 1634 1561 iacturam
1669 1532 1815 1562 instar
1854 1531 1958 1571 lapi-

165 1589 231 1621 dis
260 1592 394 1621 mansi
422 1591 561 1630 (dolor
588 1594 627 1622 in
655 1603 711 1622 me
738 1593 816 1622 vim
844 1603 920 1623 non
948 1594 1173 1631 exercuit).
1204 1593 1452 1623 Calamitati
1481 1603 1534 1622 me
1563 1603 1640 1622 non
1668 1594 1955 1624 submitto.1n

167 1664 229 1693 re,
257 1664 275 1684 a
302 1663 380 1693 qua
406 1655 669 1696 obtingenda
698 1666 806 1686 mors
834 1667 892 1686 me
919 1661 1123 1697 separat,
1152 1656 1368 1695 palpebras
1399 1656 1568 1693 (timore
1604 1656 1848 1695 perculsus)
1880 1666 1956 1686 non

165 1717 380 1746 contraho.
434 1717 647 1748 Bellorum
686 1728 768 1759 ego
804 1727 888 1748 sum
925 1719 1039 1758 lapis
1075 1719 1225 1757 (sortis
1260 1722 1486 1758 pugnator)
1523 1727 1586 1747 res
1623 1722 1832 1758 tractans,
1869 1719 1955 1748 dum

165 1781 238 1812 atii
266 1782 312 1810 ob
342 1791 410 1810 res
438 1783 804 1820 supervenientes
832 1791 937 1811 oves
967 1783 1150 1822 pingues
1178 1786 1279 1810 sunt
1311 1779 1505 1822 (fortiter
1532 1789 1605 1809 non
1627 1777 1841 1822 pugnant).
1870 1781 1953 1821 Ego

165 1851 205 1875 et
240 1845 346 1886 quod
373 1845 537 1874 Solaiei
575 1845 749 1886 caedeS,
788 1852 1012 1886 postquam
1054 1845 1228 1874 occisus
1267 1848 1353 1882 est,
1394 1842 1577 1881 pecunia
1616 1841 1832 1880 expianda
1866 1846 1953 1881 est,

167 1914 290 1938 tauro
316 1908 484 1937 similes
514 1917 680 1947 snmus,
711 1910 779 1946 qui
807 1907 926 1938 fuste
954 1907 1218 1946 percutitur,
1245 1906 1413 1944 quando
1442 1915 1602 1935 vaceae
1630 1914 1774 1944 aquam
1803 1906 1952 1934 nolunt.

165 1972 268 2001 Viro
303 1971 439 2000 iratus
468 1980 596 2010 eram,
636 1980 751 2008 quum
789 1973 883 2000 eius
920 1980 1020 1999 uxor
1049 1969 1126 1998 alii
1154 1969 1245 1997 viro
1282 1967 1445 1997 tradita
1481 1971 1603 1996 esset
1637 1972 1678 1996 et
1706 1975 1833 2006 super
1861 1967 1952 1996 eius

164 2033 348 2072 podicem
378 2034 590 2072 postilena
617 2034 804 2074 alligata
829 2038 957 2063 esset.
1011 2033 1211 2061 Sclioliastes
1241 2031 1423 2069 adnotavit,
1461 2031 1606 2069 Arabes,
1635 2031 1662 2059 si
1692 2040 1810 2060 vaccae
1839 2041 1951 2070 aquam

164 2101 353 2132 renuerent,
390 2095 419 2124 id
457 2095 662 2125 daemonibus
691 2096 876 2125 adscribere
909 2100 940 2125 et
974 2096 1134 2131 turrentes,
1172 2104 1210 2122 ne
1239 2103 1360 2123 vaccae
1387 2094 1439 2122 siti
1468 2094 1722 2133 conficerentur,
1759 2099 1884 2122 taurum
1912 2093 1951 2122 atl

163 2168 278 2198 aquarn
305 2158 337 2186 vi
366 2157 537 2196 impellere,
568 2163 600 2187 ut
628 2168 698 2187 eum
728 2168 850 2187 vaccae
879 2164 1063 2196 sequantur.
1118 2158 1332 2187 Daemonibns
1362 2158 1462 2197 plura,
1493 2168 1575 2197 qnae
1604 2158 1780 2187 hominibus
1803 2156 1950 2186 accidunt

163 2223 255 2261 mala,
284 2222 419 2251 maxime
446 2221 583 2261 morbos,
611 2222 648 2250 ab
677 2221 836 2250 Arabibus
863 2221 1000 2250 adscrIbi
1028 2220 1161 2260 legimus
1190 2220 1311 2257 (cons.
1342 2220 1438 2249 Meid.
1469 2221 1501 2260 ⁶7
1531 2221 1586 2250 75.
1615 2220 1721 2250 Abuli'.
1754 2220 1867 2249 Annal.
1896 2219 1948 2258 ΙΙΙ,

162 2285 243 2315 202.
280 2291 308 2314 et
350 2283 467 2313 adnott.
507 2292 535 2321 p.
572 2283 652 2312 685.
690 2284 772 2312 Acta
808 2282 928 2312 Erudit.
967 2292 1062 2311 mors.
1100 2283 1248 2311 Deeemb.
1285 2283 1345 2311 An.
1387 2283 1490 2312 1747.
1528 2283 1577 2312 De
1605 2282 1809 2312 dat-itionibus
1842 2286 1949 2310 autem

162 2347 243 2377 eonl'.
271 2347 308 2376 T.
337 2347 358 2378 Ι.
392 2346 478 2385 129,
514 2345 596 2375 ⁴10.
626 2355 655 2384 p.
684 2346 796 2384 561.)
849 2344 1095 2376 Grammaticum
1124 2345 1324 2375 Abu-FAlila
1352 2345 1426 2374 voci
1446 2346 1504 2391 >2³
1533 2344 1796 2383 significationem
1826 2344 1949 2372 musci

161 2409 349 2449 aquatici
377 2408 518 2444 dedisse,
546 2413 576 2436 ut
599 2413 694 2446 poeta
720 2418 891 2437 vaccarum
921 2408 1108 2437 mentionem
1136 2408 1255 2437 iaciens
1284 2410 1472 2449 aenigmatis
1501 2406 1589 2436 modo
1619 2407 1740 2434 locutus
1767 2405 1819 2433 sit.
1855 2405 1948 2434 Hauc

159 2472 198 2501 ob
225 2480 355 2509 causam
386 2472 519 2510 priorem
549 2469 726 2508 explicandi
755 2470 877 2499 modum
907 2469 1149 2508 praeferendum
1179 2481 1254 2499 esse
1285 2476 1371 2509 puto.
1426 2470 1553 2499 Poetam
1590 2474 1696 2498 autem
1732 2468 1828 2497 istum
1857 2477 1946 2497 coin-

180 2554 209 2586 1)
227 2554 367 2586 Quomodo
387 2561 480 2577 nomen
499 2553 614 2576 derv-ari
635 2552 724 2581 pos-it,
742 2552 902 2575 scholiastes
920 2552 1037 2582 pluribus
1056 2555 1191 2578 describit.

175 2599 208 2630 2]
226 2603 327 2624 sumen
346 2605 399 2624 tam
420 2602 521 2624 Modric
541 2607 619 2633 quiam
638 2600 774 2624 ›t-›driffim
792 2601 958 2624 «nunciatur.

1695 2647 1737 2678 13
