2155 2892
906 108 1148 139 ..64-

132 217 164 246 2.
186 215 337 244 Hostibus
358 213 442 249 iqnz's
466 208 655 239 Malean-elci
674 210 706 237 et
723 208 812 245 qenti
832 215 910 236 suae
929 207 1109 235 sacrarium
1131 214 1174 234 ez·
1194 205 1348 234 sacrariis
1371 206 1472 232 erant.

232 288 379 317 Mortuos
406 284 477 314 illos
503 283 610 314 laudat
635 287 786 322 tauquam
813 284 982 320 strenuos,
1010 282 1041 309 et
1069 287 1126 309 eos
1153 288 1224 309 cum
1251 279 1326 319 igne
1353 279 1442 318 regis
1469 286 1511 306 ex
1538 280 1637 316 gente
1653 274 1782 315 Lachm,
1808 276 1921 306 Almo-

135 350 251 380 harrek
277 346 502 388 cognominati,
529 346 580 385 qui
607 348 732 386 gentem
756 344 830 385 igne
857 342 1032 380 deleverat,
1061 345 1233 380 comparat.
1260 340 1309 369 De
1336 349 1414 379 rege
1442 339 1493 368 illo
1521 338 1670 368 conferas
1682 338 1810 368 Hamas.
1829 348 1860 378 p.
1881 341 1923 368 ΙΛΛ

134 422 167 441 v.
194 410 238 449 3.,
265 410 317 441 uhi
342 408 418 440 illud
445 407 678 438 hemistichium
705 406 735 435 in
762 404 880 434 scholis
909 404 1041 434 citatum
1068 389 1201 444 legitur.-
1256 401 1300 431 Ut
1335 405 1441 431 autem
1476 409 1556 430 suos
1594 399 1744 430 defensos
1771 408 1846 430 esse
1871 399 1922 429 in-

135 473 268 513 dicaret,
297 480 354 501 eos
380 470 556 501 sacrarium
581 467 768 508 appellavit,
795 466 825 496 in
855 466 938 504 quod
967 466 1017 505 qui
1045 465 1200 506 confugit,
1229 469 1317 494 tutus
1344 467 1406 493 est.
1433 462 1535 501 Quum
1562 463 1654 502 plura
1680 461 1822 492 sacraria
1847 461 1922 506 sint,

136 544 232 565 unum
260 534 403 570 Meccae,
430 532 562 562 alterum
588 529 822 569 Hierosolymis
851 527 953 568 (quod
980 528 1010 558 in
1045 527 1142 568 Syria
1169 529 1265 557 situm
1292 527 1365 567 sit),
1401 528 1530 556 tertium
1565 526 1596 555 in
1629 525 1744 565 oppido
1781 524 1922 561 Medinat,

138 601 266 636 poetam
293 592 416 639 2035>35
444 609 486 633 U*
512 593 740 638 205>dixisse
769 592 964 622 scholiastes
991 593 1068 623 vult.

137 713 170 742 3.
194 712 245 742 Ne
265 712 393 740 tristitia
413 719 537 748 pereas,
561 718 633 737 nam
658 718 713 745 eqo
735 710 769 736 in
792 707 910 736 lanceis
931 709 1050 735 nostris
1070 708 1103 734 et
1124 706 1245 734 dierum
1266 703 1535 733 vicissitmlinibus
1553 702 1702 739 fiduciam
1722 700 1826 739 pono!

237 781 412 821 Mulierem,
443 789 532 819 quam
559 779 644 808 initio
671 776 830 817 carminis,
857 781 893 806 ut
919 775 1049 806 multum
1066 775 1217 814 ploraret,
1245 773 1390 803 hortatus
1410 776 1489 810 erat,
1517 771 1712 812 consolatur,
1738 780 1778 800 ne
1795 770 1924 800 tristitia

139 841 348 884 opprimatur,
375 852 446 872 nam
474 842 612 871 futurum
639 848 724 877 esse,
751 843 786 868 ut
814 837 944 868 caedem
972 837 1158 867 ulciscatur.
1210 837 1303 866 Hanc
1329 845 1396 864 rem
1426 839 1490 864 tum
1518 843 1537 863 a
1562 833 1668 874 gentis
1694 842 1773 863 suae
1793 833 1925 863 fortitu-

140 907 212 937 dine
240 911 306 936 tum
333 915 352 934 a
379 904 497 934 dierum
524 901 746 932 vicissitudine
775 904 896 940 sperat.
948 899 1169 930 Accusativus
1207 903 1262 929 aut
1297 907 1424 928 causam
1453 896 1578 936 (conf.
1607 895 1714 926 Gram.
1743 896 1799 927 Ar.
1823 896 1860 925 T.
1888 896 1927 926 11.

139 979 169 1008 p.
197 968 271 1006 79.)
299 971 352 997 aut
380 970 500 996 statum
526 965 688 1005 designat,
715 967 748 993 ut
775 959 844 1009 lcj?
870 972 927 1002 pro
955 958 1056 1010 'sib-L?
1084 962 1127 992 sit
1153 961 1262 993 conf.
1290 961 1362 991 ibid.
1391 971 1419 1000 p.
1449 960 1494 991 ’73
1518 965 1582 990 not.

141 1080 172 1108 4.
196 1077 309 1108 Gentis
337 1076 416 1106 Thai
436 1075 673 1104 consuetudinis
696 1083 772 1110 erya
791 1077 916 1111 ⁸(lentem
938 1072 1032 1102 Asad
1050 1076 1114 1109 est,
1145 1076 1182 1102 ut
1206 1073 1391 1102 lancearum
1422 1072 1507 1100 sitim
1530 1071 1732 1107 restinguant
1752 1072 1782 1097 et
1803 1067 1928 1106 yladios

877 1129 1033 1165 sanquine
1055 1130 1188 1165 linqunt.

241 1200 301 1230 Hic
316 1207 432 1230 versus
446 1200 477 1229 in
491 1197 650 1227 Mersukii
664 1196 775 1227 codice
789 1205 850 1226 non
865 1196 991 1237 legitur.
1023 1196 1157 1226 Pluralis
1183 1191 1270 1224 2:250&
1297 1193 1559 1226 consuetudinem
1589 1193 1789 1234 frequentem
1805 1188 1928 1220 indicat.

946 1292 1141 1325 xxssl.

878 1357 1021 1392 Aiius
1044 1357 1180 1394 «lixit.

241 1434 276 1463 In
304 1432 461 1462 Mersukii
488 1431 608 1462 codicis
636 1432 781 1472 margine
807 1429 1003 1470 adscriptum
1031 1431 1182 1473 legimus,
1209 1441 1363 1462 versuum
1393 1436 1557 1462 auctorem
1579 1428 1870 1461 Alschamardalum
1899 1427 1928 1458 b.

145 1495 310 1526 Alscharic
336 1495 458 1535 fuisse⁷
486 1494 544 1524 sed
572 1503 590 1524 a
614 1493 757 1532 Tebrisio
784 1493 1013 1524 Schamardalo
1040 1504 1158 1525 versus
1185 1505 1215 1535 p.
1244 1496 1294 1526 lml‘l
1324 1473 1473 1534 adscripti
1504 1498 1590 1524 sunt.

146 1606 175 1634 1.
198 1605 473 1636 Abu-I’Milfdami
492 1615 576 1634 mors
598 1605 677 1634 mihi
695 1606 884 1634 annuntiata
906 1608 956 1633 est
974 1608 1006 1634 et
1024 1608 1111 1634 terra
1133 1605 1233 1634 oculis
1257 1607 1334 1634 meis
1354 1608 1447 1643 myra
1467 1607 1617 1643 apparuit
1629 1606 1661 1633 et
1671 1605 1795 1633 azo-ium
1808 1604 1931 1632 meatus

910 1661 1064 1689 obstructi
1083 1663 1168 1691 sunt.

245 1731 319 1762 vox
342 1733 395 1778 ἐξ)
421 1732 452 1761 in
481 1730 593 1761 codice
619 1730 754 1760 Tebrisii
780 1729 894 1769 duplici
922 1730 1027 1759 vocali
1056 1729 1212 1759 Dhamma
1239 1733 1271 1758 et
1296 1728 1403 1757 Kesra
1426 1727 1577 1768 insignita
1595 1731 1656 1756 est.
1683 1726 1786 1756 Tanto
1808 1730 1930 1773 terrore

149 1797 181 1822 et
208 1802 350 1823 moerore
377 1803 414 1822 se
441 1793 601 1832 impletum
630 1792 726 1822 fuisse
753 1792 860 1822 nuntio
886 1791 998 1821 mortis
1026 1789 1150 1832 adlato,
1185 1795 1221 1821 ut
1253 1799 1356 1829 neque
1388 1790 1498 1820 videre
1531 1799 1634 1828 neque
1663 1789 1772 1819 audire
1805 1793 1930 1828 posset.

149 1856 265 1885 'l'error
293 1865 478 1894 moerorque
506 1854 629 1884 subitus
657 1854 785 1883 efficere
814 1858 942 1893 potest,
979 1858 1014 1883 ut
1045 1853 1162 1882 nullam
1197 1863 1263 1882 rem
1301 1856 1426 1892 praeter
1453 1863 1545 1882 unam
1573 1853 1656 1883 illam
1686 1851 1849 1882 videamus
1877 1857 1932 1882 aut

149 1917 319 1947 audiamus.
372 1917 537 1957 Loquendi
565 1916 674 1947 modus
702 1916 800 1957 igitur
824 1926 866 1946 ex
893 1926 997 1946 rerum
1023 1920 1138 1945 natura
1163 1920 1254 1945 ortus
1280 1916 1312 1946 in
1338 1925 1403 1945 rem
1424 1925 1542 1945 omnem
1560 1924 1694 1956 gravem
1714 1914 1931 1954 metaphorice

150 1979 323 2009 translatus
350 1983 409 2010 est.
461 1980 579 2010 Dicunt
604 1989 743 2019 quoque:
781 1979 843 2009 Siti
872 1979 1018 2017 fameque
1044 1988 1139 2008 aures
1167 1978 1240 2007 mihi
1267 1977 1383 2008 surdae
1417 1977 1518 2007 fuere.
1569 1977 1671 2007 Poeta
1705 1976 1784 2007 dixit
1819 1977 1928 2016 (metr.

150 2038 308 2083 Thau-iu:
337 2041 496 2072 Certior
523 2042 668 2076 factus
694 2051 797 2078 sum,
826 2051 902 2082 me,
929 2051 975 2071 ne
1001 2041 1077 2071 tibi
1105 2041 1368 2078 maledicant,
1403 2050 1422 2070 a
1448 2046 1487 2071 te
1513 2041 1807 2080 vituperatum
1835 2051 1931 2071 esse

151 2109 190 2134 et
219 2103 318 2134 haec
346 2113 413 2133 res
440 2114 562 2134 aures
589 2114 702 2134 meas
729 2104 882 2134 surdas
906 2103 1053 2133 reddit.
1106 2103 1250 2133 Ahbidus
1279 2108 1386 2133 autem
1413 2103 1521 2133 verbis
1550 2100 1652 2146 (metr.
1680 2100 1821 2146 Basith):
1849 2103 1930 2144 Ag-

150 2167 259 2197 mina
284 2166 478 2205 vocavit3
506 2166 581 2196 sed
608 2176 737 2196 aures
775 2176 912 2196 eorum
949 2165 1106 2194 surdae
1141 2169 1282 2204 erant3
1320 2164 1396 2195 heu
1431 2161 1506 2195 me!
1544 2165 1579 2195 si
1613 2170 1778 2206 gentem
1816 2165 1930 2196 Asad

149 2232 355 2259 vocasset
390 2228 494 2258 dicere
518 2228 603 2263 vult,
630 2238 697 2258 eam
724 2228 871 2269 vocanti,
909 2227 998 2266 quasi
1027 2236 1088 2256 nou
1118 2227 1281 2268 audirent,
1315 2228 1462 2257 auxilium
1491 2237 1552 2256 non
1578 2227 1787 2267 praestitisse.
1831 2228 1932 2259 Poeta

151 2290 409 2320 Abu-Tammam
434 2289 465 2318 in
491 2289 690 2319 hemistichio
715 2294 872 2328 sequente
899 2298 1029 2318 sensum
1056 2289 1182 2319 imitans
1209 2289 1286 2319 dixit
1305 2290 1413 2328 (metr.
1429 2289 1588 2329 'rhawit):
1616 2290 1735 2319 'ruam
1762 2295 1932 2321 mortem

153 2353 411 2383 annuntians
433 2352 588 2382 surdus
616 2351 668 2381 fit
695 2356 737 2381 et
763 2351 798 2380 si
825 2351 984 2390 optime
1014 2351 1144 2381 audit.

156 2458 227 2502 (p.
249 2459 391 2504 396.)
435 2464 469 2491 2.
492 2462 550 2491 Εα·
572 2462 657 2490 omni
678 2462 814 2497 suspirio
837 2470 919 2499 aqua
942 2460 1028 2489 oculi
1048 2461 1180 2496 adt-enit,
1206 2463 1290 2500 quod
1302 2465 1474 2500 suspirium
1491 2473 1584 2502 quum
1595 2464 1806 2499 descenderet,
1830 2467 1934 2494 costae

866 2524 979 2552 capere
1000 2523 1063 2543 uon
1081 2519 1234 2553 poterant.

256 2584 403 2614 Dolorem
430 2594 521 2616 suum
549 2589 670 2616 tantum
697 2585 811 2624 fuisse,
839 2589 873 2614 ut
899 2583 1001 2614 multis
1029 2593 1099 2616 cum
1125 2586 1271 2625 suspiriis
1306 2592 1337 2617 et
1364 2587 1500 2617 anhelitu
1534 2586 1692 2627 lacrymas
1718 2586 1931 2627 profunderet.

2151 278 2155 303 .-
2139 94 2155 269 μ-..ι;,“Λ-Δ
2143 0 2155 83 -..an-⁴*
