2155 2892
906 121 1176 152 —456—

129 227 160 256 4.
202 226 348 262 Profecto
358 222 373 252 !
395 225 425 252 si
435 224 535 252 vicino
550 225 651 251 vestro
662 222 752 261 fidem
773 231 901 251 servare
922 222 1111 256 voluissetis,
1123 222 1156 249 in
1170 221 1254 249 vobis
1271 219 1393 255 barbae,
1405 218 1487 248 colla
1501 219 1583 248 dura
1597 228 1753 258 naresque
1766 222 1915 260 fuissent.

226 293 276 323 Ad
303 296 431 332 satyrae
457 296 678 332 argumentum
708 292 837 331 propius
864 291 998 321 accedit.
1042 289 1182 321 Gentem
1209 289 1314 319 vicino
1341 297 1402 318 suo
1425 287 1517 318 fidem
1544 287 1628 318 haud
1654 297 1810 318 servasse
1836 288 1917 318 obii..

127 357 179 396 cit,
207 364 393 395 quamquam
422 355 466 384 rei
494 364 587 393 pares
615 354 760 384 fuissent.
789 354 851 392 Qui
877 353 984 384 officio
1012 351 1094 382 haud
1121 352 1273 392 fungitur,
1300 351 1373 381 dum
1402 350 1489 381 vires
1516 350 1722 381 necessariae
1748 350 1834 380 haud
1856 349 1915 379 de-

125 423 211 457 sunt,
236 417 354 447 maiore
381 416 627 456 reprehensione
656 415 771 456 dignus
799 420 987 455 estfquam
1015 414 1065 454 qui
1091 414 1185 444 rebus
1216 413 1416 443 obstantibus
1443 412 1612 452 impeditus
1639 411 1671 442 id
1698 411 1842 452 negligit.
1871 412 1916 443 Ut

123 483 250 521 gentem
277 480 390 509 robore
416 479 591 518 praeditam
619 487 696 508 esse
723 478 883 518 designet,
901 478 929 507 ei
951 477 1075 515 barbas,
1091 487 1129 506 ne
1156 478 1245 516 pueri
1271 475 1459 514 habeantur,
1486 475 1598 504 collum
1625 483 1777 513 crassum,
1805 473 1835 503 in
1852 483 1915 513 quo

126 542 248 572 roboris
275 541 418 571 indicium
448 546 500 570 est
527 545 558 570 et
586 550 692 578 nares,
720 550 801 579 quae
828 540 858 569 in
887 542 934 570 ira
960 541 998 570 ob
1026 540 1164 569 vicinum
1191 539 1307 568 iniuste
1334 541 1487 568 tratatum
1513 537 1673 577 inflantur,
1701 537 1817 566 tribuit.
1863 536 1918 566 Sic

125 604 311 634 Mersukius
339 613 470 633 versum
498 603 665 632 intellexit.
718 603 751 631 In
778 611 878 631 versu
911 605 1039 642 gentem
1067 600 1155 630 Sahd
1190 599 1366 638 alloquitur.
1427 598 1630 629 Scholiastes
1665 603 1774 628 noster
1803 605 1917 627 versus

125 676 255 696 sensum
283 668 331 696 sic
358 666 514 705 explicat:
540 666 583 695 Et
609 666 637 694 si
664 665 743 694 inter
769 673 829 693 nos
856 668 1051 704 gentemque
1081 662 1169 691 Sahd
1198 662 1303 691 odium
1332 661 1491 690 occultum
1518 664 1577 701 est,
1607 664 1722 700 tamen,
1751 669 1845 699 quum
1863 668 1916 688 res

124 739 261 770 magnae
288 729 451 767 accidunt,
479 727 676 758 necessitate
712 725 913 766 postulante,
950 724 1056 754 intime
1086 723 1126 753 ad
1161 723 1311 753 auxilium
1339 727 1478 752 mutuum
1501 721 1727 761 praestandum
1761 720 1917 751 coniuncti

123 800 243 822 sumus.

122 891 153 921 5.
197 890 313 919 Pereat
343 890 380 925 is,
403 898 492 926 quem
514 887 662 917 Minkmi
681 888 808 924 sponsio
829 885 968 924 decipit!
994 888 1055 915 etsi
1079 888 1194 925 foedus
1218 888 1321 915 mutui
1340 886 1456 915 auxilii
1477 888 1559 916 inter
1581 895 1634 916 eos
1656 884 1754 913 ictum
1777 884 1833 912 est.

236 959 306 989 Hoc
341 958 371 987 in
395 967 515 998 versu,
544 958 595 996 qui
620 958 651 986 in
677 957 835 996 Mersukii
863 956 972 986 codice
998 956 1208 994 desideratur,
1236 965 1306 985 eum
1333 956 1507 995 vituperat,
1535 957 1585 996 qui
1612 958 1642 988 in
1672 957 1744 987 istis
1772 955 1919 985 fiduciam

122 1027 230 1063 ponat.
283 1021 407 1051 Vocem
435 1019 488 1064 [49
517 1030 534 1049 a
561 1020 669 1049 radice
689 1031 738 1064 5&
768 1019 883 1060 (vicit)
911 1019 1070 1061 derivant,
1097 1019 1142 1049 ita
1168 1023 1203 1048 ut
1230 1028 1301 1048 cum
1329 1018 1388 1050 hac
1415 1020 1515 1059 prima
1542 1020 1780 1062 significatione
1807 1025 1919 1047 omnes

122 1083 375 1126 significationes
410 1081 584 1112 cohaerere
611 1086 773 1121 putentur.
816 1082 936 1112 Vocem
969 1086 1077 1111 autem
1106 1085 1168 1111 tam
1193 1081 1377 1120 frequenter
1404 1081 1575 1112 adhibitam
1603 1091 1692 1122 esse,
1720 1086 1755 1112 ut
1782 1080 1812 1110 in
1839 1087 1920 1108 con-

123 1150 270 1182 tumeliae
307 1156 398 1178 usum
433 1146 567 1176 venerit.
629 1145 686 1174 Sic
721 1154 790 1174 eam
825 1144 857 1174 in
883 1144 992 1174 verbis
1019 1143 1286 1182 Ebu-Majjadahi
1314 1143 1483 1174 adhibitam
1512 1153 1589 1173 esse
1616 1144 1726 1182 (metr.
1757 1141 1920 1181 'l'liawiDz

124 1213 227 1243 Sese
263 1209 409 1240 amisit
442 1217 535 1248 gens
575 1216 682 1245 mea,
716 1215 835 1245 quum
864 1206 1109 1246 sanguinem
1148 1215 1276 1236 meum
1321 1207 1456 1245 pretio
1491 1207 1661 1247 puellae
1698 1206 1919 1237 venderet.

123 1276 232 1307 Male
272 1274 309 1305 ei
353 1273 407 1303 sit
444 1275 542 1312 post
576 1280 659 1300 eam
677 1292 688 1311 7
726 1268 845 1300 male!
898 1269 963 1299 Sed
1004 1269 1034 1298 in
1069 1269 1178 1298 verbis
1212 1269 1282 1298 Ebu
1300 1285 1318 1291 -
1339 1269 1397 1298 Abi
1414 1285 1432 1290 -
1448 1268 1584 1299 Rabiahi
1618 1266 1732 1309 (metr.
1772 1267 1916 1306 ChafifJ:

125 1344 187 1385 (ι),
209 1342 336 1383 638)
353 1337 449 1366 Τυηι
469 1335 682 1365 dixerunt:
702 1334 759 1363 'fu
787 1342 871 1362 eam
898 1327 1028 1362 amas!
1056 1331 1157 1361 dixi:
1186 1332 1470 1362 Vehementer
1489 1341 1659 1361 numero
1687 1335 1918 1373 guttarum,

123 1404 298 1444 glareae
333 1404 445 1430 terra
460 1407 573 1436 eque.
611 1396 684 1425 voci
723 1394 775 1439 lj-gq
810 1395 934 1425 varium
970 1403 1101 1424 sensum
1130 1394 1287 1432 tribuunt,
1325 1398 1359 1423 ut
1385 1397 1440 1423 aut
1467 1392 1690 1423 vehementem
1716 1397 1771 1422 aut
1805 1400 1918 1420 verum

121 1468 177 1495 aut
204 1462 402 1493 manifestum
430 1469 566 1491 amorem
594 1458 752 1499 designet.

384 1603 386 1606 ,
971 1566 1074 1600 XV.

244 1638 450 1674 Femina
472 1634 631 1677 gentis
656 1633 904 1675 Ahjidsah
928 1633 969 1666 b.
991 1631 1153 1665 Blalee
1177 1630 1514 1671 Djawwasum
1538 1631 1578 1664 b.
1601 1629 1809 1664 Noaihm

773 1687 1110 1729 perstringens
1134 1685 1270 1719 «lixit.

235 1765 293 1794 Vir
321 1774 338 1793 e
367 1762 482 1793 familia
509 1761 673 1791 Hortsahn
700 1760 728 1789 b.
756 1759 938 1789 Tsahlebah
965 1760 994 1789 b.
1024 1758 1176 1788 Aldsoaib
1206 1758 1233 1787 b.
1261 1756 1352 1786 Alsid
1380 1756 1486 1797 gentis
1513 1755 1666 1786 Dhabbah
1699 1760 1778 1787 erat.
1830 1755 1921 1784 Alius

125 1827 267 1859 eiusdem
295 1826 427 1855 nominis
458 1835 475 1854 e
502 1823 616 1853 familia
652 1822 832 1861 Alhodjaim
866 1822 895 1851 b.
924 1821 1045 1851 Ahmru
1073 1821 1101 1850 b.
1131 1820 1263 1863 Tarnim,
1292 1820 1482 1859 cognomine
1510 1817 1871 1849 Ebn-Omm-Nahar
1901 1826 1920 1846 a

126 1896 224 1921 matre
261 1889 359 1928 patris
397 1888 586 1927 appellatus,
615 1886 783 1915 invenitur.
838 1885 898 1914 Hic
926 1884 1005 1914 dixit
1032 1888 1130 1913 metro
1171 1882 1294 1921 Redjes
1323 1890 1413 1911 usus:
1443 1880 1707 1912 Grandaevo
1735 1885 1919 1920 quatuor

126 1951 400 1982 articulorum
437 1950 613 1979 dolores
647 1951 761 1986 sunt,
794 1955 971 1987 genuum
999 1945 1185 1984 duorum,
1213 1945 1332 1975 nervi
1361 1955 1432 1984 per
1458 1945 1611 1976 femora
1637 1945 1917 1976 decurrentis

128 2021 170 2045 et
204 2023 342 2044 venae
376 2013 412 2042 in
447 2008 547 2042 colli
581 2011 729 2040 latere.
795 2009 895 2038 Eius
923 2013 1054 2048 caput
1082 2009 1232 2039 dolore
1258 2018 1424 2047 semper
1457 2008 1685 2047 corripitur
1712 2013 1752 2038 et
1779 2009 1919 2038 omnis

125 2075 314 2116 posthac
342 2083 413 2104 res
441 2073 565 2103 dolet.
617 2072 688 2101 Duo
715 2071 765 2102 alii
796 2074 963 2110 praeterea
990 2071 1051 2100 viri
1079 2070 1203 2099 nomine
1230 2069 1398 2109 Djawwas
1427 2069 1606 2110 gaudentes
1634 2070 1800 2100 exstitere.

126 2174 153 2202 1.
200 2172 333 2208 Quando
357 2171 535 2207 Djawwaso
558 2170 712 2204 occurris,
736 2171 775 2204 te,
800 2170 863 2196 elsi
884 2171 1020 2205 tempore
1041 2178 1135 2196 sacro
1158 2169 1353 2206 defenditur,
1386 2168 1591 2205 interrogabit
1601 2179 1612 2196 .·
1642 2168 1728 2197 Num
1751 2167 1918 2197 Hacimum

911 2223 990 2251 milti
1017 2222 1132 2250 limes?

126 2296 157 2324 2.
202 2294 248 2322 Et
268 2303 324 2323 cur
346 2292 401 2320 tibi
422 2299 486 2319 non
508 2291 633 2318 timeam
655 2289 774 2317 leonem
797 2285 845 2328 [s.
868 2285 1121 2327 Illoharrabum)
1153 2289 1254 2316 virum
1280 2287 1395 2325 fiducia
1417 2287 1558 2326 diynum,
1583 2289 1638 2327 qui
1655 2289 1804 2325 generosi
1823 2289 1921 2316 occisi

846 2345 974 2370 mortem
997 2341 1199 2370 annunciat?

125 2412 157 2443 3.
202 2410 335 2447 Quando
358 2413 386 2438 ei
406 2411 550 2439 occurris
570 2412 602 2438 in
621 2418 698 2448 equo
716 2408 805 2445 sulco
827 2417 925 2437 cursu
949 2417 1019 2436 cum
1043 2409 1141 2436 armis
1161 2418 1276 2445 yyram
1299 2409 1496 2442 describenti,
1527 2410 1592 2437 viro
1614 2409 1685 2437 acri
1704 2409 1737 2436 in
1758 2408 1922 2449 litigando,

882 2462 989 2498 iniquo
1011 2463 1162 2494 occurris,

227 2533 335 2563 Tertia
362 2532 489 2573 species
516 2532 608 2562 metri
633 2530 756 2561 Thawil
785 2530 933 2570 appellati
960 2534 1019 2560 est.
1066 2530 1125 2559 His
1155 2530 1183 2559 in
1211 2530 1375 2570 versibus,
1403 2530 1455 2570 qui
1481 2532 1513 2560 in
1531 2529 1690 2559 Mersukii
1718 2529 1830 2560 codice
1857 2540 1918 2560 non

131 2595 342 2636 inveniuntur,
369 2595 558 2634 Djawwaso
586 2599 705 2625 metum
733 2594 839 2625 obiicit
865 2593 989 2634 dicens,
1016 2602 1088 2622 eum
1114 2592 1289 2622 vindictam
1319 2593 1359 2622 ob
1387 2593 1486 2623 virum
1513 2591 1655 2622 occisum
1682 2591 1802 2622 timere.
1851 2593 1918 2623 Το-
