2155 2892
916 183 1166 214 —12-

146 280 258 309 cameli
285 280 399 309 tributo
427 278 490 308 dati
514 278 585 309 loco
600 278 784 318 Rabrafflan,
811 290 913 319 aquae
935 283 1004 312 loco
1031 283 1123 322 paulo
1140 284 1220 314 infra
1234 283 1661 326 Bathn-Naclilpabuloqne
1679 287 1858 319 abundante
1872 299 1932 329 pa-

146 343 328 372 scebantur.
381 342 519 372 Malicus
552 351 622 372 oum
649 342 780 383 triginta
814 344 943 374 circiter
968 345 1046 375 viris
1082 346 1200 386 impetu
1236 346 1320 377 facto
1360 352 1521 379 trecentos
1560 349 1632 379 inde
1660 353 1773 390 rapuit.
1828 353 1933 391 Quum

145 405 174 433 in
211 408 315 433 terras
342 404 448 444 gentis
475 405 596 434 Tarnim
618 404 644 444 ¹)
671 405 886 446 pervenisset,
916 406 1100 437 Alakrahus
1129 408 1158 437 b.
1185 409 1297 439 Habes
1326 414 1386 440 etc.
1404 407 1433 452 ²)
1460 416 1493 440 et
1521 412 1675 442 Dhirarus
1702 413 1732 443 b.
1759 414 1932 446 Alkahkah

146 471 205 496 eto.
234 476 305 496 eum
334 466 567 506 vituperarunt.
607 468 636 497 A
653 468 763 506 quibus
792 477 884 507 quum
912 468 1015 507 ipsum
1042 469 1072 498 in
1098 475 1197 511 gente
1211 471 1332 501 Tarnim
1360 473 1532 503 obtrectari
1549 473 1579 515 ³)
1607 475 1802 519 audivisset,
1828 477 1932 508 Deum

144 533 253 558 contra
281 528 421 559 camelos
451 529 557 559 tributi
583 534 742 559 restantes
769 530 924 560 invocans
955 530 1076 562 factum
1104 542 1215 577 eorum·
1237 533 1267 562 in
1290 534 1499 572 sequentibus
1524 537 1675 566 versibus
1703 546 1932 568 commemora-

142 592 190 620 vit
217 592 327 630 (metr.
356 591 500 631 VVafir):
537 592 647 622 Deus
675 592 862 623 camelos
890 594 936 623 ab
965 605 1072 636 aqua
1098 597 1314 628 reductos
1343 599 1381 628 in
1414 598 1507 628 loco
1545 598 1737 638 lapidoso
1766 600 1930 631 Rahra-
1954 592 1962 595 l

145 654 221 684 han
246 654 342 684 mihi
370 651 660 699 ostendatfl(ut
685 654 736 684 iis
762 653 921 700 potiar)
937 659 969 697 4)
997 663 1038 689 et
1064 660 1137 690 iam
1164 641 1255 690 mihi
1284 660 1492 691 ostendit.
1531 662 1658 702 Num,
1685 662 1792 701 quod
1820 663 1931 692 oculi

144 716 303 746 laetati
330 720 428 746 sunt
455 720 498 745 et
523 715 672 755 praeda
699 717 857 746 omnino
884 720 922 748 in
951 725 1211 759 potestatem
1246 723 1434 754 redacta
1470 729 1557 764 est,
1590 723 1629 752 in
1656 733 1735 763 qua
1763 723 1929 761 (distri-

141 777 324 817 buenda)
352 777 474 818 digiti
500 777 582 807 mei
607 777 828 808 liberales
854 787 975 820 sunt,
1002 785 1085 823 quai
1113 786 1206 815 totai
1233 786 1393 824 potitus
1421 795 1509 816 sum
1536 795 1638 816 ense
1666 790 1820 827 acuto,
1849 786 1930 817 <lum

141 850 281 880 neque
308 850 454 870 manus
482 850 619 879 neque
640 850 712 871 cor
731 853 859 874 meum
877 846 1101 884 tremebat,
1128 851 1182 887 tu,
1202 843 1555 886 oEbn-Audsahlf’)
1582 849 1621 877 in
1636 847 1929 888 gente'l'amim

142 903 294 933 verbis
322 913 378 932 me
407 903 687 933 calumniaris
715 909 757 934 et
782 906 930 936 socius
969 910 1069 937 tuus
1110 909 1208 939 vilis
1247 909 1441 939 Alakrah
1480 909 1573 940 mihi
1598 909 1847 939 valedicitis
1864 906 1927 948 ⁶)‘3

142 969 283 997 Nonne
303 977 405 997 eram
425 967 536 1007 ignis
559 967 678 996 collis
695 968 819 1009 (ignis
841 970 950 999 belli
969 980 1101 1001 causa
1128 971 1166 1001 in
1193 972 1384 1002 collibus
1412 972 1582 1002 accensi
1607 971 1928 1013 significatur),

142 1031 206 1069 qui
241 1030 445 1060 flammam
484 1030 714 1072 emittebat,
748 1036 831 1061 tuin
869 1042 946 1062 vos
973 1042 1123 1063 noxam
1151 1043 1170 1063 a
1196 1043 1254 1063 me
1281 1033 1548 1064 inferendam
1574 1033 1772 1063 timuistis
1799 1038 1839 1062 et
1869 1043 1928 1062 me

141 1094 376 1123 metuistis,
417 1093 502 1123 Sed
529 1093 960 1125 filioAlmodsabbae
989 1095 1049 1126 dic
1079 1096 1416 1134 (Almodsabbah
1449 1105 1595 1126 nomen
1623 1095 1769 1126 matris
1795 1095 1925 1125 Alak-

141 1156 278 1197 rahi),
319 1157 572 1196 quioculos
610 1157 646 1186 in
684 1161 832 1187 terram
873 1158 1045 1199 defigit,
1085 1158 1169 1189 dum
1206 1168 1254 1188 se
1289 1159 1337 1188 ob
1364 1158 1581 1188 vilitatem
1616 1167 1728 1188 suam
1764 1166 1927 1187 menon

139 1220 286 1251 videre
325 1221 456 1262 fingit
475 1220 504 1260 7)
544 1226 577 1251 et
603 1226 740 1251 caetera.
793 1221 1028 1251 Abu-Beorns
1066 1220 1198 1260 imperio
1236 1221 1379 1261 potitus,
1420 1219 1460 1250 ad
1487 1230 1580 1260 quem
1608 1220 1709 1250 verba
1737 1220 1844 1250 delata
1871 1227 1926 1249 es-

141 1289 234 1325 sent,
275 1284 449 1315 Chaledum
482 1284 511 1313 b.
539 1283 677 1313 Alwalid
695 1285 724 1323 S)
753 1284 837 1314 misit
863 1283 1115 1323 imperavitque,
1154 1288 1188 1313 ut
1221 1283 1344 1313 nonnisi
1379 1282 1419 1312 ad
1455 1282 1596 1312 homines
1624 1287 1768 1322 tempore
1796 1278 1947 1321 precum'

139 1344 360 1378 matutinarum
380 1347 514 1377 veniret.
552 1348 636 1376 Inter
663 1355 743 1386 quos
770 1355 959 1385 praeconem
990 1349 1114 1385 tempus
1140 1356 1267 1385 precum
1297 1345 1483 1375 indicantem
1502 1341 1533 1383 ⁹)
1561 1344 1752 1384 audivisset,
1780 1344 1827 1373 eis
1854 1346 1923 1373 tan-

156 1451 187 1484 1)
206 1453 280 1476 Haec
298 1459 363 1484 gens
382 1453 407 1475 in
426 1452 567 1481 provincia
585 1452 700 1475 Babrain
720 1454 745 1475 et
763 1452 789 1475 in
809 1453 923 1482 regione
940 1453 1012 1477 inter
1031 1455 1148 1478 Meccam
1167 1457 1330 1485 Bazramque
1356 1454 1432 1478 sedes
1458 1455 1580 1478 habuisse
1605 1452 1702 1477 dicitur
1727 1453 1814 1477 conf.
1835 1453 1925 1492 Abult'.

209 1506 308 1529 Annal·
326 1506 354 1529 T-
373 1506 392 1529 1·
413 1506 500 1535 p.211
524 1506 585 1529 ΜΠ·
605 1513 628 1536 P·
647 1507 710 1529 293·
730 1506 855 1530 Abulfed-
875 1508 974 1538 Geogr·
993 1515 1015 1538 1³-
1035 1505 1080 1538 Λῖ.
1107 1511 1160 1534 Sed
1179 1515 1239 1540 post
1258 1510 1468 1533 Mohammedem
1487 1508 1613 1539 gentibus
1630 1508 1654 1531 in
1675 1507 1756 1531 variis
1776 1507 1929 1538 regionibus

209 1548 339 1578 dispersis
359 1548 451 1571 variae
470 1550 586 1578 gentium
605 1549 680 1571 sedes
699 1552 788 1572 erunt.

154 1595 281 1625 2)Lai1a
300 1596 447 1619 Farasdaki
472 1599 573 1626 muter,
598 1599 694 1626 pot-tae
725 1604 806 1621 soror
833 1600 892 1622 erat
919 1598 1018 1621 conf.
1047 1597 1251 1623 Ebu-chanik.
1279 1598 1345 1621 Nro.
1371 1599 1435 1622 ⁹783.
1481 1599 1567 1621 Antea
1596 1597 1677 1620 cultui
1704 1598 1847 1627 Magorum
1875 1597 1925 1618 ad-

203 1651 289 1674 dictus
314 1652 463 1679 (Basinuss.
486 1651 572 1674 Addit.
592 1644 636 1689 vi‘)
662 1655 758 1683 postea
775 1652 968 1677 Moham'medis
987 1653 1077 1676 socius
1097 1656 1166 1677 erat.
1186 1653 1280 1677 Multis
1300 1653 1409 1683 proeliis
1427 1659 1485 1676 cum
1506 1652 1690 1676 Mohammede
1713 1652 1850 1674 intererat.
1887 1650 1926 1672 Ab

202 1704 406 1730 Abbd-Allaho
431 1708 454 1730 b.
475 1707 564 1730 Ahmir
589 1707 723 1730 exercitus
742 1707 766 1730 in
787 1706 969 1730 choi-asanaa]
994 1707 1065 1731 missi
1091 1708 1143 1731 dux
1166 1707 1191 1731 in
1217 1706 1329 1738 regione
1350 1705 1482 1738 Djusdjan
1504 1707 1581 1737 periit
1605 1713 1664 1730 cum
1690 1706 1809 1730 exercitu
1838 1706 1925 1729 conf,

203 1752 310 1787 :La-mm
338 1760 462 1797 ankei
489 1768 518 1797 p.
547 1756 600 1787 i‘ii'.
1854 1751 1859 1754 ἰ

153 1823 181 1852 3)
200 1823 292 1846 Verbo
309 1828 396 1866 &a
414 1824 464 1847 hoc
483 1824 506 1847 in
525 1824 587 1848 loco
607 1825 695 1847 endem
713 1824 873 1855 significatio
893 1827 941 1853 est,
961 1830 1029 1854 quae
1048 1824 1130 1848 verbo
1149 1833 1246 1867 σιω.

152 1886 181 1915 4)
201 1887 314 1909 Verbum
333 1880 393 1927 25³)
412 1894 489 1917 quum
510 1888 588 1911 :iliter
606 1888 831 1917 praepositionem
849 1896 883 1922 ψ
901 1890 1055 1919 sequentem
1081 1893 1134 1911 non
1152 1888 1262 1915 habeat,
1287 1891 1333 1911 aut
1360 1887 1471 1911 verbum
1496 1887 1545 1911 hoc
1570 1887 1594 1909 in
1619 1886 1681 1909 loco
1705 1885 1774 1910 sicut
1792 1885 1925 1908 ΗΘΜ-πίοι

204 1940 278 1964 radix
296 1947 354 1964 cum
374 1942 464 1964 eadem
485 1942 686 1965 constructione
705 1943 923 1973 significationem
942 1944 1086 1975 gavisus
1112 1943 1179 1967 fuit
1196 1944 1308 1971 habere,
1333 1945 1362 1965 ut
1381 1948 1480 1966 versus
1499 1944 1641 1971 vertatur,
1667 1941 1754 1964 »Deus
1772 1947 1811 1963 me
1829 1941 1926 1971 gaudio

201 1995 305 2019 adficiat
336 2003 382 2026 per
411 1997 526 2021 camelos
547 1996 643 2028 ‘etc.«‚
676 2001 720 2021 aut
749 1998 908 2029 praepositio
936 2007 969 2032 ῳ
994 2006 1051 2023 cnm
1078 1998 1161 2022 verbo
1187 1998 1284 2021 omisso
1298 1990 1367 2037 ,fibi
1393 1997 1554 2028 efficiat,
1583 2000 1617 2020 ut
1643 1998 1760 2027 potiar
1783 1996 1924 2020 cohaerere

207 2050 325 2079 putanda
344 2052 394 2073 est.

150 2095 183 2126 5)
203 2096 341 2126 Significat
361 2103 456 2120 nomen
476 2098 567 2121 matris
586 2098 692 2121 Dhirari
712 2099 859 2122 Mnahdsah
878 2100 1038 2130 appellatae.

150 2152 179 2175 (i)
200 2152 352 2180 Monemus,
371 2158 477 2174 sensum
498 2152 591 2181 prloris
611 2160 708 2177 versus
727 2155 830 2177 nonnisi
849 2154 937 2177 verbis
956 2154 1133 2183 posteriorum
1151 2154 1277 2183 absolvi3
1296 2153 1364 2183 quod
1384 2153 1475 2177 vitium
1495 2162 1609 2187 Μ
1629 2153 1794 2183 appellatum
1812 2153 1839 2176 in
1859 2158 1923 2175 ver-

197 2204 268 2226 sibus
294 2208 412 2228 veterum
438 2211 501 2228 raro
524 2206 660 2230 invenitur
688 2207 789 2237 (conf.
813 2208 873 2231 libr.
893 2214 926 2232 m.
946 2208 1125 2238 Darstellung
1143 2207 1168 2233 d.
1186 2209 1268 2232 Arab.
1287 2209 1389 2233 Versk.
1413 2217 1437 2239 p.
1456 2210 1526 2239 3323
1551 2210 1597 2232 sed
1624 2209 1650 2232 in
1673 2208 1775 2232 nostris
1799 2207 1922 2230 versibus

199 2258 326 2286 quaedam
346 2263 442 2281 sensus
461 2259 591 2287 perfectio
612 2261 736 2291 cernitur,
757 2264 784 2285 ut
803 2263 889 2285 miuus
908 2263 1101 2291 vituperentur,
1136 2263 1260 2286 Formam
1280 2261 1433 2286 deminutivt
1451 2253 1560 2308 6533&
1586 2263 1726 2292 despectus
1744 2267 1827 2285 causa
1846 2264 1923 2290 poeta

196 2318 286 2348 elegit.
323 2318 385 2341 Vox
402 2314 531 2354 ὸὶύκῌ
550 2328 597 2352 pro
615 2315 771 2357 &KQ-<4³
792 2328 841 2347 est.
1602 2357 1608 2359 .

150 2370 179 2402 7)
200 2372 281 2395 Poeta
300 2372 393 2403 fingit,
418 2373 586 2399 Alakrahum
606 2377 638 2399 ob
659 2377 787 2400 vilitatem
807 2378 857 2407 ipsi
876 2366 1063 2402 atilmerentem
1084 2383 1190 2410 poetam
1209 2381 1347 2412 adspicere
1365 2387 1418 2404 non
1438 2382 1550 2411 audere;
1578 2382 1624 2405 sed
1647 2380 1743 2404 oculos
1770 2382 1794 2404 in
1822 2385 1920 2404 terram

197 2416 342 2441 demittere.

146 2461 176 2491 Β)
196 2462 235 2485 Do
254 2464 304 2487 hoe
323 2465 390 2488 duce
409 2465 586 2489 celeberrimo
605 2468 731 2491 conferas
750 2468 811 2492 libr.
830 2476 930 2494 meum:
949 2471 1057 2495 Selecta
1075 2479 1108 2496 ex
1127 2472 1237 2496 historia
1254 2473 1349 2497 Halebi
1369 2474 1443 2504 pust
1461 2472 1563 2498 aduott.

145 2507 175 2538 9)
195 2508 309 2538 Tempus
329 2517 433 2540 precum
454 2513 643 2538 matutinarum
662 2514 752 2545 elegit,
771 2516 832 2545 quia
850 2518 907 2540 tota
924 2523 992 2547 gens
1011 2518 1080 2546 apud
1101 2517 1216 2540 tentoria
1234 2516 1284 2540 isto
1304 2521 1423 2548 tempore
1441 2521 1610 2548 congregata
1628 2518 1823 2542 inveniebatur.
1857 2506 1920 2541 Mo-

195 2556 352 2583 naminedes,
381 2563 411 2580 ne
430 2559 542 2582 diversis
561 2561 726 2590 temporibus
745 2567 761 2585 a
779 2561 835 2585 suis
860 2568 953 2591 preces
977 2563 1086 2594 fierent,
1111 2569 1207 2586 munus
1231 2564 1373 2592 praeconis
1395 2564 1455 2587 viro
1474 2563 1562 2587 Bilnl
1583 2564 1705 2594 tradidit,
1730 2563 1773 2593 qui
1799 2563 1918 2587 omnibns
1962 2577 1966 2581 «

195 2603 298 2630 tempus
318 2601 378 2632 lege
398 2604 496 2627 iussum
516 2611 585 2628 voce
603 2613 652 2630 sua
672 2607 811 2631 iudicaret.
847 2608 896 2631 tbi
916 2609 996 2631 turris
1015 2616 1073 2632 euni
1094 2610 1118 2632 in
1137 2609 1214 2633 finem
1235 2613 1388 2633 exstructus
1407 2614 1478 2642 erat,
1495 2616 1554 2633 eum
1574 2610 1731 2633 conscendit
1750 2610 1832 2632 tribus
1853 2609 1920 2632 vici-

194 2654 241 2677 bus
254 2653 410 2678 circumiens
422 2659 447 2679 et
459 2657 482 2679 in
500 2663 590 2681 omnes
609 2659 676 2682 coeli
690 2660 812 2690 regiones
831 2662 926 2685 verba:
955 2655 1045 2698 ‘⁰2²3'
1071 2673 1114 2696 0-
1141 2669 1204 2700 5⁴⁸>
1230 2655 1327 2698 ibba-il
1349 2669 1453 2694 »preces
1472 2662 1596 2686 meliores
1609 2665 1681 2692 sunt,
1700 2668 1776 2692 quani
1790 2669 1916 2686 somnus«
