2155 2892
894 156 1160 188 —303—

141 254 166 283 1.
209 254 236 284 0
258 257 346 283 iecur
367 254 492 284 meum!
511 255 594 294 quod
612 254 744 291 vespert?
766 255 798 282 in
821 254 886 282 loco
916 253 1064 283 Gluorrab
1091 263 1205 290 parum
1229 253 1341 291 abfuit,
1374 255 1449 291 quin
1481 255 1516 283 ob
1539 255 1735 290 deeidere'nm,
1761 263 1819 291 qua
1840 264 1917 291 pro-

720 310 898 346 ficiscentes
920 318 1078 347 sequerer.
1101 308 1326 346 diffinderelur,

237 377 399 419 Dolorem,
425 387 486 417 quo
512 377 562 408 die
588 377 790 416 profectionis
819 377 1018 415 adficeretur,
1048 377 1204 408 describit.
1257 377 1378 407 Taritus
1407 382 1485 416 erat,
1513 384 1545 408 ut
1572 389 1680 417 parum
1708 379 1818 420 abfuit,
1846 380 1918 419 quin

134 438 230 478 iecur,
257 440 338 478 quod
364 439 521 470 Arabibus
547 438 644 468 sedes
672 439 886 469 adfectionum
913 445 1052 480 putatur,
1076 438 1185 468 dolore
1212 438 1439 471 dislinderetur.
1478 438 1521 468 Se
1541 450 1612 469 cuni
1639 441 1754 470 semina
1781 442 1819 471 ab
1847 443 1916 480 ipso

135 506 239 530 amata
276 502 305 530 in
332 502 399 530 loco
429 500 575 531 Ghorrab
605 507 770 532 versatum
797 511 883 531 esse.
943 502 1017 531 inde
1045 511 1115 531 earu
1142 511 1212 531 cum
1242 507 1332 541 parte
1360 505 1466 541 gentis
1494 503 1612 532 abiisse
1640 507 1791 541 queritur.
1857 504 1917 534 Pro

136 564 242 594 verbis
269 563 345 602 50..ss
374 562 399 600 [ql
427 565 562 606 legitur:
590 564 667 602 lex&
694 562 721 603 lg,
749 569 782 596 ut
808 567 905 604 prima
934 574 1052 594 versus
1078 565 1201 604 syllaba
1227 564 1437 602 desideretur,
1457 564 1484 593 id
1501 564 1582 603 quod
1609 565 1694 594 initio
1723 566 1810 595 metri
1829 566 1916 596 'rha-

135 627 189 656 wil
218 626 301 656 haud
328 636 398 656 raro
426 628 538 657 accidit
567 631 602 667 (c
617 638 662 657 on
678 628 698 657 f.
726 628 931 667 Darstellung
957 626 986 656 d.
1016 627 1112 656 Arub.
1140 627 1325 656 Verskunst
1352 637 1380 666 p.
1415 628 1522 665 170.).
1559 630 1717 659 Susenius
1747 631 1775 660 in
1806 632 1912 661 Moall.

137 688 362 719 Antru-l'Kaisi
402 699 435 720 v.
472 690 528 719 86.
561 690 727 720 discrimen
753 690 816 719 tale
842 690 919 720 inter
946 699 1059 719 vocem
1087 686 1103 724 Le
1131 694 1163 718 et
1190 686 1216 723 hl
1244 690 1362 725 statuit,
1390 694 1424 720 ut
1451 691 1501 720 illa
1529 696 1589 721 tarn
1617 693 1792 732 propinquo
1827 703 1917 732 quain

137 755 256 780 remoto
284 751 426 781 vocando
452 753 617 790 inserviat,
643 753 722 782 liaeo
748 752 870 781 nonnisi
897 755 1026 781 remoto.
1081 752 1205 781 Vocem
1240 750 1316 789 50⁸9
1346 762 1420 782 esse
1448 763 1503 792 pro
1530 752 1636 792 5225
1666 752 1772 793 (iecur
1800 752 1916 795 ineuin)

138 811 332 842 scholiastes
360 813 444 853 dicit,
473 814 515 844 ita
542 820 577 844 ιη
603 821 697 854 poeta
725 823 780 853 pro
805 813 908 843 vocali
937 814 1041 843 Kcsra
1067 813 1200 844 Famam
1231 824 1352 854 ponens
1381 815 1517 844 litteram
1544 815 1587 845 Ja
1614 816 1642 845 in
1673 816 1826 846 Litteram
1856 817 1922 846 Alis

134 875 306 904 mutaverit
333 875 467 913 (cons.
498 875 607 906 Grani.
635 876 690 905 Ar.
718 876 754 904 T.
782 876 809 904 11
837 885 865 914 p.
896 875 941 905 90
971 876 1048 913 sq).
1082 875 1174 905 Iecur
1200 885 1291 905 suuni
1319 876 1502 917 significari,
1522 886 1538 906 e
1559 878 1667 906 verbis
1694 872 1760 913 (11-
1786 874 1918 914 513.)

134 945 250 967 versus
274 937 426 977 cognosci
454 948 563 977 posse.
609 937 755 969 Ghorrab
782 947 896 967 nomen
921 937 1036 966 montis
1063 936 1092 965 in
1119 937 1216 976 Syria
1242 938 1293 967 siti
1320 948 1408 978 esse,
1437 939 1466 967 in
1492 939 1622 969 Karnusi
1650 950 1746 980 opere
1774 942 1919 982 legimus,

136 998 258 1028 Vocem
294 1006 382 1027 um:
415 1000 650 1030 Nunnationem
686 1000 808 1037 amisit,
843 999 925 1038 quod
953 996 1022 1028 cuin
1048 1005 1204 1037 sequente
1231 1000 1355 1029 nominc
1380 1001 1532 1031 cohaeret
1561 1003 1693 1040 (cons.
1722 1002 1832 1035 Gram.
1862 1005 1916 1034 Ar.

135 1060 172 1088 T.
200 1061 226 1090 ll
254 1070 283 1100 p.
315 1062 424 1101 1470.
475 1063 562 1092 Ante
589 1071 697 1092 vocem
724 1065 793 1106 qj‘:
821 1071 885 1091 vox
913 1061 1103 1092 antecedens
1133 1063 1250 1093 omissa
1277 1069 1338 1093 est.
1401 1064 1448 1093 De
1476 1064 1586 1104 modo,
1614 1074 1673 1103 quo
1703 1066 1835 1096 verbum
1862 1064 1917 1094 >¹5

136 1132 208 1153 cum
234 1124 332 1153 verbo
359 1127 511 1162 sequente
539 1124 748 1165 coniungitur,
777 1124 923 1154 conseras
951 1124 1061 1155 Graiu.
1088 1125 1144 1154 Ar.
1172 1125 1207 1154 T.
1235 1125 1263 1153 11
1283 1135 1313 1164 p.
1334 1125 1399 1154 147
1418 1135 1465 1164 sq.
1532 1127 1602 1156 lloc
1629 1127 1657 1156 in
1684 1137 1782 1157 versu
1811 1128 1917 1167 plures

136 1194 247 1224 voces,
274 1194 354 1224 quac
383 1186 512 1224 tempori
538 1185 716 1215 definiendo
744 1187 921 1216 inserviunt
949 1182 1072 1231 (φλ-Ξ),
1099 1187 1306 1226 interpositae
1333 1191 1416 1216 sunt.

136 1284 167 1312 2.
194 1283 343 1320 Vespera,
369 1285 402 1314 iu
423 1292 485 1321 qua
507 1285 540 1312 in
562 1285 614 1322 iis,
627 1285 726 1322 quiin
748 1284 814 1312 loco
837 1283 984 1313 Gleorrab
1004 1285 1179 1320 manebant,
1204 1293 1304 1321 neque
1326 1284 1414 1313 locus
1436 1285 1584 1313 manendi
1602 1288 1671 1313 erat
1692 1294 1792 1324 neque
1812 1289 1845 1314 in
1867 1289 1915 1319 iio,

702 1340 758 1376 qui
773 1340 907 1377 profecti
929 1342 1028 1372 erant,
1052 1339 1141 1367 Iocus
1160 1337 1345 1376 festinandi.

260 1406 320 1436 Hic
346 1416 464 1436 versus
491 1410 609 1436 statum
636 1408 751 1438 clarius
778 1408 918 1447 exponit.
973 1407 1034 1445 Qui
1061 1408 1112 1437 illo
1138 1411 1280 1445 tempore
1306 1410 1587 1448 retromanserant7
1614 1409 1794 1439 subsistere
1821 1410 1910 1440 nole-

136 1467 223 1504 baut.
242 1475 276 1500 ut
301 1475 395 1500 antea
422 1470 583 1509 profectos
610 1474 832 1511 sequerentur,
860 1471 933 1500 dum
958 1471 989 1511 ii,
1016 1471 1067 1511 qui
1093 1470 1226 1510 profecti
1255 1474 1356 1507 erant,
1383 1471 1414 1499 in
1440 1470 1553 1500 itinere
1581 1471 1664 1500 haud
1692 1471 1915 1510 properabant,

137 1534 169 1561 ut
195 1536 447 1561 retromauentes
474 1541 532 1561 eos
547 1534 638 1571 sequi
661 1536 803 1571 possent.
856 1532 930 1562 Vox
956 1539 1046 1560 M
1072 1532 1174 1562 eidem
1200 1533 1272 1563 voci
1299 1532 1328 1561 in
1356 1533 1459 1571 priore
1484 1542 1584 1562 versu
1612 1533 1802 1572 appositioni
1829 1538 1889 1562 est.

979 1652 1089 1694 vll,

559 1717 798 1752 ‚illios-ain
822 1719 861 1752 b.
885 1718 1107 1753 Monum-
1129 1717 1335 1752 Asadita
1358 1718 1489 1752 «lixit.

800 1791 902 1829 (Con
915 1792 933 1821 f.
971 1793 1087 1822 llam.
1115 1801 1145 1830 p.
1175 1790 1255 1830 fro).

139 1862 166 1891 I.
211 1862 321 1891 Durus
344 1864 442 1890 (mimi
469 1871 567 1897 eram,
599 1865 765 1900 antequam
796 1864 957 1892 des-cessus
986 1872 1081 1901 super
1111 1866 1211 1891 iecore
1240 1872 1305 1891 meo
1334 1871 1472 1900 prunam
1493 1862 1689 1895 accenderat,
1723 1864 1813 1890 cuius
1836 1864 1918 1899 iynis

863 1918 951 1945 tarde
972 1918 1186 1953 ecs-linquitur

137 1982 168 2009 2.
212 1981 258 2010 Et
277 1984 339 2010 iam
361 1981 532 2018 sperabam,
555 1982 635 2018 fore,
656 1984 691 2010 ut
711 1990 797 2009 amor
819 1992 906 2011 meus
928 1983 1093 2021 deleretur,
1117 1993 1211 2022 quum
1233 1984 1298 2012 dies
1320 1984 1388 2011 eius
1408 1992 1446 2010 ac
1471 1985 1609 2018 lemporu
1633 1982 1819 2018 ‹Iurassenl;

137 2047 169 2076 3.
213 2046 278 2077 Seu
297 2057 359 2076 tam
381 2049 523 2076 intimum
545 2057 599 2075 cor
628 2057 728 2076 meam
756 2050 939 2087 visceraque
962 2049 1079 2085 pluviis
1111 2051 1192 2077 veris
1225 2050 1338 2077 ausoris
1361 2050 1518 2084 irriquvil,
1545 2057 1624 2085 quas
1647 2047 1794 2076 desideria·
1811 2048 1918 2084 pluvia

639 2103 788 2138 sequitur,
814 2112 876 2140 qua
898 2112 952 2131 eae
972 2104 1166 2132 reducuntur
1186 2101 1421 2142 (renat-nulus)

235 2170 361 2200 Statum
387 2178 478 2199 suum
504 2172 666 2209 praeteriti
693 2172 856 2212 temporis,
884 2181 943 2211 quo
970 2182 1007 2203 se
1034 2172 1145 2202 durum
1172 2176 1205 2201 et
1231 2171 1400 2211 patientem
1439 2171 1468 2200 in
1504 2169 1701 2209 perferendis
1729 2170 1917 2200 calamitati-

139 2233 196 2263 bus
225 2233 372 2273 gessorit‚
401 2231 557 2262 describit.
617 2233 672 2262 Ille
697 2238 803 2263 status
843 2244 938 2274 quum
971 2235 1170 2274 separatione
1197 2234 1367 2265 amicorum
1393 2238 1533 2263 mutatus
1561 2238 1662 2272 esset,
1689 2241 1727 2262 se
1753 2240 1915 2271 sperasse,

139 2296 217 2333 fore,
235 2300 269 2325 ut
287 2299 408 2334 tempus
429 2295 563 2333 priorem
577 2295 661 2325 illum
692 2301 809 2326 statum
833 2296 975 2338 reducat,
991 2306 1086 2337 quum
1113 2299 1239 2334 tempus
1265 2304 1389 2325 omnem
1409 2295 1548 2324 dolorem
1571 2294 1676 2323 leniat.
1705 2293 1795 2322 Hanc
1812 2297 1917 2322 autem

138 2366 227 2397 spem
254 2357 355 2396 ipsum
395 2356 560 2386 fefellisse.
624 2357 865 2397 Separationem
898 2360 1068 2388 amicorum
1097 2358 1135 2387 ob
1162 2357 1311 2397 dolorem,
1339 2365 1397 2395 quo
1425 2356 1561 2386 animum
1590 2354 1708 2391 adficit,
1734 2362 1803 2383 cum
1832 2353 1917 2394 igne,

139 2428 199 2457 quo
225 2419 323 2458 iecur,
350 2418 446 2448 sedes
474 2417 699 2459 adfectionum,
726 2420 870 2459 laeditur,
898 2421 1031 2451 confert.
1065 2420 1125 2458 Qui
1152 2424 1254 2449 autem
1281 2418 1370 2448 dolor
1396 2427 1488 2456 quum
1516 2416 1618 2452 duret,
1648 2416 1724 2457 igni,
1753 2416 1804 2456 qui
1831 2416 1919 2446 tarde

141 2481 364 2521 exstinguitur,
393 2481 505 2510 similis
533 2486 594 2510 est.
645 2482 736 2512 Loco
765 2484 854 2513 vocis
883 2482 958 2526 ⁸5?
988 2481 1153 2522 (prunam)
1180 2481 1298 2521 legitur
1324 2489 1353 2508 in
1379 2478 1534 2508 Mersukii
1561 2478 1670 2508 codiee
1701 2476 1750 2524 ΒΕ
1769 2475 1918 2520 (ignem),

140 2551 218 2581 quae
244 2552 311 2573 vox
338 2544 433 2573 iecori
460 2544 562 2573 minus
589 2548 664 2582 apta
691 2549 763 2582 est,
793 2545 842 2574 cui
878 2545 1025 2585 imposita
1052 2553 1153 2584 pruna
1178 2543 1324 2572 maiorem
1350 2541 1488 2570 dolorem
1517 2541 1591 2570 facit
1617 2550 1707 2580 quam
1734 2541 1838 2582 ignis,
1866 2542 1918 2581 qui

141 2617 228 2646 iecur
255 2616 347 2647 modo
375 2618 488 2659 tangit,
517 2617 608 2647 modo
636 2626 696 2647 non
723 2618 836 2659 tangit.
876 2619 926 2648 De
951 2619 1082 2649 vocibus
1111 2601 1237 2657 wib&
1265 2612 1348 2652 Κὴρ,
1399 2625 1480 2655 quae
1507 2620 1577 2646 suut
1604 2624 1660 2655 pro
1685 2611 1760 2662 «5⁵³³
1794 2612 1919 2656 &0505

1437 2678 1482 2709 39
