2155 2892
905 193 1172 225 —709—

154 295 302 334 planta
330 294 556 326 llommndh
583 305 601 325 e
627 295 773 335 pluvia
800 295 1042 336 sanguinis.
1095 295 1184 326 hoco
1211 298 1301 326 vocis
1331 291 1411 339 ,mla
1439 294 1556 335 legitur
1576 290 1672 342 )t9)·l,.
1721 295 1781 325 Hic
1808 294 1937 336 legendi

153 357 265 389 modus
293 358 321 388 si
347 358 506 398 recipitur,
534 357 629 388 oleris
655 357 756 387 flores
783 357 866 387 rubri
891 359 965 398 sint,
992 367 1130 388 necesse
1155 363 1216 397 est,
1243 365 1278 389 ut
1304 359 1497 398 comparatio
1526 357 1571 388 rei
1600 359 1781 388 conveniat.

954 477 1064 511 ΧΙῚ
1073 477 1139 510 11.

901 555 1042 590 ⁴itlius
1065 557 1197 591 «uixit.

153 626 179 655 1.
223 623 330 654 Sanus
359 622 622 661 crepitat-zelorum
644 623 830 661 {liyrueornrn
858 628 1012 655 matutina
1043 631 1179 663 ternpore
1211 636 1259 655 me
1286 627 1448 662 excitarit,
1482 628 1541 654 imo
1561 627 1649 664 qalli,
1675 629 1730 665 qm'
1749 626 1938 656 desiderium

887 690 986 709 meum
1011 683 1220 710 concitamnt.

247 750 436 779 insomnium
464 759 554 779 suam
583 749 741 780 describit.
771 750 1043 790 vituperationem
1067 750 1202 781 feminae
1230 749 1321 781 hisce
1349 751 1498 780 versibus
1527 750 1636 780 inesse
1663 757 1725 779 non
1752 748 1864 788 video;
1884 748 1941 778 sed

152 814 191 843 ob
218 822 334 843 sensus
362 811 608 848 similitudinem,
635 821 716 850 quae
743 812 813 842 huic
839 812 1018 854 fragmento
1044 823 1113 844 cum
1143 813 1246 853 priore
1274 813 1457 850 intercedit,
1488 812 1518 842 hi
1546 821 1663 842 versus
1691 811 1751 841 hoc
1779 812 1808 840 in
1836 811 1939 850 capite

150 877 253 905 locum
269 874 445 904 obtinuisse
458 873 617 904 videntur.
636 873 834 904 Scholiastes
847 873 930 914 dicit,
945 881 1070 914 poetam
1085 881 1138 906 aut
1151 885 1230 906 sono
1246 876 1506 916 crepitaculorum
1522 880 1576 905 aut
1589 883 1671 905 voce
1687 874 1765 916 galli
1779 872 1938 904 desiderio

150 937 233 975 eius,
260 945 352 976 quem
379 944 482 965 amore
510 935 780 974 amplecteretur,
808 937 969 975 impletum
996 937 1108 969 fuisse.
1168 938 1234 968 Cur
1259 937 1318 967 hoc
1346 938 1375 967 in
1401 946 1499 966 versu
1527 936 1720 966 scholiastes
1743 941 1817 966 ante
1844 945 1943 966 voces

152 1007 235 1040 εὕρ
253 1003 314 1028 etc.
330 1003 361 1027 et
379 995 499 1038 ajo-il
518 1005 632 1026 vocem
643 993 743 1043 thzl
770 998 1007 1038 (exspectatio)
1024 1001 1234 1040 supplendam
1254 1001 1425 1041 putaverit,
1441 1010 1503 1031 non
1525 1001 1633 1041 liquet.
1659 1000 1726 1030 Ista
1753 1008 1834 1030 voce
1861 998 1945 1029 haud

151 1062 258 1093 addita
283 1070 401 1092 sensus
430 1061 529 1090 bonus
556 1064 605 1090 est
633 1065 666 1090 et
692 1069 809 1089 versus
835 1060 1004 1092 adnotatus
1032 1069 1221 1104 argumento
1249 1064 1305 1094 vix
1331 1064 1487 1094 inservire
1515 1068 1624 1104 potest
1652 1063 1762 1102 (metr.
1796 1061 1945 1102 Basith):

152 1125 275 1164 Quum
302 1126 340 1155 in
367 1125 452 1154 loco
481 1123 685 1154 Aldairan
711 1120 757 1165 (in
784 1123 946 1153 coenobiis
974 1122 1121 1169 duobus)
1148 1136 1213 1156 res
1240 1127 1282 1156 in
1310 1128 1562 1156 memoriam
1591 1126 1819 1167 venisset,
1862 1134 1945 1156 vox

151 1188 262 1230 galli
287 1193 331 1218 et
370 1187 652 1227 crepitacula
691 1187 841 1229 lignea
865 1196 1076 1227 percussu
1103 1189 1333 1219 insomnem
1362 1199 1420 1219 me
1448 1187 1692 1218 reddidere.
1745 1188 1836 1218 Alius
1865 1187 1944 1217 dixit

151 1256 259 1290 (metr.
289 1252 508 1290 MoiakaribJ:
539 1252 590 1281 Et
627 1260 754 1280 sonus
793 1249 1021 1289 crepitacu
1037 1251 1044 1280 l
1061 1259 1172 1281 orum
1209 1251 1465 1292 ligneorum,
1507 1259 1614 1290 quae
1651 1249 1750 1289 puls
1765 1259 1783 1280 a
1798 1253 1836 1280 ta
1863 1257 1944 1278 non

151 1318 258 1345 sunt.
322 1315 494 1345 Christiani
528 1315 558 1344 in
586 1313 716 1344 Oriente
730 1337 739 1351 ,
783 1317 817 1342 ut
852 1317 979 1351 tempus
1014 1322 1142 1352 precum
1170 1313 1386 1344 faciendarum
1414 1313 1565 1351 indicent,
1592 1312 1794 1352 crepitaculis
1828 1311 1944 1353 ligneis

149 1383 286 1408 utuntur.

149 1476 181 1504 2.
225 1474 365 1510 Quorum
389 1475 504 1503 cristae
525 1475 558 1502 in
582 1475 684 1508 capite
702 1474 820 1509 pinnae
841 1473 955 1502 rubrae
979 1473 1122 1501 ridentur
1143 1483 1240 1511 super
1258 1473 1378 1510 palatio
1401 1474 1534 1512 quodam
1555 1477 1748 1503 exstructae.

218 1543 358 1573 Cristam
386 1543 473 1584 galli,
494 1552 589 1582 quum
618 1541 748 1572 dentata
771 1542 825 1581 sit,
846 1552 915 1572 cum
943 1542 1024 1572 arcis
1052 1543 1154 1582 pinnis
1182 1548 1276 1582 poeta
1304 1543 1511 1582 comparavit.
1540 1542 1583 1573 Ut
1608 1548 1713 1573 autem
1741 1543 1945 1582 comparandi

151 1605 264 1635 modus
292 1604 456 1644 perfectus
485 1606 550 1643 sit,
587 1607 699 1646 pinnas
737 1606 850 1635 rubras
883 1605 1068 1644 adpellavit.
1136 1605 1209 1634 Vox
1235 1607 1354 1646 ⁹5³9>
1398 1614 1439 1634 ex
1466 1605 1593 1635 Persico
1618 1603 1728 1647 6⁴95
1767 1606 1942 1636 secundum

151 1677 295 1698 normam
322 1667 450 1708 linguae
476 1668 631 1698 Arabicae
658 1669 787 1698 mutatis
815 1668 928 1698 litteris
953 1674 1022 1698 orta
1049 1673 1101 1698 est
1127 1674 1160 1698 et
1187 1679 1300 1698 nomen
1328 1678 1400 1699 cum
1433 1669 1477 1699 rei
1505 1669 1616 1699 notitia
1643 1668 1682 1699 ad
1709 1668 1834 1698 Arabes
1863 1678 1938 1708 per-

151 1731 248 1761 venit·
314 1730 390 1760 Vox
415 1723 567 1772 μυεῖ-,ὲ
604 1732 697 1763 metri
730 1732 827 1762 causa
865 1740 922 1771 pro
959 1722 1091 1772 „fingi
1125 1730 1209 1761 dicta
1236 1737 1298 1761 est.
1351 1731 1452 1761 Simili
1480 1731 1569 1761 modo
1596 1732 1626 1760 in
1653 1735 1812 1771 sequente
1841 1740 1940 1760 versu

153 1795 257 1824 littera
283 1793 325 1824 Ja
352 1793 457 1824 addita
482 1798 533 1824 est
559 1795 666 1833 (metr.
695 1794 852 1836 BasithJ:
887 1794 1215 1824 Drachmarum
1254 1794 1508 1834 disjectus
1547 1793 1658 1824 modo
1703 1802 1779 1832 quo
1822 1802 1943 1822 num-

153 1857 343 1887 mularii
383 1857 516 1886 bonas
557 1857 763 1897 eligunt.
827 1858 860 1887 ln
901 1858 1059 1887 Mersukii
1096 1856 1203 1886 codice
1244 1854 1380 1903 ,29le
1411 1857 1546 1897 legitur,
1590 1861 1624 1885 ut
1652 1856 1741 1885 etin
1768 1854 1826 1884 hac
1860 1863 1943 1884 voce

154 1909 260 1950 littera
285 1919 326 1950 Ja
354 1919 459 1948 addita
487 1920 537 1949 sit.
589 1920 664 1949 Vox
688 1911 809 1960 §za-522
838 1922 1045 1959 insequente
1079 1919 1293 1958 Alkothamijji
1330 1928 1430 1948 versu
1460 1919 1618 1948 invenitur
1648 1918 1756 1957 (metr.
1795 1913 1942 1958 Camel):

155 1981 366 2013 Mamniis
416 1981 802 2011 sororiantibus
848 1981 1106 2021 praeditis
1152 1980 1480 2011 maledicatur
1525 1985 1640 2020 post
1667 1979 1812 2020 diem,
1856 1987 1944 2018 quo

153 2046 266 2076 mihi
294 2046 335 2074 in
362 2047 441 2075 via
471 2045 747 2084 Euphratis
776 2044 1042 2075 occurrere
1073 2049 1119 2073 et
1144 2050 1286 2075 noctu
1316 2044 1358 2073 in
1385 2043 1729 2081 arcefflevocibus
1750 2038 1944 2086 ealdjjlssjh

153 2108 277 2147 dubito)
305 2113 334 2138 et
365 2108 394 2136 in
432 2108 582 2136 versibus
618 2108 828 2146 sequentibus
856 2108 967 2145 (metr.
998 2106 1168 2145 Thau-50:
1210 2101 1369 2136 Eheu!
1415 2115 1512 2135 num
1556 2104 1697 2134 venit
1724 2102 1944 2143 pulchra,

153 2172 294 2201 cuius
324 2170 501 2200 marito
529 2170 570 2198 in
597 2172 812 2210 regione
838 2170 1033 2200 Maisan
1062 2168 1086 2213 (i
1109 2177 1220 2201 nter
1254 2168 1432 2210 oppida
1459 2168 1622 2198 Bazra
1648 2165 1942 2203 etWVaseth)

153 2236 297 2273 potus
325 2231 610 2273 porrigitur
637 2232 682 2262 in
710 2233 886 2272 poculo
914 2234 1073 2264 vitreo
1100 2239 1145 2264 et
1170 2234 1334 2264 urceis
1361 2225 1647 2262 viridibus?
1675 2227 1803 2266 Quum
1830 2227 1943 2266 volo,

155 2294 406 2335 praefecti
446 2295 549 2335 pagi
582 2294 689 2325 mihi
717 2299 892 2326 canunt
919 2300 964 2326 et
991 2295 1328 2326 instrumento
1354 2293 1506 2333 Zendj
1535 2298 1708 2322 canens
1736 2284 1797 2325 (1)-
1817 2280 1943 2325 821.)

155 2357 345 2397 femina,
385 2365 499 2396 quae
551 2357 673 2387 omni
722 2357 850 2388 modo
891 2359 1102 2390 canendo
1136 2358 1380 2399 propellit.
1444 2356 1679 2386 Fortasse
1721 2351 1945 2392 principi

154 2418 367 2449 fidelium
410 2417 692 2461 displicet,
735 2421 860 2459 quod
904 2430 992 2452 nos
1031 2422 1077 2452 in
1115 2420 1314 2461 palatio
1352 2418 1609 2448 destructo
1653 2414 1944 2457 sanguinem

154 2481 246 2511 sine
272 2481 472 2511 utilitate
497 2482 690 2512 invicem
717 2482 976 2515 effundimus
1004 2485 1098 2524 (nos
1125 2484 1304 2514 invicem
1332 2475 1569 2521 perdimus).
1594 2478 1671 2509 Vox
1689 2479 1768 2522 αἰῶ
1786 2477 1816 2507 in
1834 2477 1943 2506 verbis

154 2542 400 2584 nohammedis,
442 2551 522 2582 quae
559 2543 726 2574 traditione
755 2545 848 2575 nobis
875 2551 1067 2577 conservata
1093 2550 1190 2586 sunt,
1227 2543 1392 2575 occurrit:
1437 2541 1644 2573 »Mandatum
1671 2540 1868 2579 accepimus,
1913 2544 1946 2569 ut

155 2605 271 2645 templa
296 2605 408 2648 glabra
433 2605 471 2646 (i.
499 2614 528 2636 e.
555 2606 625 2638 sine
651 2603 796 2652 pinnis);
823 2607 939 2648 oppida
965 2613 1071 2640 autem
1097 2617 1170 2639 eum
1197 2606 1301 2648 pinnis
1328 2609 1567 2637 exstruamus«
