2155 2892
908 123 1179 154 —268-

152 228 278 258 modum
314 226 343 256 in
378 223 556 264 proverbiis
591 227 820 265 praescriptum
844 235 943 265 saepe
977 223 1158 254 invenimus
1187 223 1290 253 conf.
1317 223 1457 254 Meidan.
1485 221 1522 252 C.
1550 222 1583 260 ,6,
1612 220 1668 250 61.
1695 220 1752 252 86.
1780 223 1837 263 24,
1866 221 1935 253 339

153 296 216 321 etc.
243 289 351 320 conf.
381 288 479 318 Meid.
509 289 545 319 T.
572 289 615 318 111
642 289 676 319 P.
705 289 736 318 2.
764 299 794 328 p.
828 288 895 319 170
922 297 991 327 sqq.

962 408 1139 442 xxxt-

890 465 1032 498 Alius
1057 463 1194 497 «lixit.

151 533 179 562 1.
238 533 366 569 Quoties
400 536 502 569 amici,
535 545 624 573 quem
654 537 748 564 amici
777 536 998 569 deseruerant,
1030 535 1124 571 quasi
1152 533 1186 561 ob
1204 525 1414 570 infortunium
1438 532 1506 567 pice
1532 530 1663 565 oblitus,
1695 529 1856 560 scabiosus
1879 538 1935 556 ca-

940 589 1041 617 melus
1068 590 1159 625 esset)

261 658 295 686 ln
322 657 410 687 hisce
434 658 602 698 versibus,
636 667 716 697 quos
743 658 893 688 Reiskius
920 658 959 688 ad
985 657 1130 687 'l'arafam
1158 665 1187 694 p.
1219 654 1286 684 103
1312 653 1407 683 latine
1433 652 1543 690 vertit,
1570 661 1657 683 suam
1683 662 1762 694 erga
1795 652 1939 690 amicum,

151 728 239 759 quein
266 720 318 749 alii
345 719 562 757 deseruerant,
582 720 694 760 agendi
722 723 876 749 rationem
903 720 1063 750 describit.
1094 720 1153 750 llic
1179 728 1297 749 versus
1324 728 1397 748 cum
1424 717 1564 757 proxime
1580 721 1735 757 sequente
1755 723 1817 747 tam
1839 725 1937 745 sensu

151 803 241 833 quam
269 796 506 824 constructione
534 794 700 832 cohaeret,
736 804 806 824 nam
835 804 900 824 vox
927 791 1025 839 2555&
1053 804 1123 824 cum
1150 795 1248 824 verbo
1277 806 1368 835 wama.)
1398 792 1620 834 coniungenda
1645 797 1706 822 est.
1746 791 1938 821 Calamitate

151 865 340 896 oppressum
370 857 421 885 alii
448 861 480 885 et
507 856 659 885 interdum
688 856 747 894 ipsi
774 855 864 885 amici
890 855 1003 897 fugere
1029 857 1144 886 solent.
1174 856 1274 894 Quem
1298 865 1378 885 vero
1399 859 1432 884 ut
1460 855 1668 884 vehementer
1694 862 1827 883 exosum
1850 861 1936 888 esse,

151 918 307 958 ostendat,
335 928 404 949 eum
432 929 502 948 cum
531 919 652 948 camelo
679 920 825 949 scabioso
860 924 1032 959 comparat.
1097 920 1207 949 Talem
1232 918 1406 958 camelum,
1436 927 1475 946 ne
1502 918 1620 946 caeteri
1646 915 1856 951 inficerentur,
1886 914 1938 943 fu-

151 982 289 1022 giebant.
323 981 427 1010 conf.
462 982 543 1011 Ham
590 991 619 1020 p.
653 983 699 1010 l'oo
731 992 762 1010 v.
801 983 829 1012 1.
890 982 1063 1011 Proverbio
1098 982 1195 1022 igitur
1222 977 1333 1017 :teis-235
1359 995 1402 1018 0-
1430 978 1519 1019 0:³⁴2,st
1551 979 1672 1019 »magis
1710 986 1810 1007 exosa
1845 986 1938 1016 quam

152 1044 295 1073 camelus
323 1044 391 1082 pice
418 1044 535 1073 oblita«
559 1044 649 1081 (con
661 1043 681 1072 f.
700 1043 795 1073 Meid.
826 1044 863 1076 C.
892 1044 934 1081 2,
974 1044 1058 1083 154)
1091 1044 1214 1074 dicitur.
1274 1044 1382 1073 Piccm
1418 1048 1523 1073 autem
1558 1041 1745 1072 adhibebant
1775 1039 1815 1070 ad
1841 1039 1936 1069 talem

151 1105 293 1135 morbum
315 1104 501 1134 sanandum.
530 1105 670 1135 Camelis
698 1111 804 1135 autem
824 1106 948 1135 nonnisi
968 1106 1048 1136 lianc
1071 1107 1109 1135 ob
1137 1115 1267 1135 causam
1294 1106 1366 1145 pice
1392 1106 1497 1136 oblitis
1523 1114 1590 1135 vox
1614 1101 1706 1148 egi->i
1733 1106 1804 1133 ante
1828 1111 1939 1132 vocem

151 1164 229 1208 &aba
255 1172 438 1208 poneretur,
466 1177 598 1198 necesse
628 1172 713 1208 εει-αις
740 1168 799 1198 sed
827 1168 1060 1199 homoioteleuti
1087 1170 1240 1198 rationem
1266 1168 1374 1198 habuit
1400 1173 1505 1208 poeta.

151 1265 183 1294 2.
228 1264 345 1295 Amore
366 1266 511 1304 adfectus
529 1268 597 1305 fui,
627 1267 751 1305 qnando
775 1266 892 1295 camela
914 1269 1065 1294 noi-emtis
1085 1266 1168 1303 pulli
1185 1268 1238 1295 sui
1258 1275 1364 1294 amore
1384 1274 1448 1294 non
1469 1264 1671 1303 adficiebatur
1700 1266 1730 1292 et
1757 1264 1833 1292 Bes
1863 1263 1939 1292 Bes

721 1321 891 1348 dicentibus
912 1320 1074 1357 mulyemli
1093 1319 1182 1347 locus
1210 1328 1273 1347 mm
1292 1321 1368 1347 erat.

264 1388 310 1418 Se
346 1394 490 1428 tempore
516 1398 653 1430 magnae
680 1389 867 1419 calamitatis
896 1390 991 1419 amico
1019 1389 1168 1418 auxilium
1196 1388 1309 1418 tulisse
1336 1387 1430 1417 dixit:
1463 1387 1541 1417 Post
1566 1387 1700 1417 verbum
1726 1385 1818 1433 υἱ)
1846 1386 1938 1416 suffi-

151 1460 227 1481 xum
242 1450 357 1480 obiecti
373 1452 518 1480 omissum
547 1456 598 1480 est
616 1456 732 1481 etcum
752 1452 860 1489 verbo,
886 1451 968 1490 quod
995 1451 1119 1480 nonnisi
1135 1451 1251 1480 amoris
1279 1458 1406 1479 sensum
1434 1449 1547 1490 offert,
1567 1450 1628 1479 hoc
1646 1449 1677 1478 in
1701 1459 1801 1479 versu
1829 1449 1937 1479 auxilii

152 1512 274 1542 ferendi
300 1513 493 1554 significatio
521 1514 690 1544 coniuncta
727 1524 803 1544 esse
841 1514 945 1545 debet.
1009 1514 1141 1545 Caniela
1166 1514 1193 1543 si
1219 1522 1325 1543 amore
1353 1513 1382 1542 iu
1409 1512 1525 1552 pullum
1553 1520 1712 1551 propensa
1738 1516 1806 1549 est,
1835 1511 1882 1541 lac
1909 1513 1938 1540 ei

152 1576 294 1615 praebet.
347 1576 497 1606 Camelae
525 1578 680 1607 novennis
707 1577 898 1606 mentionem
926 1576 1020 1617 fecit,
1048 1576 1129 1615 quod
1157 1577 1226 1606 talis
1254 1576 1372 1606 camela
1398 1576 1516 1605 maiore
1543 1583 1635 1613 quam
1661 1575 1796 1603 iuvenca
1830 1583 1938 1603 amore

153 1637 183 1666 in
209 1638 328 1677 pullum
357 1638 486 1668 adfecta
512 1649 589 1668 esse
615 1640 709 1669 solet.
754 1642 891 1670 Nonnisi
918 1650 998 1671 anno
1025 1641 1135 1681 sterili,
1162 1649 1221 1679 quo
1249 1639 1370 1670 camela
1395 1639 1476 1669 lactc
1503 1642 1601 1677 caret,
1632 1638 1662 1666 in
1689 1636 1803 1676 pullum
1832 1645 1939 1665 amore

153 1708 215 1728 non
244 1699 369 1729 adfecta
394 1700 541 1741 videtur,
569 1710 662 1739 quum
690 1694 731 1731 nil
758 1703 864 1743 lactis,
892 1703 975 1741 quod
1003 1703 1157 1743 porrigat,
1185 1702 1308 1732 habeat.
1335 1701 1378 1731 Ut
1403 1706 1509 1731 autem
1537 1705 1633 1739 poeta
1660 1699 1801 1728 sterilem
1825 1708 1938 1728 aunum

153 1761 315 1802 designet,
342 1761 426 1801 dicit,
454 1772 523 1803 eos7
551 1763 604 1802 qui
624 1764 688 1792 Bes
716 1764 778 1794 Bes
806 1764 921 1805 dicant,
947 1765 995 1794 lac
1021 1765 1134 1794 elicere
1162 1774 1223 1793 non
1250 1772 1358 1803 posse.
1413 1764 1482 1793 Viri
1509 1762 1603 1803 enim,
1631 1770 1703 1790 nam
1729 1760 1852 1790 nonnisi
1878 1761 1940 1790 viri

153 1824 333 1864 mulgebant
368 1825 496 1863 (conf.
537 1825 633 1855 Meid.
658 1825 694 1856 C.
726 1825 791 1868 28,
820 1826 902 1865 20),
932 1827 1064 1857 vocibus
1092 1827 1156 1856 Bes
1181 1827 1245 1856 Bes
1271 1826 1314 1856 uti
1340 1825 1507 1866 solebant,
1540 1828 1573 1855 ut
1600 1823 1719 1854 camela
1746 1823 1793 1853 lac
1819 1822 1938 1863 largius

155 1889 325 1918 emitteret.

951 2004 1153 2038 xxxin.

692 2076 910 2111 ohrwah
934 2076 980 2109 h.
1003 2076 1207 2109 Alwaml
1232 2074 1368 2108 «lixit.

836 2150 900 2196 (De
927 2157 1022 2191 poeta
1047 2152 1128 2182 conf.
1148 2162 1176 2191 p.
1207 2149 1260 2194 t'v).

157 2227 183 2257 1.
227 2225 304 2255 Sine
326 2235 385 2263 me,
398 2235 415 2254 ο
429 2225 552 2262 mulier,
564 2234 622 2262 per
643 2228 761 2253 terram
782 2227 912 2263 vayari5
935 2234 1008 2253 nam
1027 2227 1098 2263 fieri
1116 2227 1228 2263 potest,
1251 2227 1287 2252 ut
1306 2224 1421 2252 divitiis
1440 2223 1554 2261 potiar,
1576 2223 1610 2251 in
1632 2222 1744 2260 quibus
1758 2223 1798 2260 is,
1815 2222 1865 2250 cui
1884 2221 1940 2249 ob—

804 2281 936 2308 strictus
951 2287 1033 2315 sum,
1045 2278 1189 2316 fiduciam
1201 2274 1311 2314 ponit!

254 2349 418 2380 Mulierem
444 2349 548 2389 ipsum
585 2349 624 2379 ob
657 2348 771 2379 itinera
801 2349 900 2378 multa
931 2348 1165 2386 vituperantem
1200 2346 1363 2384 alloquens
1400 2353 1538 2382 causam,
1566 2353 1623 2374 cur
1649 2342 1708 2373 iter
1736 2340 1848 2381 faciat,
1875 2350 1937 2370 ex-

157 2412 253 2451 ponit.
284 2412 370 2452 Non,
387 2415 421 2442 ut
446 2411 505 2441 sibi
531 2412 642 2450 prosit,
657 2409 726 2451 sed,
747 2415 780 2440 ut
805 2410 836 2438 in
864 2410 942 2439 alios
968 2408 1122 2439 beneficia
1145 2407 1290 2437 conferre
1316 2407 1426 2445 possm
1453 2406 1571 2436 divitiis
1597 2403 1794 2444 acquirendis
1809 2412 1938 2442 operam

157 2482 194 2502 se
221 2473 305 2503 dare.
359 2474 510 2503 Futurum
529 2477 740 2512 apocopatum
767 2481 809 2501 ex
835 2470 1043 2502 antecedente
1069 2470 1257 2509 imperativo
1285 2469 1401 2509 pendet
1428 2468 1551 2508 (conf.
1579 2466 1688 2498 Gram.
1718 2465 1774 2494 Ar.
1801 2465 1838 2494 T.
1865 2465 1878 2493 1
1903 2473 1933 2503 p.

159 2534 230 2564 206
263 2536 289 2564 11
315 2546 346 2575 p.
373 2535 450 2575 33.)
501 2536 576 2566 Vox
601 2528 651 2564 obi
679 2534 740 2565 hoc
765 2534 796 2564 in
820 2543 920 2564 versu
946 2534 1066 2564 formae
1091 2532 1192 2561 otiam
1222 2532 1486 2574 significationem
1512 2530 1615 2562 habet.

159 2606 191 2634 2.
236 2607 349 2635 Nonne
368 2617 465 2643 ἔπαυε
484 2610 540 2643 est,
565 2607 648 2646 quod
666 2608 839 2645 infortunio
859 2606 1023 2642 incidente,
1041 2606 1138 2644 oflicii
1152 2605 1340 2643 praestandi
1356 2605 1503 2643 fiduciam
1523 2603 1556 2630 in
1579 2600 1666 2630 nobis
1687 2608 1776 2629 nemo
1798 2597 1934 2627 habeat?
