2155 2892
874 145 1146 177 -602-

119 247 146 275 1.
190 248 265 276 Etsi
285 255 341 282 eqo
363 244 502 273 liberali-e
525 252 588 272 mm
609 253 689 278 snm,
714 246 818 272 tannen
839 247 931 273 nocte
950 245 1085 273 obscura
1108 245 1143 273 ob
1164 250 1367 277 commeatum
1389 248 1478 277 Ιιαιιιὶ
1499 249 1674 285 vituperor,-

119 303 149 330 2.
193 301 268 329 Etsi
285 302 352 336 ipse
374 302 526 328 strenuus
548 307 612 326 mm
634 308 716 332 sum,
740 302 844 327 lamen
866 299 996 330 lanceae
1019 302 1179 337 cuspidem
1202 302 1290 331 haud
1309 302 1477 332 incolumis
1498 302 1623 339 repello.

215 370 247 397 In
275 368 366 398 hisce
392 368 541 398 versibus
571 368 792 399 liberalitatem
820 368 1098 409 fortitudinemque
1124 380 1216 401 suam
1244 371 1362 401 laudat.
1416 371 1484 401 Aut
1508 370 1646 400 vocibus
1673 359 1764 407 &935
1781 382 1849 415 Ορ-
1875 376 1908 400 et

114 429 245 481 ξμςωόὶ
276 444 345 477 0⁶²
373 432 630 462 liberalissimum
658 436 691 461 et
718 431 927 461 fortissimum
967 432 997 461 in
1031 441 1091 462 suo
1119 441 1239 473 genere
1266 432 1436 473 designare
1463 433 1554 470 vult,
1594 437 1628 462 ut
1663 441 1726 461 non
1751 440 1906 461 summam

114 494 335 524 liberalitatem
363 494 641 533 fortitudinemque
670 493 729 523 sibi
758 499 900 534 arroget,
921 498 975 524 aut
994 494 1024 524 in
1051 495 1188 525 vocibus
1216 496 1359 535 loquendi
1389 495 1501 526 modus
1528 500 1593 536 est,
1611 495 1726 534 quibus
1755 496 1807 524 vis
1833 503 1907 524 ser-

115 560 216 588 monis
251 563 407 599 augetur,
436 569 519 598 nam,
554 558 628 588 dum
655 557 875 588 liberalitatem
902 560 934 585 et
962 555 1176 587 fortitudinem
1205 566 1325 599 negare
1352 557 1491 596 videtur,
1523 559 1554 587 in
1582 557 1762 596 posteriore
1789 565 1908 586 versus

114 625 204 659 parte
231 622 305 651 talia
331 621 370 651 de
397 631 435 651 se
461 621 636 661 praedicat,
664 629 744 659 quae
772 620 873 659 ipsam
900 619 1117 650 liberalitatem
1146 625 1178 649 et
1205 619 1421 650 fortitudinem
1461 619 1642 660 designant.
1708 619 1770 648 Hie
1809 619 1908 649 inter-

114 682 258 721 pretandi
285 683 395 713 modus
424 684 494 714 mihi
523 682 753 722 praeferendus
791 680 927 710 videtur.
996 681 1088 711 Voce
1116 676 1230 712 :ullast
1260 682 1341 720 (nox
1368 681 1524 720 obscura)
1553 686 1678 720 tempus
1706 681 1818 712 hiemis
1847 681 1905 711 de-

114 745 271 785 signatur.
326 746 412 776 Loco
438 746 527 775 vocis
556 758 664 782 Μ
689 743 720 773 in
747 742 905 772 Mersukii
933 743 1040 774 codice
1068 740 1159 781 lui]
1186 744 1313 785 legitur.
1365 744 1399 773 In
1426 743 1603 783 posteriore
1631 753 1731 774 versu
1761 743 1844 784 dicit,
1869 753 1906 774 se

115 806 230 837 acriter
256 817 412 848 pugnare,
440 811 474 837 ut
501 809 610 837 lancea
638 807 666 835 in
694 805 799 845 ipsum
826 805 947 836 directa
974 805 1153 847 frangatur.

900 928 1109 962 Lxxlv.

754 993 981 1028 Alius
1033 995 1258 1029 «lixit.

114 1075 141 1103 Ι.
186 1075 350 1104 [asculum
377 1077 495 1109 carnis.
522 1077 606 1114 quod
627 1077 799 1111 distribuis,
823 1076 931 1105 addila
952 1076 1038 1114 aqud
1058 1086 1138 1113 maye
1160 1080 1191 1105 et
1211 1077 1344 1106 mullum
1367 1087 1468 1116 aquae
1491 1077 1638 1110 admisce,
1653 1078 1683 1104 si
1702 1076 1754 1105 lac
1776 1076 1907 1106 mullum

928 1138 991 1157 non
1013 1128 1087 1157 est!

211 1196 263 1226 Ne
287 1196 515 1236 hospitalitatis
543 1197 645 1227 officia
670 1197 886 1238 negligantur,
903 1197 943 1237 ei,
963 1198 1016 1237 qui
1042 1203 1097 1227 aut
1125 1200 1235 1230 iusculi
1262 1200 1367 1230 carnis
1394 1205 1508 1230 coetae
1536 1206 1591 1230 aut
1618 1201 1713 1230 lactis
1740 1200 1821 1230 satis
1848 1209 1909 1229 non

113 1257 241 1299 habeat,
268 1258 395 1297 suadet,
424 1263 456 1290 ut
483 1269 584 1300 aquae
617 1263 739 1300 partem
775 1259 962 1290 admisceat.
1027 1259 1167 1291 Similem
1194 1263 1386 1293 sententiam
1415 1268 1511 1302 poeta
1536 1267 1692 1303 sequente
1719 1272 1819 1292 versu
1848 1273 1909 1293 ex·-

113 1320 231 1358 pressit
258 1321 366 1359 (metr.
382 1321 548 1360 'l'hawiUz
577 1322 688 1362 Aqua
716 1323 771 1352 iis
792 1322 1325 1362 (iusculum)extendimus
1353 1335 1428 1355 eos
1456 1335 1533 1355 non
1561 1325 1908 1373 vilipendentes3

112 1381 188 1411 sed
216 1382 254 1412 si
280 1392 350 1413 res
378 1383 503 1414 nimis
531 1389 721 1426 angusta
752 1390 841 1425 est,
876 1384 1138 1414 extenditur.
1192 1385 1309 1415 Similis
1338 1395 1455 1416 sensus
1482 1386 1512 1416 in
1543 1386 1703 1426 proverbii
1730 1391 1908 1416 consuetu·

112 1441 214 1473 dinem
242 1444 331 1474 venit
358 1445 474 1483 (Meid.
503 1445 561 1485 24,
592 1445 703 1485 117.).
736 1447 826 1477 »Lae
854 1447 955 1477 simile
981 1457 1084 1487 aquae
1115 1448 1229 1478 melius
1257 1451 1307 1478 est
1336 1458 1428 1488 quam
1454 1457 1568 1487 aqua«.

113 1539 144 1567 2.
189 1539 229 1567 Id
247 1549 328 1576 auye
350 1544 380 1569 et
400 1544 585 1578 praesentes
608 1542 652 1571 ihi
673 1542 904 1580 circumspice!
928 1552 1104 1580 ¹1,n²7zer0.‹›*us
1124 1546 1205 1573 enim
1229 1549 1295 1581 est,
1320 1546 1411 1574 cuius
1441 1546 1645 1581 coqitationes
1667 1552 1789 1579 semper
1810 1552 1908 1570 occu-

116 1589 183 1630 (p.
207 1590 338 1633 ⁸239.)
926 1600 1021 1634 patae
1043 1602 1127 1627 sunt.

230 1662 404 1703 Hortatur,
444 1668 477 1692 ut
506 1664 534 1692 si
569 1663 714 1704 hospites
741 1667 794 1695 aut
820 1674 981 1704 pauperes
1008 1666 1122 1705 adsint,
1148 1668 1264 1698 nullam
1293 1677 1400 1698 curam
1429 1667 1687 1708 diligentiamque
1721 1665 1910 1695 intermittat

112 1723 150 1754 ad
178 1734 216 1754 ea
244 1725 481 1765 cognoscenda,
509 1735 588 1764 quae
616 1726 694 1765 ipsis
722 1728 908 1756 necessaria
926 1728 1001 1759 siut.
1029 1728 1244 1758 Celeberrimo
1262 1729 1390 1758 Hatimo
1415 1727 1583 1767 sequentia
1603 1727 1700 1756 verba
1728 1726 1907 1755 tribuuntur

114 1785 222 1827 (metr.
251 1785 413 1828 'l'hawil):
441 1788 700 1819 Generosus
737 1792 818 1828 est,
855 1787 923 1827 qui
951 1788 1281 1828 circumspicit3
1309 1794 1352 1819 at
1378 1788 1484 1818 vilis
1513 1792 1601 1828 est,
1634 1787 1752 1816 cuius
1780 1786 1908 1816 visus

113 1849 339 1879 immobilis
380 1855 464 1891 est,
499 1859 672 1880 avarus.
726 1850 808 1879 Huic
835 1858 960 1890 quoque
987 1851 1099 1881 similia
1126 1856 1201 1880 sunt
1229 1852 1326 1882 verba
1355 1856 1471 1891 poetae
1501 1852 1610 1889 (metr.
1639 1850 1797 1890 Redjes):
1839 1850 1908 1880 vi-

112 1910 208 1940 cina
237 1913 361 1941 nobis
389 1918 459 1943 est
483 1913 587 1943 haud
616 1914 806 1943 molliter
834 1913 1039 1951 educata,
1064 1913 1241 1953 pulchra
1268 1913 1397 1952 facie,
1417 1913 1633 1943 indolibus
1662 1911 1907 1952 laudabilis,

112 1972 202 2002 dum
231 1983 275 2003 ea
303 1975 431 2004 simul
468 1976 583 2005 collo
611 1985 745 2005 curvo
775 1975 980 2015 praedita
1007 1978 1085 2004 est.
1139 1974 1250 2004 Curvo
1278 1974 1359 2004 collo
1387 1983 1462 2004 esse
1490 1974 1601 2003 diceus
1628 1982 1698 2003 eam
1727 1983 1788 2003 non
1817 1974 1906 2002 vitu-

113 2039 225 2073 perat3
265 2035 322 2065 sed
356 2036 483 2076 laudat3
521 2037 626 2068 dicere
656 2038 737 2067 enim
777 2038 866 2078 vult,
907 2046 975 2067 eam
1009 2045 1138 2075 semper
1164 2036 1432 2075 circumspicere,
1471 2040 1506 2066 ut
1533 2041 1720 2077 cognoscat,
1747 2036 1795 2066 cui
1821 2036 1908 2066 cibus

111 2104 190 2135 opus
216 2097 268 2127 sit.

915 2195 1107 2229 Lxxv.

859 2260 1001 2294 Alius
1026 2261 1160 2294 «lixit.

110 2352 138 2379 1.
185 2350 276 2386 Quod
295 2353 325 2380 si
345 2362 381 2380 ea
404 2349 568 2391 (camela)
591 2352 673 2381 lacte
695 2357 805 2382 contra
825 2352 968 2390 gladium
992 2363 1104 2382 carnes
1125 2363 1204 2382 suas
1225 2362 1287 2383 non
1308 2354 1465 2392 defendit,
1488 2357 1556 2384 eius
1579 2357 1666 2387 aciei,
1691 2364 1771 2392 qeeae
1791 2364 1905 2382 secans

895 2410 952 2440 est,
978 2408 1122 2435 occurrit.

209 2473 335 2503 Arabes
364 2477 507 2512 tempore
534 2474 682 2514 aestatis,
710 2474 781 2505 dum
803 2475 887 2505 lacte
915 2475 1053 2505 cautelae
1081 2475 1291 2515 abundabant,
1319 2476 1460 2506 camelas
1489 2480 1629 2506 mactare
1654 2484 1715 2504 non
1745 2475 1903 2514 solebant,

111 2535 225 2573 quippe
263 2536 312 2565 lac
348 2536 535 2566 nutrimento
565 2537 643 2576 ipsis
685 2537 862 2568 sufficeret.
913 2539 1003 2568 Haec
1038 2548 1088 2568 res
1127 2547 1222 2568 causa
1250 2544 1323 2576 est,
1359 2549 1415 2569 cur
1444 2543 1538 2578 poeta
1566 2537 1706 2568 camelas
1734 2537 1817 2567 laete
1844 2546 1904 2566 suo

110 2602 221 2625 carnes
251 2599 333 2626 tueri
360 2597 453 2628 dicat.
507 2598 607 2629 Lacte
635 2603 741 2629 autem
767 2599 958 2642 deficiente,
998 2607 1032 2632 ut
1067 2600 1246 2640 hospitibus
1273 2601 1375 2631 cibum
1401 2600 1619 2640 adponerent,
1656 2598 1797 2628 camelas
1837 2607 1900 2628 non
