2155 2892
901 131 1170 165 -358—

979 281 1109 315 le.

341 357 483 393 Alius
506 358 636 392 dixit.
680 358 931 393 ohtaibah
955 360 995 394 h.
1018 360 1210 394 Min-das
1233 362 1406 395 auctor
1428 369 1532 394 esse
1555 359 1744 394 (licitur.

151 441 212 481 (p.
222 438 347 483 576.)
371 442 399 471 l.
422 443 542 472 Parum
565 445 672 471 carnis
686 445 719 471 in
733 443 829 472 oculis
843 443 962 471 habens
974 444 1132 471 iuvenlute
1143 445 1262 477 ornata,
1279 443 1467 471 commodam
1482 445 1575 471 vllam
1591 442 1822 478 iucundamque
1831 450 1928 478 agene

261 525 409 556 Feminae
444 525 705 565 pulchritudinem
737 525 847 565 faciei,
875 526 1072 555 iuventutem
1099 528 1130 555 et
1156 524 1351 556 commodam
1381 525 1479 555 vitam
1506 524 1665 555 adscribit.
1729 522 1927 554 Scholiastes

150 596 264 617 vocem
296 584 426 633 0551'2‘0255
462 588 564 618 minus
603 593 752 618 accurate
786 588 970 618 describens
1012 587 1108 628 dicit,
1151 588 1230 618 duas
1267 597 1368 619 venas
1404 588 1435 617 in
1464 587 1626 616 oculorum
1663 584 1786 625 angulis
1827 584 1927 614 inter-

152 649 201 679 nis
234 649 419 690 significarI.
480 649 672 688 Djeuharius
700 654 809 678 nostro
838 649 905 678 loco
928 649 1040 690 aptiuS‚
1069 654 1198 679 auctore
1224 651 1364 690 Iakobo,
1401 649 1497 688 dixit,
1538 647 1616 678 duas
1652 657 1753 677 venas
1799 644 1926 688 signifi-

151 713 215 742 cari
241 713 272 742 in
297 712 376 752 loco,
396 722 456 751 quo
483 712 642 751 lacrymae
670 710 802 740 effluant
828 720 925 749 super
952 719 1031 739 naso
1057 711 1095 740 ab
1123 715 1256 750 utroque
1283 713 1393 742 latere.
1421 711 1522 741 Poeta
1548 711 1654 741 dicere
1679 710 1759 748 vult,
1778 708 1928 748 superio-

153 785 219 805 rem
256 777 325 804 nasi
359 778 497 813 partem,
537 773 626 812 loco,
654 773 705 802 ubi
731 781 833 802 venae
860 772 932 802 illae
960 769 1099 814 (fistulae
1125 771 1330 817 lacrymales)
1356 776 1387 804 in
1414 773 1496 803 oculi
1519 773 1685 802 interiores
1709 772 1842 813 angulos
1869 770 1928 800 de-

151 841 304 875 currunt,
344 834 428 865 haud
463 843 634 872 crassum3
662 833 721 862 sed
748 838 875 863 tenuem
903 843 988 866 esse,
1040 834 1183 864 Tenuem
1208 846 1321 866 nasum
1347 836 1474 865 Arabes
1501 833 1666 874 pulchrum
1692 844 1767 864 esse
1795 836 1929 864 censent

149 896 248 937 (conf.
277 896 374 926 Meid.
403 897 439 925 T.
467 896 496 924 ΙΙ
521 905 551 935 p.
583 895 653 925 592
681 896 808 934 supra).
836 896 992 925 Iuventus
1022 899 1125 926 autem
1151 903 1186 928 ut
1213 898 1295 928 omni
1322 897 1457 927 feminae
1483 896 1589 926 decori
1617 897 1665 926 sic
1694 895 1734 925 ad
1751 894 1929 934 pulchritu-

149 959 251 989 dinem
278 958 462 988 necessaria
489 964 550 989 est.
578 959 621 989 Ut
648 958 845 998 pulchritudo
873 964 1121 989 conservaretur
1149 965 1181 990 et
1210 963 1390 1001 augeretur,
1419 959 1554 988 molliter
1581 958 1734 987 vivebant
1761 957 1853 986 Ham.
1881 958 1928 986 0⁸1⁸·

148 1030 179 1050 v.
199 1021 231 1053 6.
259 1020 465 1051 Commodam
491 1023 586 1062 igitur
613 1021 709 1051 vitam
736 1030 844 1061 agere,
870 1019 992 1050 feminis
1019 1021 1102 1050 laudi
1129 1025 1189 1051 est.
1219 1020 1300 1052 Voci
1316 1015 1365 1064 0,[,·
1392 1028 1577 1061 quamquam
1603 1019 1791 1049 scholiastes
1814 1017 1928 1047 firmi

148 1087 189 1113 et
215 1091 257 1112 co
270 1092 289 1111 n
302 1091 319 1112 s
332 1083 474 1112 tantis
493 1080 613 1126 (wis)
629 1082 893 1125 significationem
913 1082 1031 1123 tribuit,
1049 1088 1156 1113 tamen
1182 1082 1348 1113 iucundi
1367 1082 1559 1124 significatio
1580 1081 1654 1112 mihi
1674 1080 1776 1120 aptior
1789 1079 1925 1110 videtur.

149 1193 181 1221 2.
231 1192 259 1221 V
260 1192 341 1221 elum
363 1192 474 1220 domus
497 1201 608 1227 capere
630 1191 742 1227 voluit;
764 1194 797 1219 at
817 1200 880 1219 mm
902 1194 971 1228 ipsa
994 1201 1062 1220 eam
1084 1193 1119 1221 ob
1143 1203 1207 1222 rem
1231 1195 1393 1231 sture-vi&
1414 1194 1472 1222 sed
1491 1202 1600 1222 servae
1623 1193 1657 1220 id
1675 1192 1869 1220 dimiserunt.

260 1261 465 1292 Commodam
491 1260 627 1290 feminae
661 1262 760 1290 vitam
799 1260 938 1300 pluribus
977 1261 1138 1291 describit.
1203 1262 1249 1292 Se
1276 1273 1294 1293 e
1320 1263 1392 1293 loco
1419 1272 1481 1292 non
1507 1262 1667 1299 movebat,
1695 1265 1740 1301 ut,
1768 1262 1797 1290 si
1822 1259 1930 1288 velum

151 1323 263 1353 domus
291 1322 417 1362 paulum
445 1331 611 1352 removere
638 1321 668 1350 in
695 1324 797 1352 animo
824 1322 965 1362 haberet,
993 1323 1119 1361 puellae
1146 1324 1254 1363 plures
1281 1325 1479 1356 advolarent.
1506 1324 1625 1355 Omnes
1644 1324 1739 1365 igitur
1765 1321 1930 1353 molestiae

151 1388 182 1415 et
208 1385 297 1424 ipsae
324 1385 470 1415 minimae
497 1393 622 1414 summa
648 1394 717 1414 cum
744 1393 820 1414 cura
846 1384 884 1413 ab
912 1393 951 1413 ea
977 1385 1232 1416 removebantur.

151 1484 184 1514 3.
229 1483 284 1513 Ad
301 1483 406 1512 lusum
428 1484 582 1512 sermonis
604 1485 727 1512 omnino
752 1484 906 1512 inclz'nala
929 1488 1054 1521 aeyrolo
1077 1485 1200 1519 similis,
1236 1494 1325 1523 quem
1349 1484 1590 1513 consuetudines
1612 1484 1820 1523 reliquerunt.

262 1552 397 1582 Nonnisi
434 1553 504 1581 lusu
540 1561 607 1582 eam
644 1559 829 1592 occupatam
857 1562 950 1594 esse,
990 1558 1023 1583 ut
1054 1558 1182 1593 praeter
1208 1555 1310 1584 lusum
1335 1554 1450 1583 nullius
1478 1554 1522 1583 rei
1548 1563 1652 1583 curam
1680 1554 1806 1583 habeat.
1858 1552 1930 1581 Hoc

150 1619 253 1646 autem
280 1614 311 1643 in
336 1618 423 1643 statu
451 1617 546 1652 poeta
572 1613 719 1643 feminam
747 1623 817 1644 cum
835 1621 968 1656 aegroto
999 1617 1141 1656 contulit,
1169 1618 1221 1656 qui
1247 1615 1330 1645 nulla
1358 1625 1391 1645 re
1410 1615 1543 1655 amplius
1560 1620 1735 1654 occupatus
1762 1618 1822 1644 est.
1856 1613 1931 1643 Vox

151 1674 253 1723 69OE
280 1685 334 1715 pro
362 1675 480 1721 0.quss
509 1679 569 1704 est.
598 1675 696 1704 Vocis
724 1676 849 1714 propria
876 1678 1068 1718 significatio
1095 1684 1147 1709 est
1173 1678 1218 1708 ad
1245 1682 1487 1716 extremum,
1507 1678 1627 1707 finem
1654 1674 1929 1716 perveniti.e.

152 1738 233 1779 finis,
262 1747 322 1777 quo
350 1737 461 1778 tendit)
489 1737 579 1766 lusus
608 1741 668 1766 est.
722 1737 828 1767 voces
854 1736 942 1767 &Iatin-
963 1740 1030 1780 35>l
1058 1741 1190 1771 frater
1217 1741 1370 1780 lapsus
1396 1745 1562 1781 aegrotum
1582 1740 1761 1780 designant.
1790 1737 1930 1767 Verbum

154 1803 185 1832 in
212 1801 342 1831 scholiis
373 1808 545 1830 occurrens
573 1800 651 1844 ⁸³5⁵)
679 1798 779 1829 ala-s
807 1810 890 1839 exp
907 1803 1036 1832 andit
1059 1803 1228 1844 significat.
1281 1803 1398 1833 Verbis
1426 1800 1731 1845 igituraffkcijsq
1757 1799 1931 1830 fovendi

156 1863 419 1905 significationem
447 1862 573 1902 tribuo,
610 1862 724 1900 quippe
751 1862 833 1900 avis,
862 1872 879 1892 a
906 1873 965 1902 qua
993 1866 1139 1905 loquendi
1168 1866 1276 1895 modus
1304 1865 1469 1895 desumtus
1497 1864 1634 1901 videtur,
1653 1864 1720 1894 alas
1747 1861 1931 1901 expandens

155 1927 258 1965 pullos
303 1926 420 1955 foveat.
486 1925 580 1954 Hunc
615 1929 734 1954 rectum
772 1925 968 1966 intelligendi
1005 1928 1127 1957 modum
1156 1937 1244 1967 esse,
1272 1938 1313 1957 ex
1340 1928 1439 1957 verbo
1466 1934 1575 1962 wama
1603 1936 1673 1956 cum
1702 1934 1740 1955 eo
1768 1925 1932 1954 coniuncto

156 1987 379 2027 quodammodo
408 1987 565 2016 coniicere
592 1988 675 2017 licet.
743 1988 850 2017 Verba
876 1987 991 2030 „xil-,xli
1022 1988 1126 2020 21,le
1151 1992 1198 2018 ιλὲ
1228 2000 1320 2020 »eum
1350 1989 1599 2019 consuetudines
1625 1991 1686 2018 iam
1715 1987 1929 2018 tradiderunt«

156 2050 348 2092 significant,
377 2055 540 2090 aegrotum
568 2049 830 2088 occupationibus
858 2051 926 2080 suis
956 2052 1072 2082 relictis
1101 2051 1214 2081 nullius
1235 2052 1279 2081 rei
1306 2060 1413 2082 curam
1440 2050 1567 2080 habere.

992 2217 1099 2251 Lx.

661 2293 870 2327 {faurhah
902 2294 941 2327 b.
970 2295 1274 2338 Alhomajjir
1296 2295 1425 2330 «lixit.

255 2384 422 2422 Tempore,
452 2391 513 2422 quo
542 2382 729 2412 Merwanus
758 2383 786 2412 b.
821 2382 970 2412 Alhacem
997 2382 1146 2413 Medinae
1173 2383 1354 2422 praefectus
1382 2389 1461 2421 erat,
1480 2385 1560 2415 vixit
1589 2388 1620 2414 et
1645 2388 1798 2425 regnante
1815 2383 1931 2414 Moah-

415 2444 532 2484 wijaho
573 2445 701 2475 occisus
738 2450 796 2475 est.
863 2444 1093 2484 Alachjalijjam
1122 2446 1246 2476 amabat
1273 2446 1388 2476 conf.
1418 2447 1480 2477 Cit.
1510 2446 1675 2487 Alaghani.

255 2522 487 2554 Grammaticus
508 2523 705 2554 Abu-FFath
724 2523 850 2553 nomina
875 2523 1001 2563 propria
1018 2513 1114 2568 :³³35
1144 2529 1176 2554 et
1203 2522 1314 2563 „flam
1333 2534 1517 2565 comparans
1545 2526 1616 2554 voci
1635 2513 1731 2567 53:435
1761 2525 1928 2555 articulum

158 2584 261 2621 potius
289 2587 462 2615 convenire
489 2594 579 2624 quam
607 2586 679 2616 voci
707 2584 817 2626 ..alaidi
846 2587 1041 2617 contendens
1069 2597 1196 2618 causam
1224 2588 1255 2617 in
1283 2597 1321 2617 eo
1350 2587 1480 2625 invenit,
1506 2585 1586 2626 quod
1618 2585 1718 2616 forma
1738 2586 1929 2616 deminutiva
