<?xml version="1.0" encoding="UTF-8"?>
<!DOCTYPE html PUBLIC "-//W3C//DTD XHTML 1.0 Transitional//EN"
    "http://www.w3.org/TR/xhtml1/DTD/xhtml1-transitional.dtd">
<html xmlns="http://www.w3.org/1999/xhtml" xml:lang="en" lang="en">
 <head>
  <title>
</title>
<meta http-equiv="Content-Type" content="text/html;charset=utf-8" />
  <meta name='ocr-system' content='tesseract 3.04.00' />
  <meta name='ocr-capabilities' content='ocr_page ocr_carea ocr_par ocr_line ocrx_word'/>
</head>
<body>
  <div class='ocr_page' id='page_1' title='image "./p2hamassaecarmin02abbiuoft_0358.png"; bbox 0 0 2155 2892; ppageno 0'>
   <div class='ocr_carea' id='block_1_1' title="bbox 876 109 1144 141">
    <p class='ocr_par' dir='ltr' id='par_1_1' title="bbox 876 109 1144 141">
     <span class='ocr_line' id='line_1_1' title="bbox 876 109 1144 141; baseline -0.007 0"><span class='ocrx_word' id='word_1_1' title='bbox 876 109 1144 141; x_wconf 81' lang='lat'><strong>-346—</strong></span> 
     </span>
    </p>
   </div>
   <div class='ocr_carea' id='block_1_2' title="bbox 119 206 1898 313">
    <p class='ocr_par' dir='ltr' id='par_1_2' title="bbox 119 206 1898 313">
     <span class='ocr_line' id='line_1_2' title="bbox 121 206 1898 252; baseline -0.005 -6"><span class='ocrx_word' id='word_1_2' title='bbox 121 217 186 247; x_wconf 85' lang='lat' dir='ltr'>Aut</span> <span class='ocrx_word' id='word_1_3' title='bbox 216 218 322 246; x_wconf 87' lang='lat' dir='ltr'>inesse</span> <span class='ocrx_word' id='word_1_4' title='bbox 351 211 618 252; x_wconf 77' lang='lat' dir='ltr'>vituperationem</span> <span class='ocrx_word' id='word_1_5' title='bbox 646 210 686 241; x_wconf 85' lang='lat' dir='ltr'>ad</span> <span class='ocrx_word' id='word_1_6' title='bbox 713 210 863 241; x_wconf 87' lang='lat' dir='ltr'>camelum</span> <span class='ocrx_word' id='word_1_7' title='bbox 890 210 1048 251; x_wconf 83' lang='lat' dir='ltr'>directam,</span> <span class='ocrx_word' id='word_1_8' title='bbox 1077 214 1111 239; x_wconf 90' lang='lat' dir='ltr'>ut</span> <span class='ocrx_word' id='word_1_9' title='bbox 1137 206 1346 248; x_wconf 81' lang='lat' dir='ltr'>interrogatio</span> <span class='ocrx_word' id='word_1_10' title='bbox 1372 207 1480 237; x_wconf 87' lang='lat' dir='ltr'>verbis</span> <span class='ocrx_word' id='word_1_11' title='bbox 1510 207 1586 237; x_wconf 84' lang='lat' dir='ltr'>insit</span> <span class='ocrx_word' id='word_1_12' title='bbox 1612 212 1667 238; x_wconf 88' lang='lat' dir='ltr'>aut</span> <span class='ocrx_word' id='word_1_13' title='bbox 1692 209 1797 238; x_wconf 92' lang='lat' dir='ltr'>verbis</span> <span class='ocrx_word' id='word_1_14' title='bbox 1822 217 1898 238; x_wconf 87' lang='lat' dir='ltr'>nar-</span> 
     </span>
     <span class='ocr_line' id='line_1_3' title="bbox 119 267 1897 313; baseline -0.006 -4"><span class='ocrx_word' id='word_1_15' title='bbox 119 278 268 309; x_wconf 84' lang='lat' dir='ltr'><strong>rationem</strong></span> <span class='ocrx_word' id='word_1_16' title='bbox 299 276 408 305; x_wconf 88' lang='lat' dir='ltr'>inesse</span> <span class='ocrx_word' id='word_1_17' title='bbox 433 279 466 304; x_wconf 88' lang='lat' dir='ltr'>et</span> <span class='ocrx_word' id='word_1_18' title='bbox 492 274 660 304; x_wconf 88' lang='lat' dir='ltr'>verborum</span> <span class='ocrx_word' id='word_1_19' title='bbox 687 282 803 303; x_wconf 90' lang='lat' dir='ltr'>sensus</span> <span class='ocrx_word' id='word_1_20' title='bbox 823 281 920 302; x_wconf 87' lang='lat' dir='ltr'>esse:</span> <span class='ocrx_word' id='word_1_21' title='bbox 938 272 1058 313; x_wconf 89' lang='lat' dir='ltr'>gemitu</span> <span class='ocrx_word' id='word_1_22' title='bbox 1085 276 1139 301; x_wconf 89' lang='lat' dir='ltr'>tuo</span> <span class='ocrx_word' id='word_1_23' title='bbox 1158 271 1315 301; x_wconf 89' lang='lat' dir='ltr'>desiderio</span> <span class='ocrx_word' id='word_1_24' title='bbox 1343 270 1474 300; x_wconf 89' lang='lat' dir='ltr'>hominis</span> <span class='ocrx_word' id='word_1_25' title='bbox 1501 280 1550 300; x_wconf 91' lang='lat' dir='ltr'>me</span> <span class='ocrx_word' id='word_1_26' title='bbox 1578 270 1687 309; x_wconf 79' lang='lat' dir='ltr'>imples</span> <span class='ocrx_word' id='word_1_27' title='bbox 1713 274 1745 300; x_wconf 83' lang='lat' dir='ltr'>et</span> <span class='ocrx_word' id='word_1_28' title='bbox 1766 267 1897 309; x_wconf 66' lang='lat' dir='ltr'>qualis?</span> 
     </span>
    </p>
   </div>
   <div class='ocr_carea' id='block_1_3' title="bbox 120 332 1896 378">
    <p class='ocr_par' dir='ltr' id='par_1_3' title="bbox 120 332 1896 378">
     <span class='ocr_line' id='line_1_4' title="bbox 120 332 1896 378; baseline -0.003 -9"><span class='ocrx_word' id='word_1_29' title='bbox 120 340 229 370; x_wconf 85' lang='lat' dir='ltr'>Voces</span> <span class='ocrx_word' id='word_1_30' title='bbox 258 333 369 378; x_wconf 45' lang='lat' dir='ltr'>lad-,⁸3</span> <span class='ocrx_word' id='word_1_31' title='bbox 395 341 428 366; x_wconf 89' lang='lat' dir='ltr'>et</span> <span class='ocrx_word' id='word_1_32' title='bbox 455 333 583 377; x_wconf 40' lang='lat' dir='ltr'>&amp;gab-ms</span> <span class='ocrx_word' id='word_1_33' title='bbox 611 345 667 375; x_wconf 92' lang='lat' dir='ltr'>pro</span> <span class='ocrx_word' id='word_1_34' title='bbox 691 332 799 376; x_wconf 48' lang='lat'>&amp;95²3</span> <span class='ocrx_word' id='word_1_35' title='bbox 829 339 860 364; x_wconf 87' lang='lat' dir='ltr'>et</span> <span class='ocrx_word' id='word_1_36' title='bbox 886 334 1009 375; x_wconf 40' lang='lat'>&amp;3555</span> <span class='ocrx_word' id='word_1_37' title='bbox 1036 339 1121 371; x_wconf 82' lang='lat' dir='ltr'>sunt,</span> <span class='ocrx_word' id='word_1_38' title='bbox 1147 338 1180 364; x_wconf 87' lang='lat' dir='ltr'>et</span> <span class='ocrx_word' id='word_1_39' title='bbox 1202 333 1351 364; x_wconf 84' lang='lat' dir='ltr'>suffixum</span> <span class='ocrx_word' id='word_1_40' title='bbox 1378 342 1536 373; x_wconf 82' lang='lat' dir='ltr'><strong>personae</strong></span> <span class='ocrx_word' id='word_1_41' title='bbox 1571 333 1726 362; x_wconf 89' lang='lat' dir='ltr'>omissum</span> <span class='ocrx_word' id='word_1_42' title='bbox 1759 333 1896 363; x_wconf 85' lang='lat' dir='ltr'>videtur.</span> 
     </span>
    </p>
   </div>
   <div class='ocr_carea' id='block_1_4' title="bbox 119 441 1819 480">
    <p class='ocr_par' dir='ltr' id='par_1_4' title="bbox 119 441 1819 480">
     <span class='ocr_line' id='line_1_5' title="bbox 119 441 1819 480; baseline -0.003 -4"><span class='ocrx_word' id='word_1_43' title='bbox 119 449 151 476; x_wconf 79' lang='lat'>2.</span> <span class='ocrx_word' id='word_1_44' title='bbox 194 447 241 476; x_wconf 79' lang='lat' dir='ltr'>Et</span> <span class='ocrx_word' id='word_1_45' title='bbox 259 446 447 475; x_wconf 75' lang='lat' dir='ltr'>desiderium</span> <span class='ocrx_word' id='word_1_46' title='bbox 470 455 572 474; x_wconf 83' lang='lat' dir='ltr'>meum</span> <span class='ocrx_word' id='word_1_47' title='bbox 594 448 646 473; x_wconf 79' lang='lat' dir='ltr'>tuo</span> <span class='ocrx_word' id='word_1_48' title='bbox 668 445 820 473; x_wconf 79' lang='lat' dir='ltr'>desiderio</span> <span class='ocrx_word' id='word_1_49' title='bbox 843 443 944 472; x_wconf 79' lang='lat' dir='ltr'>simile</span> <span class='ocrx_word' id='word_1_50' title='bbox 966 446 1035 480; x_wconf 81' lang='lat' dir='ltr'>est;</span> <span class='ocrx_word' id='word_1_51' title='bbox 1057 443 1114 471; x_wconf 84' lang='lat' dir='ltr'>sed</span> <span class='ocrx_word' id='word_1_52' title='bbox 1133 451 1188 479; x_wconf 75' lang='lat' dir='ltr'>eyo</span> <span class='ocrx_word' id='word_1_53' title='bbox 1211 442 1245 469; x_wconf 68' lang='lat' dir='ltr'>id</span> <span class='ocrx_word' id='word_1_54' title='bbox 1264 441 1397 477; x_wconf 73' lang='lat' dir='ltr'>occulto,</span> <span class='ocrx_word' id='word_1_55' title='bbox 1418 442 1492 470; x_wconf 79' lang='lat' dir='ltr'>dum</span> <span class='ocrx_word' id='word_1_56' title='bbox 1515 445 1549 471; x_wconf 77' lang='lat' dir='ltr'>lu</span> <span class='ocrx_word' id='word_1_57' title='bbox 1571 442 1605 470; x_wconf 73' lang='lat' dir='ltr'>id</span> <span class='ocrx_word' id='word_1_58' title='bbox 1624 442 1819 480; x_wconf 68' lang='lat' dir='ltr'>manzfeslaS.</span> 
     </span>
    </p>
   </div>
   <div class='ocr_carea' id='block_1_5' title="bbox 118 509 1901 743">
    <p class='ocr_par' dir='ltr' id='par_1_5' title="bbox 118 509 1901 743">
     <span class='ocr_line' id='line_1_6' title="bbox 215 509 1899 556; baseline -0.004 -10"><span class='ocrx_word' id='word_1_59' title='bbox 215 515 298 546; x_wconf 90' lang='lat' dir='ltr'>Voci</span> <span class='ocrx_word' id='word_1_60' title='bbox 321 519 441 556; x_wconf 46' lang='lat'>¹50⁶&amp;</span> <span class='ocrx_word' id='word_1_61' title='bbox 469 519 616 553; x_wconf 86' lang='lat' dir='ltr'>tanquam</span> <span class='ocrx_word' id='word_1_62' title='bbox 643 513 873 553; x_wconf 90' lang='lat' dir='ltr'>adpositionem</span> <span class='ocrx_word' id='word_1_63' title='bbox 901 512 1009 542; x_wconf 87' lang='lat' dir='ltr'>suffixi</span> <span class='ocrx_word' id='word_1_64' title='bbox 1037 511 1125 541; x_wconf 90' lang='lat' dir='ltr'>vocis</span> <span class='ocrx_word' id='word_1_65' title='bbox 1151 509 1187 550; x_wconf 52' lang='lat' dir='ltr'>gl</span> <span class='ocrx_word' id='word_1_66' title='bbox 1217 519 1324 539; x_wconf 87' lang='lat' dir='ltr'>casum</span> <span class='ocrx_word' id='word_1_67' title='bbox 1352 511 1570 540; x_wconf 80' lang='lat' dir='ltr'><strong>accusativum</strong></span> <span class='ocrx_word' id='word_1_68' title='bbox 1602 511 1692 540; x_wconf 87' lang='lat' dir='ltr'>tribui</span> <span class='ocrx_word' id='word_1_69' title='bbox 1720 519 1828 549; x_wconf 90' lang='lat' dir='ltr'>posse,</span> <span class='ocrx_word' id='word_1_70' title='bbox 1855 510 1899 540; x_wconf 90' lang='lat' dir='ltr'>ita</span> 
     </span>
     <span class='ocr_line' id='line_1_7' title="bbox 119 572 1898 619; baseline -0.003 -11"><span class='ocrx_word' id='word_1_71' title='bbox 119 582 154 608; x_wconf 92' lang='lat' dir='ltr'>ut</span> <span class='ocrx_word' id='word_1_72' title='bbox 181 587 247 608; x_wconf 84' lang='lat' dir='ltr'>vox</span> <span class='ocrx_word' id='word_1_73' title='bbox 284 577 346 616; x_wconf 56' lang='lat'>3:222·</span> <span class='ocrx_word' id='word_1_74' title='bbox 383 578 485 607; x_wconf 86' lang='lat' dir='ltr'>locum</span> <span class='ocrx_word' id='word_1_75' title='bbox 521 576 692 616; x_wconf 87' lang='lat' dir='ltr'>praedicati</span> <span class='ocrx_word' id='word_1_76' title='bbox 729 575 821 605; x_wconf 88' lang='lat' dir='ltr'>vocis</span> <span class='ocrx_word' id='word_1_77' title='bbox 849 574 887 619; x_wconf 65' lang='lat' dir='ltr'>Ol</span> <span class='ocrx_word' id='word_1_78' title='bbox 915 579 1074 613; x_wconf 89' lang='lat' dir='ltr'>occupet,</span> <span class='ocrx_word' id='word_1_79' title='bbox 1103 573 1292 603; x_wconf 82' lang='lat' dir='ltr'>scholiastes</span> <span class='ocrx_word' id='word_1_80' title='bbox 1320 572 1408 603; x_wconf 85' lang='lat' dir='ltr'>dixit.</span> <span class='ocrx_word' id='word_1_81' title='bbox 1461 574 1645 604; x_wconf 82' lang='lat' dir='ltr'>Mersukius</span> <span class='ocrx_word' id='word_1_82' title='bbox 1671 573 1760 614; x_wconf 73' lang='lat' dir='ltr'>dixit,</span> <span class='ocrx_word' id='word_1_83' title='bbox 1787 582 1898 602; x_wconf 89' lang='lat' dir='ltr'>vocem</span> 
     </span>
     <span class='ocr_line' id='line_1_8' title="bbox 118 635 1899 682; baseline -0.003 -11"><span class='ocrx_word' id='word_1_84' title='bbox 118 645 237 682; x_wconf 44' lang='lat' dir='ltr'>&amp;ax-&#39;Q</span> <span class='ocrx_word' id='word_1_85' title='bbox 256 642 355 671; x_wconf 89' lang='lat' dir='ltr'>locum</span> <span class='ocrx_word' id='word_1_86' title='bbox 383 641 528 676; x_wconf 88' lang='lat' dir='ltr'>subiecti,</span> <span class='ocrx_word' id='word_1_87' title='bbox 549 644 583 669; x_wconf 90' lang='lat' dir='ltr'>ut</span> <span class='ocrx_word' id='word_1_88' title='bbox 610 648 718 669; x_wconf 84' lang='lat' dir='ltr'>casum</span> <span class='ocrx_word' id='word_1_89' title='bbox 744 637 968 666; x_wconf 84' lang='lat' dir='ltr'>nominativum</span> <span class='ocrx_word' id='word_1_90' title='bbox 993 636 1119 674; x_wconf 76' lang='lat' dir='ltr'>habeat,</span> <span class='ocrx_word' id='word_1_91' title='bbox 1140 638 1171 664; x_wconf 82' lang='lat' dir='ltr'>et</span> <span class='ocrx_word' id='word_1_92' title='bbox 1187 635 1241 673; x_wconf 82' lang='lat' dir='ltr'>ita,</span> <span class='ocrx_word' id='word_1_93' title='bbox 1263 639 1295 664; x_wconf 92' lang='lat' dir='ltr'>ut</span> <span class='ocrx_word' id='word_1_94' title='bbox 1314 645 1380 664; x_wconf 87' lang='lat' dir='ltr'>vox</span> <span class='ocrx_word' id='word_1_95' title='bbox 1394 635 1606 673; x_wconf 85' lang='lat' dir='ltr'>praedicatum</span> <span class='ocrx_word' id='word_1_96' title='bbox 1633 637 1662 665; x_wconf 85' lang='lat' dir='ltr'>ei</span> <span class='ocrx_word' id='word_1_97' title='bbox 1688 636 1899 675; x_wconf 87' lang='lat' dir='ltr'>praemissum</span> 
     </span>
     <span class='ocr_line' id='line_1_9' title="bbox 119 695 1901 743; baseline -0.004 -9"><span class='ocrx_word' id='word_1_98' title='bbox 119 704 174 742; x_wconf 89' lang='lat' dir='ltr'>sit,</span> <span class='ocrx_word' id='word_1_99' title='bbox 199 713 356 743; x_wconf 84' lang='lat' dir='ltr'>occupare</span> <span class='ocrx_word' id='word_1_100' title='bbox 383 711 491 742; x_wconf 87' lang='lat' dir='ltr'>posse.</span> <span class='ocrx_word' id='word_1_101' title='bbox 546 702 681 731; x_wconf 88' lang='lat' dir='ltr'>Phrasin</span> <span class='ocrx_word' id='word_1_102' title='bbox 708 703 814 729; x_wconf 88' lang='lat' dir='ltr'>autem</span> <span class='ocrx_word' id='word_1_103' title='bbox 842 699 942 728; x_wconf 90' lang='lat' dir='ltr'>locum</span> <span class='ocrx_word' id='word_1_104' title='bbox 969 695 1141 735; x_wconf 87' lang='lat' dir='ltr'>praedicati</span> <span class='ocrx_word' id='word_1_105' title='bbox 1169 696 1258 726; x_wconf 87' lang='lat' dir='ltr'>vocis</span> <span class='ocrx_word' id='word_1_106' title='bbox 1285 695 1323 740; x_wconf 63' lang='lat' dir='ltr'>Ol</span> <span class='ocrx_word' id='word_1_107' title='bbox 1352 700 1469 726; x_wconf 85' lang='lat' dir='ltr'>tenere.</span> <span class='ocrx_word' id='word_1_108' title='bbox 1524 697 1686 728; x_wconf 87' lang='lat' dir='ltr'>Camelum</span> <span class='ocrx_word' id='word_1_109' title='bbox 1716 707 1797 728; x_wconf 93' lang='lat' dir='ltr'>voce</span> <span class='ocrx_word' id='word_1_110' title='bbox 1816 698 1901 728; x_wconf 86' lang='lat' dir='ltr'>elata</span> 
     </span>
    </p>
   </div>
   <div class='ocr_carea' id='block_1_6' title="bbox 120 757 1444 802">
    <p class='ocr_par' dir='ltr' id='par_1_6' title="bbox 120 757 1444 802">
     <span class='ocr_line' id='line_1_10' title="bbox 120 757 1444 802; baseline -0.007 -6"><span class='ocrx_word' id='word_1_111' title='bbox 120 765 309 796; x_wconf 92' lang='lat' dir='ltr'>desiderium</span> <span class='ocrx_word' id='word_1_112' title='bbox 336 774 429 794; x_wconf 90' lang='lat' dir='ltr'>sunm</span> <span class='ocrx_word' id='word_1_113' title='bbox 458 762 674 802; x_wconf 81' lang='lat' dir='ltr'>manifestare,</span> <span class='ocrx_word' id='word_1_114' title='bbox 702 762 775 791; x_wconf 89' lang='lat' dir='ltr'>dum</span> <span class='ocrx_word' id='word_1_115' title='bbox 802 762 873 798; x_wconf 88' lang='lat' dir='ltr'>ipse</span> <span class='ocrx_word' id='word_1_116' title='bbox 899 758 1057 788; x_wconf 91' lang='lat' dir='ltr'>silentium</span> <span class='ocrx_word' id='word_1_117' title='bbox 1086 762 1206 798; x_wconf 80' lang='lat' dir='ltr'>teneat,</span> <span class='ocrx_word' id='word_1_118' title='bbox 1235 761 1328 796; x_wconf 82' lang='lat' dir='ltr'>poeta</span> <span class='ocrx_word' id='word_1_119' title='bbox 1358 757 1444 787; x_wconf 89' lang='lat' dir='ltr'>dicit.</span> 
     </span>
    </p>
   </div>
   <div class='ocr_carea' id='block_1_7' title="bbox 119 854 1900 1139">
    <p class='ocr_par' dir='ltr' id='par_1_7' title="bbox 119 854 1900 1139">
     <span class='ocr_line' id='line_1_11' title="bbox 119 854 1898 897; baseline -0.004 -6"><span class='ocrx_word' id='word_1_120' title='bbox 119 862 152 892; x_wconf 82' lang='lat'>3.</span> <span class='ocrx_word' id='word_1_121' title='bbox 196 862 243 891; x_wconf 83' lang='lat' dir='ltr'>Et</span> <span class='ocrx_word' id='word_1_122' title='bbox 263 863 296 890; x_wconf 82' lang='lat' dir='ltr'>in</span> <span class='ocrx_word' id='word_1_123' title='bbox 318 871 367 889; x_wconf 83' lang='lat' dir='ltr'>me</span> <span class='ocrx_word' id='word_1_124' title='bbox 389 861 468 889; x_wconf 76' lang='lat' dir='ltr'>idem</span> <span class='ocrx_word' id='word_1_125' title='bbox 490 862 555 896; x_wconf 77' lang='lat' dir='ltr'>est,</span> <span class='ocrx_word' id='word_1_126' title='bbox 579 860 664 897; x_wconf 81' lang='lat' dir='ltr'>quod</span> <span class='ocrx_word' id='word_1_127' title='bbox 683 860 716 886; x_wconf 82' lang='lat' dir='ltr'>in</span> <span class='ocrx_word' id='word_1_128' title='bbox 737 861 782 892; x_wconf 82' lang='lat' dir='ltr'>te,</span> <span class='ocrx_word' id='word_1_129' title='bbox 812 858 876 885; x_wconf 79' lang='lat' dir='ltr'>nisi</span> <span class='ocrx_word' id='word_1_130' title='bbox 897 856 980 893; x_wconf 82' lang='lat' dir='ltr'>quod</span> <span class='ocrx_word' id='word_1_131' title='bbox 999 864 1054 891; x_wconf 71' lang='lat' dir='ltr'>eqo</span> <span class='ocrx_word' id='word_1_132' title='bbox 1079 856 1171 883; x_wconf 76' lang='lat' dir='ltr'>nimis</span> <span class='ocrx_word' id='word_1_133' title='bbox 1194 863 1329 891; x_wconf 76' lang='lat' dir='ltr'>maqnus</span> <span class='ocrx_word' id='word_1_134' title='bbox 1352 854 1478 892; x_wconf 79' lang='lat' dir='ltr'>habeor,</span> <span class='ocrx_word' id='word_1_135' title='bbox 1502 864 1594 892; x_wconf 81' lang='lat' dir='ltr'>quam</span> <span class='ocrx_word' id='word_1_136' title='bbox 1615 858 1650 883; x_wconf 78' lang='lat' dir='ltr'>ut</span> <span class='ocrx_word' id='word_1_137' title='bbox 1670 856 1803 893; x_wconf 73' lang='lat' dir='ltr'>vinciar,</span> <span class='ocrx_word' id='word_1_138' title='bbox 1826 856 1898 883; x_wconf 81' lang='lat' dir='ltr'>dum</span> 
     </span>
     <span class='ocr_line' id='line_1_12' title="bbox 917 911 1108 938; baseline -0.005 0"><span class='ocrx_word' id='word_1_139' title='bbox 917 913 950 938; x_wconf 79' lang='lat' dir='ltr'>tu</span> <span class='ocrx_word' id='word_1_140' title='bbox 972 911 1108 938; x_wconf 74' lang='lat' dir='ltr'>vinciris.</span> 
     </span>
     <span class='ocr_line' id='line_1_13' title="bbox 216 978 1898 1017; baseline -0.003 -4"><span class='ocrx_word' id='word_1_141' title='bbox 216 982 390 1013; x_wconf 85' lang='lat' dir='ltr'>Discrimen</span> <span class='ocrx_word' id='word_1_142' title='bbox 419 981 499 1010; x_wconf 89' lang='lat' dir='ltr'>inter</span> <span class='ocrx_word' id='word_1_143' title='bbox 526 989 562 1009; x_wconf 89' lang='lat' dir='ltr'>se</span> <span class='ocrx_word' id='word_1_144' title='bbox 586 985 619 1010; x_wconf 88' lang='lat' dir='ltr'>et</span> <span class='ocrx_word' id='word_1_145' title='bbox 646 979 801 1010; x_wconf 89' lang='lat' dir='ltr'>camelum</span> <span class='ocrx_word' id='word_1_146' title='bbox 829 978 956 1009; x_wconf 88' lang='lat' dir='ltr'>indicat.</span> <span class='ocrx_word' id='word_1_147' title='bbox 985 978 1085 1008; x_wconf 87' lang='lat' dir='ltr'>Poeta</span> <span class='ocrx_word' id='word_1_148' title='bbox 1112 978 1303 1008; x_wconf 89' lang='lat' dir='ltr'>desiderium</span> <span class='ocrx_word' id='word_1_149' title='bbox 1330 987 1423 1007; x_wconf 90' lang='lat' dir='ltr'>suum</span> <span class='ocrx_word' id='word_1_150' title='bbox 1459 978 1604 1017; x_wconf 85' lang='lat' dir='ltr'>cohibet;</span> <span class='ocrx_word' id='word_1_151' title='bbox 1633 978 1772 1008; x_wconf 89' lang='lat' dir='ltr'>camelus</span> <span class='ocrx_word' id='word_1_152' title='bbox 1796 983 1898 1008; x_wconf 86' lang='lat' dir='ltr'>autem</span> 
     </span>
     <span class='ocr_line' id='line_1_14' title="bbox 120 1042 1900 1084; baseline -0.003 -8"><span class='ocrx_word' id='word_1_153' title='bbox 120 1045 269 1077; x_wconf 90' lang='lat' dir='ltr'>desiderii</span> <span class='ocrx_word' id='word_1_154' title='bbox 301 1045 450 1084; x_wconf 90' lang='lat' dir='ltr'>impetum</span> <span class='ocrx_word' id='word_1_155' title='bbox 490 1047 700 1082; x_wconf 81' lang='lat' dir='ltr'>sequeretur,</span> <span class='ocrx_word' id='word_1_156' title='bbox 735 1042 795 1071; x_wconf 86' lang='lat' dir='ltr'>nisi</span> <span class='ocrx_word' id='word_1_157' title='bbox 832 1043 961 1072; x_wconf 81' lang='lat' dir='ltr'>vinctus</span> <span class='ocrx_word' id='word_1_158' title='bbox 993 1046 1087 1072; x_wconf 86' lang='lat' dir='ltr'>esset.</span> <span class='ocrx_word' id='word_1_159' title='bbox 1153 1042 1243 1072; x_wconf 84' lang='lat' dir='ltr'>Hanc</span> <span class='ocrx_word' id='word_1_160' title='bbox 1281 1050 1405 1072; x_wconf 84' lang='lat' dir='ltr'>causam</span> <span class='ocrx_word' id='word_1_161' title='bbox 1435 1050 1523 1082; x_wconf 69' lang='lat' dir='ltr'>esse,</span> <span class='ocrx_word' id='word_1_162' title='bbox 1550 1051 1604 1071; x_wconf 89' lang='lat' dir='ltr'>cur</span> <span class='ocrx_word' id='word_1_163' title='bbox 1630 1050 1762 1082; x_wconf 87' lang='lat' dir='ltr'>gemens</span> <span class='ocrx_word' id='word_1_164' title='bbox 1788 1049 1900 1071; x_wconf 81' lang='lat' dir='ltr'>vocem</span> 
     </span>
     <span class='ocr_line' id='line_1_15' title="bbox 119 1109 216 1139; baseline -0.01 -1"><span class='ocrx_word' id='word_1_165' title='bbox 119 1109 216 1139; x_wconf 86' lang='lat' dir='ltr'>tollat.</span> 
     </span>
    </p>
   </div>
   <div class='ocr_carea' id='block_1_8' title="bbox 812 1249 1227 1350">
    <p class='ocr_par' dir='ltr' id='par_1_8' title="bbox 812 1249 1227 1350">
     <span class='ocr_line' id='line_1_16' title="bbox 925 1249 1100 1283; baseline 0 0"><span class='ocrx_word' id='word_1_166' title='bbox 925 1249 1100 1283; x_wconf 70' lang='lat' dir='ltr'>XLIV.</span> 
     </span>
     <span class='ocr_line' id='line_1_17' title="bbox 812 1314 1227 1350; baseline -0.007 0"><span class='ocrx_word' id='word_1_167' title='bbox 812 1315 1009 1350; x_wconf 71' lang='lat' dir='ltr'>Alius</span> <span class='ocrx_word' id='word_1_168' title='bbox 1042 1314 1227 1348; x_wconf 74' lang='lat' dir='ltr'>dixfit.</span> 
     </span>
    </p>
   </div>
   <div class='ocr_carea' id='block_1_9' title="bbox 122 1383 1681 1426">
    <p class='ocr_par' dir='ltr' id='par_1_9' title="bbox 122 1383 1681 1426">
     <span class='ocr_line' id='line_1_18' title="bbox 122 1383 1681 1426; baseline -0.004 -7"><span class='ocrx_word' id='word_1_169' title='bbox 122 1391 149 1421; x_wconf 88' lang='lat'>1.</span> <span class='ocrx_word' id='word_1_170' title='bbox 196 1389 302 1426; x_wconf 82' lang='lat' dir='ltr'>Quum</span> <span class='ocrx_word' id='word_1_171' title='bbox 324 1391 393 1418; x_wconf 81' lang='lat' dir='ltr'>eius</span> <span class='ocrx_word' id='word_1_172' title='bbox 416 1398 470 1417; x_wconf 81' lang='lat' dir='ltr'>cor</span> <span class='ocrx_word' id='word_1_173' title='bbox 491 1389 615 1417; x_wconf 85' lang='lat' dir='ltr'>omnino</span> <span class='ocrx_word' id='word_1_174' title='bbox 638 1389 860 1426; x_wconf 74' lang='lat' dir='ltr'>refractarimn</span> <span class='ocrx_word' id='word_1_175' title='bbox 882 1394 982 1423; x_wconf 79' lang='lat' dir='ltr'>neque</span> <span class='ocrx_word' id='word_1_176' title='bbox 1004 1394 1095 1422; x_wconf 78' lang='lat' dir='ltr'>opum</span> <span class='ocrx_word' id='word_1_177' title='bbox 1119 1393 1220 1422; x_wconf 79' lang='lat' dir='ltr'>neque</span> <span class='ocrx_word' id='word_1_178' title='bbox 1238 1383 1380 1421; x_wconf 76' lang='lat' dir='ltr'>familiae</span> <span class='ocrx_word' id='word_1_179' title='bbox 1401 1383 1511 1412; x_wconf 75' lang='lat' dir='ltr'>solatio</span> <span class='ocrx_word' id='word_1_180' title='bbox 1533 1387 1681 1419; x_wconf 77' lang='lat' dir='ltr'>utereIur,</span> 
     </span>
    </p>
   </div>
   <div class='ocr_carea' id='block_1_10' title="bbox 120 1450 1905 1991">
    <p class='ocr_par' dir='ltr' id='par_1_10' title="bbox 120 1450 1903 1543">
     <span class='ocr_line' id='line_1_19' title="bbox 120 1450 1903 1491; baseline -0.002 -5"><span class='ocrx_word' id='word_1_181' title='bbox 120 1459 152 1487; x_wconf 75' lang='lat'>2.</span> <span class='ocrx_word' id='word_1_182' title='bbox 195 1457 253 1485; x_wconf 71' lang='lat' dir='ltr'>Ex</span> <span class='ocrx_word' id='word_1_183' title='bbox 275 1456 338 1484; x_wconf 77' lang='lat' dir='ltr'>alia</span> <span class='ocrx_word' id='word_1_184' title='bbox 359 1455 506 1484; x_wconf 77' lang='lat' dir='ltr'>solatium</span> <span class='ocrx_word' id='word_1_185' title='bbox 529 1464 641 1491; x_wconf 79' lang='lat' dir='ltr'>capere</span> <span class='ocrx_word' id='word_1_186' title='bbox 662 1454 799 1490; x_wconf 76' lang='lat' dir='ltr'>studuit,-</span> <span class='ocrx_word' id='word_1_187' title='bbox 827 1452 885 1480; x_wconf 80' lang='lat' dir='ltr'>sed</span> <span class='ocrx_word' id='word_1_188' title='bbox 905 1462 954 1487; x_wconf 80' lang='lat' dir='ltr'>ea,</span> <span class='ocrx_word' id='word_1_189' title='bbox 983 1462 1025 1480; x_wconf 64' lang='lat' dir='ltr'>ex</span> <span class='ocrx_word' id='word_1_190' title='bbox 1048 1461 1109 1489; x_wconf 77' lang='lat' dir='ltr'>qna</span> <span class='ocrx_word' id='word_1_191' title='bbox 1131 1451 1190 1479; x_wconf 77' lang='lat' dir='ltr'>sibi</span> <span class='ocrx_word' id='word_1_192' title='bbox 1209 1450 1354 1478; x_wconf 77' lang='lat' dir='ltr'>solatium</span> <span class='ocrx_word' id='word_1_193' title='bbox 1377 1453 1538 1486; x_wconf 79' lang='lat' dir='ltr'>reportare</span> <span class='ocrx_word' id='word_1_194' title='bbox 1562 1451 1695 1485; x_wconf 77' lang='lat' dir='ltr'>volebat,</span> <span class='ocrx_word' id='word_1_195' title='bbox 1727 1453 1769 1480; x_wconf 73' lang='lat' dir='ltr'>acl</span> <span class='ocrx_word' id='word_1_196' title='bbox 1789 1453 1903 1483; x_wconf 78' lang='lat' dir='ltr'>Lailae</span> 
     </span>
     <span class='ocr_line' id='line_1_20' title="bbox 597 1504 1414 1543; baseline -0.005 -7"><span class='ocrx_word' id='word_1_197' title='bbox 597 1508 784 1536; x_wconf 71' lang='lat' dir='ltr'>desiderium</span> <span class='ocrx_word' id='word_1_198' title='bbox 807 1508 968 1543; x_wconf 60' lang='lat' dir='ltr'>insuffla-it</span> <span class='ocrx_word' id='word_1_199' title='bbox 990 1508 1021 1533; x_wconf 76' lang='lat' dir='ltr'>et</span> <span class='ocrx_word' id='word_1_200' title='bbox 1040 1504 1185 1533; x_wconf 80' lang='lat' dir='ltr'>solatium</span> <span class='ocrx_word' id='word_1_201' title='bbox 1208 1513 1270 1532; x_wconf 79' lang='lat' dir='ltr'>non</span> <span class='ocrx_word' id='word_1_202' title='bbox 1293 1504 1414 1532; x_wconf 76' lang='lat' dir='ltr'>adtulit.</span> 
     </span>
    </p>

    <p class='ocr_par' dir='ltr' id='par_1_11' title="bbox 121 1573 1905 1991">
     <span class='ocr_line' id='line_1_21' title="bbox 232 1573 1901 1614; baseline -0.001 -6"><span class='ocrx_word' id='word_1_203' title='bbox 232 1580 379 1608; x_wconf 81' lang='lat' dir='ltr'>Amantis</span> <span class='ocrx_word' id='word_1_204' title='bbox 415 1583 535 1608; x_wconf 86' lang='lat' dir='ltr'>statum</span> <span class='ocrx_word' id='word_1_205' title='bbox 565 1577 724 1607; x_wconf 82' lang='lat' dir='ltr'>describit.</span> <span class='ocrx_word' id='word_1_206' title='bbox 778 1576 855 1605; x_wconf 84' lang='lat' dir='ltr'>Eius</span> <span class='ocrx_word' id='word_1_207' title='bbox 883 1584 1021 1604; x_wconf 85' lang='lat' dir='ltr'>amorem</span> <span class='ocrx_word' id='word_1_208' title='bbox 1048 1579 1166 1603; x_wconf 88' lang='lat' dir='ltr'>tantum</span> <span class='ocrx_word' id='word_1_209' title='bbox 1193 1573 1310 1611; x_wconf 83' lang='lat' dir='ltr'>fuisse,</span> <span class='ocrx_word' id='word_1_210' title='bbox 1338 1578 1370 1603; x_wconf 85' lang='lat' dir='ltr'>ut</span> <span class='ocrx_word' id='word_1_211' title='bbox 1398 1582 1500 1613; x_wconf 87' lang='lat' dir='ltr'>neque</span> <span class='ocrx_word' id='word_1_212' title='bbox 1527 1583 1605 1613; x_wconf 90' lang='lat' dir='ltr'>opes</span> <span class='ocrx_word' id='word_1_213' title='bbox 1644 1585 1744 1614; x_wconf 86' lang='lat' dir='ltr'>neque</span> <span class='ocrx_word' id='word_1_214' title='bbox 1784 1577 1901 1607; x_wconf 82' lang='lat' dir='ltr'>familia</span> 
     </span>
     <span class='ocr_line' id='line_1_22' title="bbox 122 1636 1903 1680; baseline -0.002 -8"><span class='ocrx_word' id='word_1_215' title='bbox 122 1643 150 1673; x_wconf 86' lang='lat' dir='ltr'>ei</span> <span class='ocrx_word' id='word_1_216' title='bbox 176 1642 322 1672; x_wconf 87' lang='lat' dir='ltr'>solatium</span> <span class='ocrx_word' id='word_1_217' title='bbox 350 1640 522 1670; x_wconf 82' lang='lat' dir='ltr'>adferrent.</span> <span class='ocrx_word' id='word_1_218' title='bbox 574 1640 617 1669; x_wconf 91' lang='lat' dir='ltr'>Ut</span> <span class='ocrx_word' id='word_1_219' title='bbox 653 1640 751 1680; x_wconf 79' lang='lat' dir='ltr'>igitur</span> <span class='ocrx_word' id='word_1_220' title='bbox 778 1639 914 1668; x_wconf 85' lang='lat' dir='ltr'>animum</span> <span class='ocrx_word' id='word_1_221' title='bbox 942 1637 1135 1667; x_wconf 86' lang='lat' dir='ltr'>distraheret</span> <span class='ocrx_word' id='word_1_222' title='bbox 1163 1640 1194 1666; x_wconf 89' lang='lat' dir='ltr'>et</span> <span class='ocrx_word' id='word_1_223' title='bbox 1222 1636 1359 1666; x_wconf 85' lang='lat' dir='ltr'>dolorem</span> <span class='ocrx_word' id='word_1_224' title='bbox 1387 1637 1518 1677; x_wconf 77' lang='lat' dir='ltr'>leniret,</span> <span class='ocrx_word' id='word_1_225' title='bbox 1547 1647 1617 1667; x_wconf 74' lang='lat' dir='ltr'>cuin</span> <span class='ocrx_word' id='word_1_226' title='bbox 1645 1639 1706 1668; x_wconf 82' lang='lat' dir='ltr'>alia</span> <span class='ocrx_word' id='word_1_227' title='bbox 1731 1649 1839 1669; x_wconf 89' lang='lat' dir='ltr'>amore</span> <span class='ocrx_word' id='word_1_228' title='bbox 1865 1650 1903 1669; x_wconf 90' lang='lat' dir='ltr'>se</span> 
     </span>
     <span class='ocr_line' id='line_1_23' title="bbox 121 1698 1904 1744; baseline -0.001 -10"><span class='ocrx_word' id='word_1_229' title='bbox 121 1706 317 1744; x_wconf 81' lang='lat' dir='ltr'>coniungere</span> <span class='ocrx_word' id='word_1_230' title='bbox 345 1703 476 1742; x_wconf 87' lang='lat' dir='ltr'>cupivit.</span> <span class='ocrx_word' id='word_1_231' title='bbox 512 1701 601 1739; x_wconf 86' lang='lat' dir='ltr'>Quae</span> <span class='ocrx_word' id='word_1_232' title='bbox 626 1705 730 1731; x_wconf 85' lang='lat' dir='ltr'>autem</span> <span class='ocrx_word' id='word_1_233' title='bbox 757 1701 872 1730; x_wconf 80' lang='lat' dir='ltr'>femina</span> <span class='ocrx_word' id='word_1_234' title='bbox 898 1709 990 1739; x_wconf 78' lang='lat' dir='ltr'>quum</span> <span class='ocrx_word' id='word_1_235' title='bbox 1017 1698 1142 1729; x_wconf 89' lang='lat' dir='ltr'>dotibus</span> <span class='ocrx_word' id='word_1_236' title='bbox 1171 1705 1225 1728; x_wconf 88' lang='lat' dir='ltr'>aut</span> <span class='ocrx_word' id='word_1_237' title='bbox 1245 1699 1335 1727; x_wconf 81' lang='lat' dir='ltr'>animi</span> <span class='ocrx_word' id='word_1_238' title='bbox 1363 1703 1416 1728; x_wconf 87' lang='lat' dir='ltr'>aut</span> <span class='ocrx_word' id='word_1_239' title='bbox 1443 1700 1584 1738; x_wconf 88' lang='lat' dir='ltr'>corporis</span> <span class='ocrx_word' id='word_1_240' title='bbox 1609 1700 1729 1730; x_wconf 83' lang='lat' dir='ltr'>Lailam</span> <span class='ocrx_word' id='word_1_241' title='bbox 1757 1711 1819 1730; x_wconf 90' lang='lat' dir='ltr'>non</span> <span class='ocrx_word' id='word_1_242' title='bbox 1846 1713 1904 1732; x_wconf 88' lang='lat' dir='ltr'>ae-</span> 
     </span>
     <span class='ocr_line' id='line_1_24' title="bbox 121 1761 1902 1806; baseline -0.001 -10"><span class='ocrx_word' id='word_1_243' title='bbox 121 1770 253 1806; x_wconf 79' lang='lat' dir='ltr'>quaret,</span> <span class='ocrx_word' id='word_1_244' title='bbox 281 1765 398 1795; x_wconf 85' lang='lat' dir='ltr'>factum</span> <span class='ocrx_word' id='word_1_245' title='bbox 425 1769 494 1802; x_wconf 81' lang='lat' dir='ltr'>est,</span> <span class='ocrx_word' id='word_1_246' title='bbox 522 1768 553 1794; x_wconf 94' lang='lat' dir='ltr'>ut</span> <span class='ocrx_word' id='word_1_247' title='bbox 582 1763 621 1793; x_wconf 85' lang='lat' dir='ltr'>ad</span> <span class='ocrx_word' id='word_1_248' title='bbox 647 1763 756 1805; x_wconf 36' lang='lat' dir='ltr'>Lailase</span> <span class='ocrx_word' id='word_1_249' title='bbox 783 1762 970 1793; x_wconf 84' lang='lat' dir='ltr'>desiderium</span> <span class='ocrx_word' id='word_1_250' title='bbox 998 1772 1125 1801; x_wconf 86' lang='lat' dir='ltr'>semper</span> <span class='ocrx_word' id='word_1_251' title='bbox 1153 1761 1365 1790; x_wconf 77' lang='lat' dir='ltr'>reduceretur.</span> <span class='ocrx_word' id='word_1_252' title='bbox 1419 1762 1579 1792; x_wconf 86' lang='lat' dir='ltr'>l&#39;articula</span> <span class='ocrx_word' id='word_1_253' title='bbox 1605 1761 1644 1790; x_wconf 62' lang='lat'>5:³5</span> <span class='ocrx_word' id='word_1_254' title='bbox 1672 1765 1770 1793; x_wconf 82' lang='lat' dir='ltr'>statui</span> <span class='ocrx_word' id='word_1_255' title='bbox 1797 1766 1902 1795; x_wconf 89' lang='lat' dir='ltr'>subito</span> 
     </span>
     <span class='ocr_line' id='line_1_25' title="bbox 121 1824 1903 1865; baseline -0.001 -7"><span class='ocrx_word' id='word_1_256' title='bbox 121 1827 285 1858; x_wconf 87' lang='lat' dir='ltr'>indicando</span> <span class='ocrx_word' id='word_1_257' title='bbox 313 1827 456 1863; x_wconf 59' lang='lat' dir='ltr'>inservit.</span> <span class='ocrx_word' id='word_1_258' title='bbox 484 1835 575 1864; x_wconf 89' lang='lat' dir='ltr'>quam</span> <span class='ocrx_word' id='word_1_259' title='bbox 603 1825 789 1855; x_wconf 84' lang='lat' dir='ltr'>scholiastes</span> <span class='ocrx_word' id='word_1_260' title='bbox 818 1825 992 1865; x_wconf 70' lang='lat' dir='ltr'>particulis,</span> <span class='ocrx_word' id='word_1_261' title='bbox 1023 1835 1104 1865; x_wconf 86' lang='lat' dir='ltr'>quae</span> <span class='ocrx_word' id='word_1_262' title='bbox 1133 1824 1232 1852; x_wconf 80' lang='lat' dir='ltr'>locum</span> <span class='ocrx_word' id='word_1_263' title='bbox 1261 1824 1339 1862; x_wconf 83' lang='lat' dir='ltr'>(non</span> <span class='ocrx_word' id='word_1_264' title='bbox 1370 1825 1512 1863; x_wconf 83' lang='lat' dir='ltr'>tempus)</span> <span class='ocrx_word' id='word_1_265' title='bbox 1542 1824 1722 1865; x_wconf 81' lang='lat' dir='ltr'>designant,</span> <span class='ocrx_word' id='word_1_266' title='bbox 1750 1826 1903 1858; x_wconf 86' lang='lat' dir='ltr'>adnume-</span> 
     </span>
     <span class='ocr_line' id='line_1_26' title="bbox 122 1885 1904 1929; baseline 0.001 -10"><span class='ocrx_word' id='word_1_267' title='bbox 122 1894 181 1919; x_wconf 88' lang='lat' dir='ltr'>rat.</span> <span class='ocrx_word' id='word_1_268' title='bbox 246 1888 337 1926; x_wconf 85' lang='lat' dir='ltr'>Quae</span> <span class='ocrx_word' id='word_1_269' title='bbox 369 1898 438 1918; x_wconf 89' lang='lat' dir='ltr'>eam</span> <span class='ocrx_word' id='word_1_270' title='bbox 467 1892 641 1926; x_wconf 85' lang='lat' dir='ltr'>sequuntur</span> <span class='ocrx_word' id='word_1_271' title='bbox 669 1887 788 1927; x_wconf 78' lang='lat' dir='ltr'>verba,</span> <span class='ocrx_word' id='word_1_272' title='bbox 827 1887 926 1916; x_wconf 84' lang='lat' dir='ltr'>locum</span> <span class='ocrx_word' id='word_1_273' title='bbox 952 1886 1089 1916; x_wconf 86' lang='lat' dir='ltr'>subiecti</span> <span class='ocrx_word' id='word_1_274' title='bbox 1114 1890 1146 1914; x_wconf 88' lang='lat' dir='ltr'>et</span> <span class='ocrx_word' id='word_1_275' title='bbox 1170 1885 1343 1924; x_wconf 86' lang='lat' dir='ltr'>praedicati</span> <span class='ocrx_word' id='word_1_276' title='bbox 1370 1891 1478 1916; x_wconf 83' lang='lat' dir='ltr'>tenent</span> <span class='ocrx_word' id='word_1_277' title='bbox 1505 1887 1622 1917; x_wconf 83' lang='lat' dir='ltr'>conf.</span> <span class='ocrx_word' id='word_1_278' title='bbox 1648 1888 1777 1918; x_wconf 90' lang='lat' dir='ltr'>Anthol.</span> <span class='ocrx_word' id='word_1_279' title='bbox 1805 1899 1904 1929; x_wconf 84' lang='lat' dir='ltr'>gram.</span> 
     </span>
     <span class='ocr_line' id='line_1_27' title="bbox 123 1946 1905 1991; baseline 0 -10"><span class='ocrx_word' id='word_1_280' title='bbox 123 1962 153 1991; x_wconf 89' lang='lat' dir='ltr'>p.</span> <span class='ocrx_word' id='word_1_281' title='bbox 171 1951 299 1981; x_wconf 60' lang='lat' dir='ltr'>winsra.</span> <span class='ocrx_word' id='word_1_282' title='bbox 329 1951 469 1980; x_wconf 87' lang='lat' dir='ltr'>Verbum</span> <span class='ocrx_word' id='word_1_283' title='bbox 496 1946 550 1977; x_wconf 51' lang='lat' dir='ltr'>blm</span> <span class='ocrx_word' id='word_1_284' title='bbox 576 1959 617 1979; x_wconf 90' lang='lat' dir='ltr'>ex</span> <span class='ocrx_word' id='word_1_285' title='bbox 644 1959 751 1979; x_wconf 86' lang='lat' dir='ltr'>eorum</span> <span class='ocrx_word' id='word_1_286' title='bbox 779 1958 909 1978; x_wconf 80' lang='lat' dir='ltr'>nurnero</span> <span class='ocrx_word' id='word_1_287' title='bbox 941 1958 1028 1983; x_wconf 82' lang='lat' dir='ltr'>esse,</span> <span class='ocrx_word' id='word_1_288' title='bbox 1057 1957 1188 1987; x_wconf 86' lang='lat' dir='ltr'>quorum</span> <span class='ocrx_word' id='word_1_289' title='bbox 1219 1948 1371 1983; x_wconf 77' lang='lat' dir='ltr'>futurum,</span> <span class='ocrx_word' id='word_1_290' title='bbox 1396 1950 1459 1978; x_wconf 87' lang='lat' dir='ltr'>etsi</span> <span class='ocrx_word' id='word_1_291' title='bbox 1485 1957 1587 1987; x_wconf 84' lang='lat' dir='ltr'>neque</span> <span class='ocrx_word' id='word_1_292' title='bbox 1616 1950 1816 1980; x_wconf 85' lang='lat' dir='ltr'>intransitiva</span> <span class='ocrx_word' id='word_1_293' title='bbox 1841 1957 1905 1981; x_wconf 85' lang='lat' dir='ltr'>sint</span> 
     </span>
    </p>
   </div>
   <div class='ocr_carea' id='block_1_11' title="bbox 125 2010 1903 2054">
    <p class='ocr_par' dir='ltr' id='par_1_12' title="bbox 125 2010 1903 2054">
     <span class='ocr_line' id='line_1_28' title="bbox 125 2010 1903 2054; baseline -0.001 -10"><span class='ocrx_word' id='word_1_294' title='bbox 125 2024 227 2054; x_wconf 88' lang='lat' dir='ltr'>neque</span> <span class='ocrx_word' id='word_1_295' title='bbox 254 2014 377 2044; x_wconf 81' lang='lat' dir='ltr'>tertiam</span> <span class='ocrx_word' id='word_1_296' title='bbox 400 2013 534 2043; x_wconf 86' lang='lat' dir='ltr'>litteram</span> <span class='ocrx_word' id='word_1_297' title='bbox 552 2014 744 2054; x_wconf 80' lang='lat' dir='ltr'>gutturaletn</span> <span class='ocrx_word' id='word_1_298' title='bbox 765 2012 911 2050; x_wconf 87' lang='lat' dir='ltr'>habeant,</span> <span class='ocrx_word' id='word_1_299' title='bbox 931 2018 1033 2042; x_wconf 87' lang='lat' dir='ltr'>tamen</span> <span class='ocrx_word' id='word_1_300' title='bbox 1051 2012 1154 2041; x_wconf 86' lang='lat' dir='ltr'>vocali</span> <span class='ocrx_word' id='word_1_301' title='bbox 1174 2011 1276 2041; x_wconf 85' lang='lat' dir='ltr'>Fatha</span> <span class='ocrx_word' id='word_1_302' title='bbox 1305 2010 1499 2051; x_wconf 78' lang='lat' dir='ltr'>enuncietur,</span> <span class='ocrx_word' id='word_1_303' title='bbox 1519 2010 1711 2041; x_wconf 85' lang='lat' dir='ltr'>scholiastes</span> <span class='ocrx_word' id='word_1_304' title='bbox 1731 2012 1903 2044; x_wconf 84' lang='lat' dir='ltr'>adnotavit.</span> 
     </span>
    </p>
   </div>
   <div class='ocr_carea' id='block_1_12' title="bbox 472 2194 1549 2371">
    <p class='ocr_par' dir='ltr' id='par_1_13' title="bbox 472 2194 1549 2371">
     <span class='ocr_line' id='line_1_29' title="bbox 942 2194 1086 2227; baseline -0.014 0"><span class='ocrx_word' id='word_1_305' title='bbox 942 2194 1086 2227; x_wconf 71' lang='lat' dir='ltr'>XLV.</span> 
     </span>
     <span class='ocr_line' id='line_1_30' title="bbox 472 2259 1549 2302; baseline -0.002 -6"><span class='ocrx_word' id='word_1_306' title='bbox 472 2261 613 2296; x_wconf 75' lang='lat' dir='ltr'>Alius</span> <span class='ocrx_word' id='word_1_307' title='bbox 636 2260 781 2296; x_wconf 64' lang='lat' dir='ltr'>(lixit.</span> <span class='ocrx_word' id='word_1_308' title='bbox 804 2260 888 2302; x_wconf 81' lang='lat' dir='ltr'>qui</span> <span class='ocrx_word' id='word_1_309' title='bbox 913 2259 1149 2302; x_wconf 74' lang='lat' dir='ltr'>cotsajJir</span> <span class='ocrx_word' id='word_1_310' title='bbox 1171 2259 1323 2293; x_wconf 74' lang='lat' dir='ltr'>ruisse</span> <span class='ocrx_word' id='word_1_311' title='bbox 1356 2259 1549 2294; x_wconf 67' lang='lat' dir='ltr'>dicum·-</span> 
     </span>
     <span class='ocr_line' id='line_1_31' title="bbox 783 2331 1261 2371; baseline 0.004 -10"><span class='ocrx_word' id='word_1_312' title='bbox 783 2333 840 2371; x_wconf 72' lang='lat' dir='ltr'>(de</span> <span class='ocrx_word' id='word_1_313' title='bbox 868 2337 962 2371; x_wconf 88' lang='lat' dir='ltr'>poeta</span> <span class='ocrx_word' id='word_1_314' title='bbox 989 2331 1101 2362; x_wconf 85' lang='lat' dir='ltr'>conf.</span> <span class='ocrx_word' id='word_1_315' title='bbox 1131 2342 1159 2371; x_wconf 89' lang='lat' dir='ltr'>p.</span> <span class='ocrx_word' id='word_1_316' title='bbox 1188 2333 1261 2371; x_wconf 69' lang='lat'>0‘1‘1.)</span> 
     </span>
    </p>
   </div>
   <div class='ocr_carea' id='block_1_13' title="bbox 126 2409 1905 2501">
    <p class='ocr_par' dir='ltr' id='par_1_14' title="bbox 126 2409 1905 2501">
     <span class='ocr_line' id='line_1_32' title="bbox 126 2409 1905 2447; baseline -0.002 -5"><span class='ocrx_word' id='word_1_317' title='bbox 126 2414 155 2442; x_wconf 84' lang='lat'>1.</span> <span class='ocrx_word' id='word_1_318' title='bbox 198 2412 312 2447; x_wconf 74' lang='lat' dir='ltr'>Miror,</span> <span class='ocrx_word' id='word_1_319' title='bbox 333 2421 350 2440; x_wconf 89' lang='grc' dir='ltr'><strong>ο</strong></span> <span class='ocrx_word' id='word_1_320' title='bbox 373 2411 484 2440; x_wconf 76' lang='lat' dir='ltr'>Alzssa</span> <span class='ocrx_word' id='word_1_321' title='bbox 498 2409 512 2439; x_wconf 73' lang='grc' dir='ltr'><em>Ι</em></span> <span class='ocrx_word' id='word_1_322' title='bbox 537 2410 652 2439; x_wconf 81' lang='lat' dir='ltr'>vulnus</span> <span class='ocrx_word' id='word_1_323' title='bbox 674 2419 774 2438; x_wconf 85' lang='lat' dir='ltr'>meum</span> <span class='ocrx_word' id='word_1_324' title='bbox 795 2414 911 2437; x_wconf 78' lang='lat' dir='ltr'>amoris</span> <span class='ocrx_word' id='word_1_325' title='bbox 937 2410 985 2437; x_wconf 77' lang='lat' dir='ltr'>tui</span> <span class='ocrx_word' id='word_1_326' title='bbox 1004 2411 1151 2436; x_wconf 77' lang='lat' dir='ltr'>sanatum</span> <span class='ocrx_word' id='word_1_327' title='bbox 1174 2418 1252 2439; x_wconf 79' lang='lat' dir='ltr'>esse.</span> <span class='ocrx_word' id='word_1_328' title='bbox 1277 2409 1351 2437; x_wconf 83' lang='lat' dir='ltr'>dum</span> <span class='ocrx_word' id='word_1_329' title='bbox 1373 2418 1431 2445; x_wconf 84' lang='lat' dir='ltr'>per</span> <span class='ocrx_word' id='word_1_330' title='bbox 1452 2411 1599 2445; x_wconf 77' lang='lat' dir='ltr'>temporis</span> <span class='ocrx_word' id='word_1_331' title='bbox 1620 2410 1757 2445; x_wconf 81' lang='lat' dir='ltr'>spatium</span> <span class='ocrx_word' id='word_1_332' title='bbox 1777 2413 1905 2446; x_wconf 79' lang='lat' dir='ltr'>propter</span> 
     </span>
     <span class='ocr_line' id='line_1_33' title="bbox 791 2463 1238 2501; baseline -0.007 -8"><span class='ocrx_word' id='word_1_333' title='bbox 791 2468 820 2493; x_wconf 80' lang='lat' dir='ltr'>le</span> <span class='ocrx_word' id='word_1_334' title='bbox 842 2463 944 2492; x_wconf 82' lang='lat' dir='ltr'>morbo</span> <span class='ocrx_word' id='word_1_335' title='bbox 969 2463 1114 2501; x_wconf 75' lang='lat' dir='ltr'>adseclas</span> <span class='ocrx_word' id='word_1_336' title='bbox 1142 2472 1238 2491; x_wconf 83' lang='lat' dir='ltr'>eram.</span> 
     </span>
    </p>
   </div>
   <div class='ocr_carea' id='block_1_14' title="bbox 123 2529 1907 2569">
    <p class='ocr_par' dir='ltr' id='par_1_15' title="bbox 123 2529 1907 2569">
     <span class='ocr_line' id='line_1_34' title="bbox 123 2529 1907 2569; baseline -0.002 -9"><span class='ocrx_word' id='word_1_337' title='bbox 123 2533 155 2560; x_wconf 70' lang='lat'>2.</span> <span class='ocrx_word' id='word_1_338' title='bbox 202 2532 240 2562; x_wconf 72' lang='lat' dir='ltr'>Se·</span> <span class='ocrx_word' id='word_1_339' title='bbox 259 2535 434 2562; x_wconf 75' lang='lat' dir='ltr'>sanationis</span> <span class='ocrx_word' id='word_1_340' title='bbox 456 2542 542 2561; x_wconf 83' lang='lat' dir='ltr'>meae</span> <span class='ocrx_word' id='word_1_341' title='bbox 564 2533 698 2561; x_wconf 77' lang='lat' dir='ltr'>conditio</span> <span class='ocrx_word' id='word_1_342' title='bbox 720 2534 778 2569; x_wconf 82' lang='lat' dir='ltr'>est,</span> <span class='ocrx_word' id='word_1_343' title='bbox 802 2533 837 2559; x_wconf 84' lang='lat' dir='ltr'>ut</span> <span class='ocrx_word' id='word_1_344' title='bbox 854 2533 982 2568; x_wconf 82' lang='lat' dir='ltr'>propter</span> <span class='ocrx_word' id='word_1_345' title='bbox 1003 2532 1032 2557; x_wconf 86' lang='lat' dir='ltr'>te</span> <span class='ocrx_word' id='word_1_346' title='bbox 1053 2530 1156 2557; x_wconf 75' lang='lat' dir='ltr'>animo</span> <span class='ocrx_word' id='word_1_347' title='bbox 1178 2538 1241 2557; x_wconf 79' lang='lat' dir='ltr'>non</span> <span class='ocrx_word' id='word_1_348' title='bbox 1263 2529 1398 2566; x_wconf 75' lang='lat' dir='ltr'>amplius</span> <span class='ocrx_word' id='word_1_349' title='bbox 1421 2529 1539 2567; x_wconf 78' lang='lat' dir='ltr'>turber,</span> <span class='ocrx_word' id='word_1_350' title='bbox 1569 2531 1702 2557; x_wconf 79' lang='lat' dir='ltr'>sanatus</span> <span class='ocrx_word' id='word_1_351' title='bbox 1724 2539 1790 2563; x_wconf 84' lang='lat' dir='ltr'>ero,</span> <span class='ocrx_word' id='word_1_352' title='bbox 1822 2532 1852 2557; x_wconf 80' lang='lat' dir='ltr'>si</span> <span class='ocrx_word' id='word_1_353' title='bbox 1874 2530 1907 2557; x_wconf 86' lang='lat' dir='ltr'>id</span> 
     </span>
    </p>
   </div>
   <div class='ocr_carea' id='block_1_15' title="bbox 124 2580 1206 2626">
    <p class='ocr_par' dir='ltr' id='par_1_16' title="bbox 124 2580 1206 2626">
     <span class='ocr_line' id='line_1_35' title="bbox 124 2580 1206 2626; baseline -0.006 -10"><span class='ocrx_word' id='word_1_354' title='bbox 124 2580 193 2624; x_wconf 76' lang='lat'>(1)-</span> <span class='ocrx_word' id='word_1_355' title='bbox 215 2582 357 2626; x_wconf 73' lang='grc'>569.)</span> <span class='ocrx_word' id='word_1_356' title='bbox 841 2583 920 2613; x_wconf 69' lang='lat' dir='ltr'>milei</span> <span class='ocrx_word' id='word_1_357' title='bbox 938 2585 1071 2621; x_wconf 79' lang='lat' dir='ltr'>quietem</span> <span class='ocrx_word' id='word_1_358' title='bbox 1094 2583 1206 2621; x_wconf 81' lang='lat' dir='ltr'>adfert.</span> 
     </span>
    </p>
   </div>
  </div>
 </body>
</html>
