2155 2892
901 139 1168 170 —459-

276 239 404 281 Agendi
431 239 570 280 modum,
597 248 658 279 qno
685 242 875 269 cunctantes
901 248 1029 278 semper
1056 239 1223 278 promissis
1251 239 1334 270 hand
1362 241 1589 281 satisfecerint,
1624 244 1791 282 vituperat.
1834 244 1937 275 Versu

142 307 248 334 autem
275 312 315 332 ea
341 303 553 342 continentur,
581 310 660 340 quae
687 300 726 330 nd
754 306 881 341 gentem
909 301 1015 341 Alidijj
1045 301 1177 340 perferri
1204 303 1281 331 vuit.
1319 303 1403 333 Ante
1432 314 1543 335 vocem
1570 303 1654 341 ἂι..)
1689 308 1868 337 subiectum
1897 313 1937 350 ρ

143 365 293 395 omissum
321 369 371 395 est
397 369 431 395 et
457 364 557 394 verba
581 367 692 394 uuam
712 365 770 406 μὲ-
797 364 870 392 voci
897 360 982 398 „gb-5
1017 363 1117 403 magis
1142 362 1340 395 definiendae
1368 367 1556 399 inserviunt.
1626 369 1734 398 Voces
1767 370 1847 415 ,ἐμὲ
1874 376 1936 402 etc.

142 428 214 458 voci
241 424 350 459 μὲν-ι·
384 426 536 457 adiectivi
563 425 630 455 loco
658 430 742 456 sunt.
805 425 929 455 Vocem
965 427 1034 454 sta:
1069 425 1284 463 (molestiam)
1314 437 1369 465 pro
1397 428 1555 458 adiectivo
1584 432 1791 462 molestus
1822 435 1935 472 posuit.

141 490 256 522 Dicere
283 491 366 529 vuit,
392 498 553 530 sermone,
583 497 672 528 quem
701 488 818 519 factum
843 487 926 518 haud
953 494 1115 527 sequatur,
1143 488 1298 518 hominem
1326 492 1454 521 tandem
1481 492 1620 533 fatigari.

139 589 171 618 ³.
215 589 270 623 Iis,
297 588 408 626 quibus
429 587 641 621 ocem-rebam,
668 596 720 615 ros
741 586 833 624 fidem
857 596 1003 614 servasse
1025 585 1162 614 dicebam
1186 589 1216 613 e!
1237 589 1267 613 si
1288 586 1463 620 rolm‘ssem,
1480 589 1517 616 de
1539 600 1573 617 re
1596 592 1746 619 certiores
1756 594 1849 630 sacti,
1865 604 1931 622 eam

748 637 915 680 (qenlem)
939 640 1019 668 male
1042 642 1155 678 egisse,
1179 641 1326 670 dicerent.

236 713 335 744 Suam
364 720 443 752 erga
469 720 527 741 eos
554 710 671 752 agendi
699 711 852 740 rationem
881 709 921 739 itti
949 709 1039 739 modo
1068 710 1209 748 opponit.
1256 708 1452 750 Quamquam
1481 722 1563 753 gens
1591 723 1681 753 spem
1710 711 1770 751 (p.
1794 712 1930 754 (51⁰.)

136 784 263 814 semper
290 774 426 812 falleret,
446 783 482 804 se
509 774 732 814 percunctanti
760 783 826 803 rem
853 772 937 802 baud
964 773 1104 813 dixisse;
1132 772 1200 812 sed,
1227 782 1266 803 ne
1292 775 1460 813 opprobrio
1488 775 1713 818 adficerentur,
1734 788 1796 808 rem
1824 780 1931 809 celans

136 840 330 868 contrarium
359 837 500 877 dixisse,
528 846 664 877 sperans
693 836 774 877 sore,
801 840 834 866 ut
862 836 988 866 tandem
1016 836 1181 876 promissis
1209 841 1343 866 starent.

137 936 170 964 4.
214 934 384 964 Cunctalm
405 936 446 963 iis
467 936 530 970 est,
554 943 635 972 quoe
654 936 848 971 propositum
871 936 919 963 rei
940 934 978 962 ab
999 935 1077 970 ipsis
1097 934 1297 972 peragendae
1319 935 1415 962 vinci!
1436 937 1466 962 e!
1490 937 1537 962 rei·
1558 935 1727 973 aliquando
1750 940 1837 976 quares
1866 943 1931 977 est,-

878 991 943 1016 tum
966 988 1109 1017 absoluta
1131 992 1186 1017 est.

258 1060 324 1089 Eos
351 1059 438 1089 initio
465 1057 586 1098 quidem
614 1067 679 1087 rem
706 1057 848 1087 voluisse
875 1056 971 1096 dicit3
998 1056 1068 1097 sed,
1097 1067 1192 1097 quum
1219 1067 1346 1097 semper
1373 1062 1613 1099 cunctarentur,
1638 1059 1754 1092 sactum
1785 1071 1871 1102 esse,
1897 1069 1929 1093 ut

134 1123 409 1154 intermitteretur.
461 1122 496 1152 ln
529 1121 709 1162 posteriore
746 1125 851 1151 autem
889 1123 979 1160 parte
1007 1129 1070 1150 rem
1097 1120 1135 1150 ab
1164 1119 1233 1150 aliis
1260 1120 1436 1160 perfectam
1464 1131 1540 1152 esse
1567 1122 1650 1153 dicit.
1706 1124 1927 1155 Conditionem

130 1195 221 1217 snam
249 1190 402 1226 tempore,
428 1194 490 1224 quo
517 1193 569 1215 res
596 1183 636 1214 ad
665 1183 760 1215 finem
785 1183 922 1213 nondum
950 1182 1105 1222 perducta
1131 1188 1235 1224 esset,
1264 1182 1426 1214 describit.
1452 1184 1531 1216 Post
1549 1195 1662 1217 vocem
1681 1184 1760 1216 suns
1786 1197 1852 1218 vox
1871 1188 1928 1229 ²⁶2¹!

131 1247 297 1288 aliquando
325 1247 504 1287 suppletur.

132 1345 163 1374 5.
209 1345 254 1374 Et
277 1355 344 1383 eqo,
365 1346 508 1384 profecto
519 1345 533 1373 !
563 1346 596 1373 in
619 1345 703 1374 robis
725 1354 811 1382 spem
832 1353 923 1381 pono,
948 1346 1009 1373 etsi
1028 1345 1059 1371 in
1083 1345 1204 1382 agendo
1237 1347 1443 1381 cunctamini,
1472 1348 1557 1376 sicut
1585 1348 1617 1376 in
1639 1349 1799 1378 ventribus
1817 1352 1927 1386 qrati-

825 1399 937 1427 darum
961 1401 1030 1436 spei
1050 1409 1150 1428 causa
1172 1403 1228 1428 es!-

237 1469 284 1500 Se
304 1478 420 1511 spem,
453 1469 543 1509 tore,
571 1474 607 1499 ut
638 1469 805 1508 promissis
831 1473 968 1509 starent,
994 1478 1057 1498 non
1083 1468 1252 1498 abiecisse.
1306 1468 1349 1499 Ut
1374 1475 1480 1499 autem
1508 1479 1599 1509 spem
1626 1480 1716 1501 suam
1744 1477 1864 1502 certam
1892 1478 1923 1502 et

131 1531 215 1561 haud
247 1531 370 1561 dubiam
403 1531 506 1562 fuisse
531 1532 662 1571 indicet,
697 1542 767 1562 eam
801 1542 872 1562 cum
898 1542 969 1572 spe,
997 1541 1078 1571 quae
1113 1533 1143 1561 in
1177 1531 1321 1572 gravidis
1351 1536 1413 1568 est,
1443 1532 1512 1561 fore
1544 1538 1578 1561 ut
1606 1531 1720 1562 foetum
1754 1534 1923 1572 enitantur,

128 1594 274 1633 quamvis
302 1598 431 1634 tempus
462 1593 604 1634 pariendi
633 1598 663 1624 et
690 1604 763 1624 num
791 1604 858 1624 mas
885 1604 926 1624 an
952 1593 1065 1624 semina
1091 1593 1273 1634 proditurus
1301 1593 1353 1635 sit,
1369 1593 1453 1624 haud
1480 1598 1615 1633 constat,
1644 1602 1820 1634 comparat.

127 1693 159 1722 6.
206 1692 250 1722 Et
272 1701 330 1721 cur
353 1692 440 1720 modo
461 1693 598 1729 ayrninis
621 1691 856 1721 Dlasenitmwtm
879 1701 942 1721 non
965 1693 1073 1728 egistis
1095 1693 1125 1719 e!
1146 1699 1221 1719 num
1244 1699 1414 1727 sponsores
1437 1692 1499 1719 mei
1518 1693 1550 1719 in
1570 1691 1632 1729 fide
1655 1692 1804 1730 aequales
1818 1691 1922 1722 sunl?

243 1760 293 1791 Ad
320 1761 424 1800 ipsam
450 1761 718 1801 vituperationem
747 1762 873 1802 gentiS,
904 1761 987 1802 quod
1015 1762 1181 1801 promissis
1207 1769 1268 1789 non
1295 1759 1434 1793 steterit,
1462 1760 1620 1790 transiens
1648 1765 1774 1801 gentem
1806 1762 1920 1792 Masen

126 1825 242 1855 laudat.
299 1823 416 1854 Gentis
444 1831 522 1853 suae
549 1823 663 1853 rationi
691 1823 828 1861 modum,
858 1833 918 1862 qno
945 1824 1125 1853 Masenitae
1153 1822 1290 1863 egerint,
1317 1822 1456 1861 opponit.
1495 1822 1549 1851 lna
1579 1825 1768 1861 promiserat
1795 1830 1826 1854 et
1855 1835 1919 1854 rem

125 1895 186 1915 non
215 1885 417 1925 perfecerat;
449 1884 479 1913 hi
507 1883 600 1913 fidem
628 1883 733 1914 datam
762 1890 974 1914 servaverant
1003 1884 1109 1914 conf.
1135 1885 1228 1914 Ham.
1251 1887 1276 1914 ⁶1.

124 1983 154 2010 7.
199 1982 340 2011 Brachia
363 1983 402 2010 iis
425 1985 508 2015 sunl,
523 1984 555 2009 in
579 1981 691 2019 quibus
713 1983 802 2009 uerri
822 1983 930 2010 curnis
953 1982 1126 2018 adstat·en!;
1138 1982 1263 2019 quidam
1285 1984 1387 2009 aulem
1406 1983 1466 2010 riri
1481 1983 1513 2009 in
1531 1982 1620 2011 hellis
1634 1984 1822 2022 quisquiliae
1833 1991 1917 2014 sunl.

248 2051 429 2081 Masenitas
463 2055 610 2090 tanquam
650 2050 801 2080 robustos
839 2055 872 2080 et
909 2050 993 2080 haud
1020 2059 1192 2091 carnosos,
1221 2055 1254 2079 ut
1283 2049 1398 2079 brachii
1426 2051 1516 2079 nervi
1544 2050 1729 2091 adpareant,
1757 2053 1917 2086 describit.

130 2115 269 2146 Maciem
296 2114 452 2155 corporis,
480 2123 560 2153 quae
587 2113 742 2144 molestiis
769 2113 898 2152 oriatur,
933 2113 1070 2144 laudant.
1119 2114 1196 2143 Vita
1225 2113 1338 2151 mollis,
1359 2123 1440 2152 quae
1459 2123 1576 2153 corpus
1605 2124 1775 2146 carnosum
1804 2117 1917 2158 reddit,

127 2178 329 2217 vituperatur
357 2177 449 2206 llam.
475 2177 517 2205 ‘tt‘t
545 2185 576 2205 v.
597 2174 628 2205 3.
655 2176 759 2205 Nervi
786 2180 893 2206 antem
923 2176 952 2205 in
979 2175 1104 2205 brachio
1132 2174 1255 2204 nonnisi
1297 2183 1391 2213 quum
1420 2173 1513 2203 homo
1542 2178 1717 2206 emaciatus
1745 2183 1808 2218 est,
1836 2187 1915 2208 con-

124 2240 310 2279 spiciuntur.
366 2238 506 2268 Vocibus
536 2226 616 2277 3443
636 2235 725 2284 5055}
753 2240 855 2277 nervi,
882 2238 930 2277 qui
960 2237 1076 2267 brachii
1101 2247 1195 2267 carne
1222 2240 1299 2267 tecti
1325 2247 1401 2267 esse
1427 2238 1544 2274 solent,
1572 2239 1801 2279 significantur.
1844 2241 1915 2270 Hac

123 2301 347 2341 descriptione,
375 2305 409 2330 ut
436 2310 477 2330 ex
497 2301 702 2340 sequentibus
717 2301 825 2331 verbis
853 2301 1069 2342 cognoscitur,
1090 2299 1281 2329 fortitudinis
1310 2300 1378 2330 laus
1399 2301 1586 2330 continetur.
1623 2299 1819 2340 Quisquiliae
1842 2309 1913 2332 tan-

123 2372 214 2402 quam
235 2372 288 2392 res
309 2361 421 2391 nullius
440 2361 624 2392 abiiciuntur
644 2367 676 2391 et
692 2363 752 2393 viri
780 2361 864 2392 haud
890 2362 1002 2402 fortes,
1024 2362 1076 2401 qui
1103 2362 1132 2391 in
1159 2362 1241 2391 bello
1257 2363 1351 2392 utiles
1372 2372 1432 2392 non
1460 2368 1545 2401 sunt,
1575 2372 1643 2392 cum
1671 2364 1709 2392 iis
1736 2368 1912 2403 comparari

122 2429 271 2462 possunt.
324 2423 423 2453 Hisce
457 2427 562 2452 autern
593 2423 702 2453 verbis
739 2424 831 2453 modo
859 2424 943 2454 haud
969 2426 1073 2463 clar03
1101 2424 1158 2455 sed
1185 2425 1276 2464 quasi
1302 2430 1380 2455 nutu
1407 2430 1534 2465 gentem
1562 2425 1670 2465 Ahdijj
1699 2427 1825 2456 indicat.
1877 2428 1913 2458 Si

122 2486 357 2526 lexicographis
393 2485 472 2515 fides
499 2490 569 2524 est,
604 2488 728 2524 proprie
756 2486 831 2516 folia
856 2491 889 2516 et
917 2487 1072 2524 festucae,
1102 2497 1184 2526 qnae
1211 2497 1230 2517 a
1255 2490 1393 2516 torrente
1419 2486 1627 2525 abripiuntur,
1654 2493 1739 2525 sunt,
1768 2494 1799 2518 ut
1826 2497 1915 2519 com-

121 2546 282 2584 paratione
308 2546 448 2576 adhibita
474 2547 554 2587 viri,
588 2547 639 2586 qui
676 2547 706 2576 in
734 2546 814 2578 bello
841 2547 956 2579 nullam
983 2549 1155 2580 resistendi
1183 2549 1366 2580 facultatem
1394 2548 1544 2590 habeant,
1571 2559 1644 2581 cum
1673 2552 1789 2582 talibus
1816 2554 1914 2584 rebus

121 2608 294 2646 comparati
320 2608 499 2638 videantur.
