<?xml version="1.0" encoding="UTF-8"?>
<!DOCTYPE html PUBLIC "-//W3C//DTD XHTML 1.0 Transitional//EN"
    "http://www.w3.org/TR/xhtml1/DTD/xhtml1-transitional.dtd">
<html xmlns="http://www.w3.org/1999/xhtml" xml:lang="en" lang="en">
 <head>
  <title>
</title>
<meta http-equiv="Content-Type" content="text/html;charset=utf-8" />
  <meta name='ocr-system' content='tesseract 3.04.00' />
  <meta name='ocr-capabilities' content='ocr_page ocr_carea ocr_par ocr_line ocrx_word'/>
</head>
<body>
  <div class='ocr_page' id='page_1' title='image "./p2hamassaecarmin02abbiuoft_0400.png"; bbox 0 0 2155 2892; ppageno 0'>
   <div class='ocr_carea' id='block_1_1' title="bbox 881 96 1152 126">
    <p class='ocr_par' dir='ltr' id='par_1_1' title="bbox 881 96 1152 126">
     <span class='ocr_line' id='line_1_1' title="bbox 881 96 1152 126; baseline 0 0"><span class='ocrx_word' id='word_1_1' title='bbox 881 96 1152 126; x_wconf 83' lang='grc'>-388-</span> 
     </span>
    </p>
   </div>
   <div class='ocr_carea' id='block_1_2' title="bbox 127 180 1908 301">
    <p class='ocr_par' dir='ltr' id='par_1_2' title="bbox 127 180 1908 301">
     <span class='ocr_line' id='line_1_2' title="bbox 127 180 1908 242; baseline 0.003 -19"><span class='ocrx_word' id='word_1_2' title='bbox 127 180 221 241; x_wconf 46' lang='lat'>03:333</span> <span class='ocrx_word' id='word_1_3' title='bbox 238 201 291 227; x_wconf 87' lang='lat' dir='ltr'>aut</span> <span class='ocrx_word' id='word_1_4' title='bbox 318 203 362 239; x_wconf 59' lang='lat'>052</span> <span class='ocrx_word' id='word_1_5' title='bbox 386 194 425 235; x_wconf 68' lang='grc' dir='ltr'>,ὁ</span> <span class='ocrx_word' id='word_1_6' title='bbox 453 196 644 235; x_wconf 76' lang='lat' dir='ltr'>explicavit,</span> <span class='ocrx_word' id='word_1_7' title='bbox 674 201 707 226; x_wconf 85' lang='lat' dir='ltr'>ut</span> <span class='ocrx_word' id='word_1_8' title='bbox 734 200 864 235; x_wconf 87' lang='lat' dir='ltr'>quartae</span> <span class='ocrx_word' id='word_1_9' title='bbox 897 197 989 227; x_wconf 84' lang='lat' dir='ltr'>verbi</span> <span class='ocrx_word' id='word_1_10' title='bbox 1027 197 1146 227; x_wconf 88' lang='lat' dir='ltr'>formae</span> <span class='ocrx_word' id='word_1_11' title='bbox 1180 197 1442 238; x_wconf 79' lang='lat' dir='ltr'>significationem</span> <span class='ocrx_word' id='word_1_12' title='bbox 1475 198 1655 228; x_wconf 83' lang='lat' dir='ltr'>intrandi</span> <span class='ocrx_word' id='word_1_13' title='bbox 1691 199 1727 228; x_wconf 90' lang='lat' dir='ltr'>in</span> <span class='ocrx_word' id='word_1_14' title='bbox 1766 199 1908 242; x_wconf 80' lang='lat' dir='ltr'>frigus</span> 
     </span>
     <span class='ocr_line' id='line_1_3' title="bbox 131 259 1907 301; baseline 0.002 -12"><span class='ocrx_word' id='word_1_15' title='bbox 131 260 203 297; x_wconf 77' lang='lat' dir='ltr'>(aut</span> <span class='ocrx_word' id='word_1_16' title='bbox 230 259 386 298; x_wconf 82' lang='lat' dir='ltr'>pluviam)</span> <span class='ocrx_word' id='word_1_17' title='bbox 415 263 469 287; x_wconf 88' lang='lat' dir='ltr'>aut</span> <span class='ocrx_word' id='word_1_18' title='bbox 509 259 697 289; x_wconf 87' lang='lat' dir='ltr'>intrandi</span> <span class='ocrx_word' id='word_1_19' title='bbox 738 260 773 289; x_wconf 90' lang='lat' dir='ltr'>in</span> <span class='ocrx_word' id='word_1_20' title='bbox 814 260 1059 301; x_wconf 74' lang='lat' dir='ltr'><strong>grandinem</strong></span> <span class='ocrx_word' id='word_1_21' title='bbox 1089 261 1251 299; x_wconf 69' lang='lat' dir='ltr'>tribuerit,</span> <span class='ocrx_word' id='word_1_22' title='bbox 1289 261 1346 290; x_wconf 87' lang='lat' dir='ltr'>sed</span> <span class='ocrx_word' id='word_1_23' title='bbox 1382 271 1442 290; x_wconf 92' lang='lat' dir='ltr'>non</span> <span class='ocrx_word' id='word_1_24' title='bbox 1469 261 1564 291; x_wconf 91' lang='lat' dir='ltr'>video</span> <span class='ocrx_word' id='word_1_25' title='bbox 1592 270 1733 300; x_wconf 83' lang='lat' dir='ltr'>causam,</span> <span class='ocrx_word' id='word_1_26' title='bbox 1762 271 1818 292; x_wconf 87' lang='lat' dir='ltr'>cur</span> <span class='ocrx_word' id='word_1_27' title='bbox 1846 272 1907 292; x_wconf 87' lang='lat' dir='ltr'>non</span> 
     </span>
    </p>
   </div>
   <div class='ocr_carea' id='block_1_3' title="bbox 127 321 1701 363">
    <p class='ocr_par' dir='ltr' id='par_1_3' title="bbox 127 321 1701 363">
     <span class='ocr_line' id='line_1_4' title="bbox 127 321 1701 363; baseline 0.003 -13"><span class='ocrx_word' id='word_1_28' title='bbox 127 322 231 361; x_wconf 83' lang='lat' dir='ltr'>potius</span> <span class='ocrx_word' id='word_1_29' title='bbox 259 321 385 360; x_wconf 85' lang='lat' dir='ltr'>propria</span> <span class='ocrx_word' id='word_1_30' title='bbox 420 321 539 351; x_wconf 88' lang='lat' dir='ltr'>formae</span> <span class='ocrx_word' id='word_1_31' title='bbox 576 322 767 363; x_wconf 83' lang='lat' dir='ltr'>significatio</span> <span class='ocrx_word' id='word_1_32' title='bbox 794 321 934 363; x_wconf 86' lang='lat' dir='ltr'>frigus</span> <span class='ocrx_word' id='word_1_33' title='bbox 962 327 1037 352; x_wconf 90' lang='lat' dir='ltr'>aut</span> <span class='ocrx_word' id='word_1_34' title='bbox 1066 323 1244 362; x_wconf 80' lang='lat' dir='ltr'>pluviam</span> <span class='ocrx_word' id='word_1_35' title='bbox 1271 324 1489 355; x_wconf 79' lang='lat' dir='ltr'>adferendi</span> <span class='ocrx_word' id='word_1_36' title='bbox 1518 325 1701 356; x_wconf 70' lang='lat' dir='ltr'>retineatur.</span> 
     </span>
    </p>
   </div>
   <div class='ocr_carea' id='block_1_4' title="bbox 128 418 1604 459">
    <p class='ocr_par' dir='ltr' id='par_1_4' title="bbox 128 418 1604 459">
     <span class='ocr_line' id='line_1_5' title="bbox 128 418 1604 459; baseline 0.003 -12"><span class='ocrx_word' id='word_1_37' title='bbox 128 420 159 447; x_wconf 75' lang='lat'>2.</span> <span class='ocrx_word' id='word_1_38' title='bbox 203 418 447 447; x_wconf 69' lang='lat' dir='ltr'>Pulclerihnh&#39;ne</span> <span class='ocrx_word' id='word_1_39' title='bbox 468 420 627 455; x_wconf 76' lang='lat' dir='ltr'>distincta,</span> <span class='ocrx_word' id='word_1_40' title='bbox 651 421 772 449; x_wconf 71' lang='lat' dir='ltr'>invidus</span> <span class='ocrx_word' id='word_1_41' title='bbox 795 421 926 459; x_wconf 66' lang='lat' dir='ltr'>hahens,-</span> <span class='ocrx_word' id='word_1_42' title='bbox 949 432 1021 450; x_wconf 76' lang='lat' dir='ltr'>nam</span> <span class='ocrx_word' id='word_1_43' title='bbox 1042 422 1194 458; x_wconf 77' lang='lat' dir='ltr'>pulchrae</span> <span class='ocrx_word' id='word_1_44' title='bbox 1213 424 1326 451; x_wconf 70' lang='lat' dir='ltr'>ini-ielis</span> <span class='ocrx_word' id='word_1_45' title='bbox 1346 424 1500 451; x_wconf 61' lang='lat' dir='ltr'>ohnoxiae</span> <span class='ocrx_word' id='word_1_46' title='bbox 1521 426 1604 451; x_wconf 81' lang='lat' dir='ltr'>sunl.</span> 
     </span>
    </p>
   </div>
   <div class='ocr_carea' id='block_1_5' title="bbox 129 488 1915 905">
    <p class='ocr_par' dir='ltr' id='par_1_5' title="bbox 129 488 1915 905">
     <span class='ocr_line' id='line_1_6' title="bbox 227 488 1911 533; baseline 0.002 -17"><span class='ocrx_word' id='word_1_47' title='bbox 227 488 306 517; x_wconf 78' lang='lat' dir='ltr'>Eius</span> <span class='ocrx_word' id='word_1_48' title='bbox 335 488 594 526; x_wconf 78' lang='lat' dir='ltr'>pulchritudinem</span> <span class='ocrx_word' id='word_1_49' title='bbox 622 499 683 518; x_wconf 90' lang='lat' dir='ltr'>non</span> <span class='ocrx_word' id='word_1_50' title='bbox 711 490 850 529; x_wconf 87' lang='lat' dir='ltr'>pluribus</span> <span class='ocrx_word' id='word_1_51' title='bbox 877 500 1095 533; x_wconf 76' lang='lat' dir='ltr'>communem3</span> <span class='ocrx_word' id='word_1_52' title='bbox 1124 492 1180 521; x_wconf 89' lang='lat' dir='ltr'>sed</span> <span class='ocrx_word' id='word_1_53' title='bbox 1209 492 1303 521; x_wconf 85' lang='lat' dir='ltr'>talem</span> <span class='ocrx_word' id='word_1_54' title='bbox 1334 501 1420 529; x_wconf 83' lang='lat' dir='ltr'>esse,</span> <span class='ocrx_word' id='word_1_55' title='bbox 1449 496 1483 521; x_wconf 92' lang='lat' dir='ltr'>ut</span> <span class='ocrx_word' id='word_1_56' title='bbox 1510 502 1527 522; x_wconf 89' lang='lat' dir='ltr'>a</span> <span class='ocrx_word' id='word_1_57' title='bbox 1555 492 1655 522; x_wconf 85' lang='lat' dir='ltr'>multis</span> <span class='ocrx_word' id='word_1_58' title='bbox 1675 492 1703 521; x_wconf 89' lang='lat' dir='ltr'>ei</span> <span class='ocrx_word' id='word_1_59' title='bbox 1723 491 1911 520; x_wconf 88' lang='lat' dir='ltr'>invideatur-</span> 
     </span>
     <span class='ocr_line' id='line_1_7' title="bbox 129 540 1911 594; baseline 0.001 -14"><span class='ocrx_word' id='word_1_60' title='bbox 129 549 245 580; x_wconf 86' lang='lat' dir='ltr'>Verbis</span> <span class='ocrx_word' id='word_1_61' title='bbox 272 540 383 594; x_wconf 49' lang='lat' dir='ltr'>Cym-³⁵¹?</span> <span class='ocrx_word' id='word_1_62' title='bbox 409 554 527 591; x_wconf 48' lang='lat' dir='ltr'>Ray-aye</span> <span class='ocrx_word' id='word_1_63' title='bbox 554 558 647 591; x_wconf 88' lang='lat' dir='ltr'>poeta</span> <span class='ocrx_word' id='word_1_64' title='bbox 676 553 844 593; x_wconf 79' lang='lat' dir='ltr'>significat,</span> <span class='ocrx_word' id='word_1_65' title='bbox 873 553 1014 583; x_wconf 83' lang='lat' dir='ltr'>seminam</span> <span class='ocrx_word' id='word_1_66' title='bbox 1042 565 1102 583; x_wconf 89' lang='lat' dir='ltr'>non</span> <span class='ocrx_word' id='word_1_67' title='bbox 1129 555 1229 584; x_wconf 87' lang='lat' dir='ltr'>solum</span> <span class='ocrx_word' id='word_1_68' title='bbox 1258 553 1411 593; x_wconf 86' lang='lat' dir='ltr'>quasdam</span> <span class='ocrx_word' id='word_1_69' title='bbox 1437 556 1579 593; x_wconf 87' lang='lat' dir='ltr'>eorporis</span> <span class='ocrx_word' id='word_1_70' title='bbox 1608 558 1715 593; x_wconf 85' lang='lat' dir='ltr'>partes</span> <span class='ocrx_word' id='word_1_71' title='bbox 1743 554 1911 593; x_wconf 88' lang='lat' dir='ltr'>pulchras;</span> 
     </span>
     <span class='ocr_line' id='line_1_8' title="bbox 129 615 1914 658; baseline 0.003 -17"><span class='ocrx_word' id='word_1_72' title='bbox 129 622 241 642; x_wconf 91' lang='lat' dir='ltr'>verum</span> <span class='ocrx_word' id='word_1_73' title='bbox 269 615 363 642; x_wconf 85' lang='lat' dir='ltr'>etiam</span> <span class='ocrx_word' id='word_1_74' title='bbox 393 618 492 643; x_wconf 89' lang='lat' dir='ltr'>totum</span> <span class='ocrx_word' id='word_1_75' title='bbox 521 623 637 652; x_wconf 81' lang='lat' dir='ltr'>corpus</span> <span class='ocrx_word' id='word_1_76' title='bbox 666 615 896 653; x_wconf 80' lang='lat' dir='ltr'>pulchritudine</span> <span class='ocrx_word' id='word_1_77' title='bbox 925 618 1086 647; x_wconf 82' lang='lat' dir='ltr'>excellens</span> <span class='ocrx_word' id='word_1_78' title='bbox 1116 618 1252 658; x_wconf 88' lang='lat' dir='ltr'>habere,</span> <span class='ocrx_word' id='word_1_79' title='bbox 1281 622 1314 647; x_wconf 89' lang='lat' dir='ltr'>ut</span> <span class='ocrx_word' id='word_1_80' title='bbox 1342 617 1571 656; x_wconf 77' lang='lat' dir='ltr'>pulchritudine</span> <span class='ocrx_word' id='word_1_81' title='bbox 1598 618 1686 657; x_wconf 85' lang='lat' dir='ltr'>quasi</span> <span class='ocrx_word' id='word_1_82' title='bbox 1715 620 1845 658; x_wconf 86' lang='lat' dir='ltr'>signata</span> <span class='ocrx_word' id='word_1_83' title='bbox 1871 617 1914 646; x_wconf 89' lang='lat' dir='ltr'>sit</span> 
     </span>
     <span class='ocr_line' id='line_1_9' title="bbox 131 674 1915 720; baseline 0.003 -16"><span class='ocrx_word' id='word_1_84' title='bbox 131 678 161 704; x_wconf 88' lang='lat' dir='ltr'>et</span> <span class='ocrx_word' id='word_1_85' title='bbox 189 674 268 704; x_wconf 74' lang='lat' dir='ltr'>haee.</span> <span class='ocrx_word' id='word_1_86' title='bbox 298 679 348 705; x_wconf 86' lang='lat' dir='ltr'>est</span> <span class='ocrx_word' id='word_1_87' title='bbox 375 686 483 716; x_wconf 86' lang='lat' dir='ltr'>causa,</span> <span class='ocrx_word' id='word_1_88' title='bbox 513 686 566 706; x_wconf 91' lang='lat' dir='ltr'>cur</span> <span class='ocrx_word' id='word_1_89' title='bbox 595 678 622 707; x_wconf 84' lang='lat' dir='ltr'>ei</span> <span class='ocrx_word' id='word_1_90' title='bbox 651 678 732 707; x_wconf 86' lang='lat' dir='ltr'>aliae</span> <span class='ocrx_word' id='word_1_91' title='bbox 760 679 930 708; x_wconf 84' lang='lat' dir='ltr'>invideant.</span> <span class='ocrx_word' id='word_1_92' title='bbox 984 680 1058 709; x_wconf 71' lang='lat' dir='ltr'>vox</span> <span class='ocrx_word' id='word_1_93' title='bbox 1084 679 1205 720; x_wconf 50' lang='lat' dir='ltr'>me&gt;</span> <span class='ocrx_word' id='word_1_94' title='bbox 1233 679 1324 708; x_wconf 87' lang='lat' dir='ltr'>metri</span> <span class='ocrx_word' id='word_1_95' title='bbox 1352 689 1449 708; x_wconf 86' lang='lat' dir='ltr'>causa</span> <span class='ocrx_word' id='word_1_96' title='bbox 1475 680 1709 710; x_wconf 87' lang='lat' dir='ltr'>Nunnationem</span> <span class='ocrx_word' id='word_1_97' title='bbox 1737 683 1861 719; x_wconf 84' lang='lat' dir='ltr'>accepit</span> <span class='ocrx_word' id='word_1_98' title='bbox 1882 685 1915 710; x_wconf 76' lang='lat' dir='ltr'>et</span> 
     </span>
     <span class='ocr_line' id='line_1_10' title="bbox 130 737 1912 781; baseline 0.003 -15"><span class='ocrx_word' id='word_1_99' title='bbox 130 746 230 768; x_wconf 89' lang='lat' dir='ltr'>voces</span> <span class='ocrx_word' id='word_1_100' title='bbox 259 737 378 779; x_wconf 45' lang='lat' dir='ltr'>omi-9&gt;</span> <span class='ocrx_word' id='word_1_101' title='bbox 415 737 481 766; x_wconf 60' lang='lat' dir='ltr'>calo*</span> <span class='ocrx_word' id='word_1_102' title='bbox 508 738 700 779; x_wconf 83' lang='lat' dir='ltr'>significant,</span> <span class='ocrx_word' id='word_1_103' title='bbox 729 740 852 770; x_wconf 89' lang='lat' dir='ltr'>invidas</span> <span class='ocrx_word' id='word_1_104' title='bbox 889 740 917 769; x_wconf 91' lang='lat' dir='ltr'>ei</span> <span class='ocrx_word' id='word_1_105' title='bbox 942 740 1066 770; x_wconf 81' lang='lat' dir='ltr'>adfixas</span> <span class='ocrx_word' id='word_1_106' title='bbox 1094 745 1126 770; x_wconf 87' lang='lat' dir='ltr'>et</span> <span class='ocrx_word' id='word_1_107' title='bbox 1154 741 1298 780; x_wconf 88' lang='lat' dir='ltr'>proprias</span> <span class='ocrx_word' id='word_1_108' title='bbox 1325 750 1413 781; x_wconf 77' lang='lat' dir='ltr'>esse,</span> <span class='ocrx_word' id='word_1_109' title='bbox 1442 746 1476 771; x_wconf 85' lang='lat' dir='ltr'>ut</span> <span class='ocrx_word' id='word_1_110' title='bbox 1503 742 1541 771; x_wconf 87' lang='lat' dir='ltr'>ab</span> <span class='ocrx_word' id='word_1_111' title='bbox 1571 751 1609 771; x_wconf 89' lang='lat' dir='ltr'>ea</span> <span class='ocrx_word' id='word_1_112' title='bbox 1639 742 1678 772; x_wconf 86' lang='lat' dir='ltr'>ad</span> <span class='ocrx_word' id='word_1_113' title='bbox 1703 743 1796 772; x_wconf 89' lang='lat' dir='ltr'>aliam</span> <span class='ocrx_word' id='word_1_114' title='bbox 1824 747 1912 772; x_wconf 89' lang='lat' dir='ltr'>tran-</span> 
     </span>
     <span class='ocr_line' id='line_1_11' title="bbox 131 802 1914 845; baseline 0.002 -15"><span class='ocrx_word' id='word_1_115' title='bbox 131 806 263 831; x_wconf 84' lang='lat' dir='ltr'>seuntes</span> <span class='ocrx_word' id='word_1_116' title='bbox 287 812 348 831; x_wconf 92' lang='lat' dir='ltr'>non</span> <span class='ocrx_word' id='word_1_117' title='bbox 376 802 535 831; x_wconf 86' lang='lat' dir='ltr'>recedant.</span> <span class='ocrx_word' id='word_1_118' title='bbox 563 802 605 831; x_wconf 78' lang='lat' dir='ltr'>Ut</span> <span class='ocrx_word' id='word_1_119' title='bbox 632 802 877 831; x_wconf 90' lang='lat' dir='ltr'>homoioteleuto</span> <span class='ocrx_word' id='word_1_120' title='bbox 905 803 1095 844; x_wconf 67' lang='lat' dir='ltr'>satisfaciat,</span> <span class='ocrx_word' id='word_1_121' title='bbox 1115 803 1264 842; x_wconf 83' lang='lat' dir='ltr'>pluralem</span> <span class='ocrx_word' id='word_1_122' title='bbox 1291 808 1400 845; x_wconf 48' lang='lat' dir='ltr'>Am&gt;,</span> <span class='ocrx_word' id='word_1_123' title='bbox 1420 813 1480 843; x_wconf 90' lang='lat' dir='ltr'>quo</span> <span class='ocrx_word' id='word_1_124' title='bbox 1512 806 1642 833; x_wconf 82' lang='lat' dir='ltr'>maxime</span> <span class='ocrx_word' id='word_1_125' title='bbox 1662 804 1691 833; x_wconf 87' lang='lat' dir='ltr'>in</span> <span class='ocrx_word' id='word_1_126' title='bbox 1718 805 1797 834; x_wconf 91' lang='lat' dir='ltr'>viris</span> <span class='ocrx_word' id='word_1_127' title='bbox 1816 809 1914 834; x_wconf 90' lang='lat' dir='ltr'>utun-</span> 
     </span>
     <span class='ocr_line' id='line_1_12' title="bbox 132 863 1912 905; baseline 0.002 -13"><span class='ocrx_word' id='word_1_128' title='bbox 132 867 194 900; x_wconf 88' lang='lat' dir='ltr'>tur,</span> <span class='ocrx_word' id='word_1_129' title='bbox 223 868 316 902; x_wconf 86' lang='lat' dir='ltr'>poeta</span> <span class='ocrx_word' id='word_1_130' title='bbox 346 863 528 893; x_wconf 84' lang='lat' dir='ltr'>adhibuisse</span> <span class='ocrx_word' id='word_1_131' title='bbox 555 863 693 904; x_wconf 87' lang='lat' dir='ltr'>videtur,</span> <span class='ocrx_word' id='word_1_132' title='bbox 720 873 791 893; x_wconf 86' lang='lat' dir='ltr'>nam</span> <span class='ocrx_word' id='word_1_133' title='bbox 818 866 847 894; x_wconf 89' lang='lat' dir='ltr'>in</span> <span class='ocrx_word' id='word_1_134' title='bbox 875 863 936 894; x_wconf 86' lang='lat' dir='ltr'>hoc</span> <span class='ocrx_word' id='word_1_135' title='bbox 962 875 1060 894; x_wconf 91' lang='lat' dir='ltr'>versu</span> <span class='ocrx_word' id='word_1_136' title='bbox 1088 866 1211 894; x_wconf 90' lang='lat' dir='ltr'>nonnisi</span> <span class='ocrx_word' id='word_1_137' title='bbox 1239 866 1277 895; x_wconf 87' lang='lat' dir='ltr'>de</span> <span class='ocrx_word' id='word_1_138' title='bbox 1305 866 1440 896; x_wconf 85' lang='lat' dir='ltr'>feminae</span> <span class='ocrx_word' id='word_1_139' title='bbox 1469 865 1700 905; x_wconf 81' lang='lat' dir='ltr'>pulchritudine</span> <span class='ocrx_word' id='word_1_140' title='bbox 1726 875 1830 895; x_wconf 86' lang='lat' dir='ltr'>sermo</span> <span class='ocrx_word' id='word_1_141' title='bbox 1851 871 1912 896; x_wconf 88' lang='lat' dir='ltr'>est.</span> 
     </span>
    </p>
   </div>
   <div class='ocr_carea' id='block_1_6' title="bbox 132 925 1915 1027">
    <p class='ocr_par' dir='ltr' id='par_1_6' title="bbox 132 925 1915 1027">
     <span class='ocr_line' id='line_1_13' title="bbox 132 925 1915 967; baseline 0.002 -13"><span class='ocrx_word' id='word_1_142' title='bbox 132 925 331 955; x_wconf 84' lang='lat' dir='ltr'>Scholiastes</span> <span class='ocrx_word' id='word_1_143' title='bbox 370 927 413 955; x_wconf 87' lang='lat' dir='ltr'>rei</span> <span class='ocrx_word' id='word_1_144' title='bbox 453 926 659 965; x_wconf 82' lang='lat' dir='ltr'>explicandae</span> <span class='ocrx_word' id='word_1_145' title='bbox 687 936 785 956; x_wconf 85' lang='lat' dir='ltr'>causa</span> <span class='ocrx_word' id='word_1_146' title='bbox 812 927 1042 966; x_wconf 78' lang='lat' dir='ltr'>proverbialem</span> <span class='ocrx_word' id='word_1_147' title='bbox 1071 927 1216 967; x_wconf 87' lang='lat' dir='ltr'>loquendi</span> <span class='ocrx_word' id='word_1_148' title='bbox 1245 928 1365 958; x_wconf 88' lang='lat' dir='ltr'>modum</span> <span class='ocrx_word' id='word_1_149' title='bbox 1396 927 1540 958; x_wconf 84' lang='lat' dir='ltr'>adduxit:</span> <span class='ocrx_word' id='word_1_150' title='bbox 1571 927 1714 958; x_wconf 79' lang='lat' dir='ltr'>»Invidia</span> <span class='ocrx_word' id='word_1_151' title='bbox 1741 928 1915 958; x_wconf 87' lang='lat' dir='ltr'>commodi-</span> 
     </span>
     <span class='ocr_line' id='line_1_14' title="bbox 132 989 421 1027; baseline 0.003 -11"><span class='ocrx_word' id='word_1_152' title='bbox 132 991 216 1017; x_wconf 84' lang='lat' dir='ltr'>tates</span> <span class='ocrx_word' id='word_1_153' title='bbox 242 989 421 1027; x_wconf 78' lang='lat' dir='ltr'>sequitur«.</span> 
     </span>
    </p>
   </div>
   <div class='ocr_carea' id='block_1_7' title="bbox 130 1084 1918 1128">
    <p class='ocr_par' dir='ltr' id='par_1_7' title="bbox 130 1084 1918 1128">
     <span class='ocr_line' id='line_1_15' title="bbox 130 1084 1918 1128; baseline 0.002 -15"><span class='ocrx_word' id='word_1_154' title='bbox 130 1085 162 1113; x_wconf 91' lang='grc'>3.</span> <span class='ocrx_word' id='word_1_155' title='bbox 209 1084 339 1114; x_wconf 77' lang='lat' dir='ltr'>Femina</span> <span class='ocrx_word' id='word_1_156' title='bbox 362 1090 501 1117; x_wconf 73' lang='lat' dir='ltr'>venusta.</span> <span class='ocrx_word' id='word_1_157' title='bbox 528 1097 618 1125; x_wconf 71' lang='lat' dir='ltr'>quae,</span> <span class='ocrx_word' id='word_1_158' title='bbox 631 1089 661 1115; x_wconf 84' lang='lat' dir='ltr'>si</span> <span class='ocrx_word' id='word_1_159' title='bbox 680 1097 781 1116; x_wconf 79' lang='lat' dir='ltr'>sermo</span> <span class='ocrx_word' id='word_1_160' title='bbox 804 1088 921 1117; x_wconf 77' lang='lat' dir='ltr'>mullus</span> <span class='ocrx_word' id='word_1_161' title='bbox 944 1092 999 1122; x_wconf 79' lang='lat' dir='ltr'>est,</span> <span class='ocrx_word' id='word_1_162' title='bbox 1024 1091 1055 1117; x_wconf 79' lang='lat'>1¹11</span> <span class='ocrx_word' id='word_1_163' title='bbox 1073 1089 1204 1126; x_wconf 78' lang='lat' dir='ltr'>pudoris</span> <span class='ocrx_word' id='word_1_164' title='bbox 1227 1089 1389 1128; x_wconf 74' lang='lat' dir='ltr'>defensum</span> <span class='ocrx_word' id='word_1_165' title='bbox 1412 1089 1514 1117; x_wconf 79' lang='lat' dir='ltr'>Iocum</span> <span class='ocrx_word' id='word_1_166' title='bbox 1537 1089 1680 1127; x_wconf 72' lang='lat' dir='ltr'>confuyil</span> <span class='ocrx_word' id='word_1_167' title='bbox 1700 1091 1741 1126; x_wconf 78' lang='lat' dir='ltr'>el,</span> <span class='ocrx_word' id='word_1_168' title='bbox 1765 1090 1795 1116; x_wconf 83' lang='lat' dir='ltr'>si</span> <span class='ocrx_word' id='word_1_169' title='bbox 1816 1089 1918 1126; x_wconf 82' lang='lat' dir='ltr'>quui-</span> 
     </span>
    </p>
   </div>
   <div class='ocr_carea' id='block_1_8' title="bbox 792 1145 1256 1178">
    <p class='ocr_par' dir='ltr' id='par_1_8' title="bbox 792 1145 1256 1178">
     <span class='ocr_line' id='line_1_16' title="bbox 792 1145 1256 1178; baseline 0.004 -8"><span class='ocrx_word' id='word_1_170' title='bbox 792 1146 852 1178; x_wconf 79' lang='lat' dir='ltr'>tur,</span> <span class='ocrx_word' id='word_1_171' title='bbox 878 1147 996 1172; x_wconf 77' lang='lat' dir='ltr'>rectum</span> <span class='ocrx_word' id='word_1_172' title='bbox 1019 1145 1141 1172; x_wconf 80' lang='lat' dir='ltr'>modum</span> <span class='ocrx_word' id='word_1_173' title='bbox 1166 1147 1256 1175; x_wconf 79' lang='lat' dir='ltr'>leuel.</span> 
     </span>
    </p>
   </div>
   <div class='ocr_carea' id='block_1_9' title="bbox 133 1209 1919 1302">
    <p class='ocr_par' dir='ltr' id='par_1_9' title="bbox 133 1209 1919 1302">
     <span class='ocr_line' id='line_1_17' title="bbox 233 1209 1919 1254; baseline 0.004 -17"><span class='ocrx_word' id='word_1_174' title='bbox 233 1209 267 1237; x_wconf 92' lang='lat' dir='ltr'>In</span> <span class='ocrx_word' id='word_1_175' title='bbox 295 1209 356 1238; x_wconf 85' lang='lat' dir='ltr'>hoc</span> <span class='ocrx_word' id='word_1_176' title='bbox 382 1220 493 1250; x_wconf 86' lang='lat' dir='ltr'>versu,</span> <span class='ocrx_word' id='word_1_177' title='bbox 523 1212 574 1251; x_wconf 92' lang='lat' dir='ltr'>qui</span> <span class='ocrx_word' id='word_1_178' title='bbox 601 1213 629 1241; x_wconf 92' lang='lat' dir='ltr'>in</span> <span class='ocrx_word' id='word_1_179' title='bbox 653 1214 807 1243; x_wconf 82' lang='lat' dir='ltr'>Mersukii</span> <span class='ocrx_word' id='word_1_180' title='bbox 835 1214 946 1244; x_wconf 82' lang='lat' dir='ltr'>codice</span> <span class='ocrx_word' id='word_1_181' title='bbox 974 1213 1194 1254; x_wconf 86' lang='lat' dir='ltr'>desideratur,</span> <span class='ocrx_word' id='word_1_182' title='bbox 1229 1213 1426 1253; x_wconf 83' lang='lat' dir='ltr'>prudentiam</span> <span class='ocrx_word' id='word_1_183' title='bbox 1454 1213 1705 1253; x_wconf 85' lang='lat' dir='ltr'>modestiamque</span> <span class='ocrx_word' id='word_1_184' title='bbox 1728 1214 1861 1245; x_wconf 87' lang='lat' dir='ltr'>feminae</span> <span class='ocrx_word' id='word_1_185' title='bbox 1889 1214 1919 1245; x_wconf 89' lang='lat' dir='ltr'>in</span> 
     </span>
     <span class='ocr_line' id='line_1_18' title="bbox 133 1271 469 1302; baseline 0.009 -3"><span class='ocrx_word' id='word_1_186' title='bbox 133 1280 280 1300; x_wconf 86' lang='lat' dir='ltr'>sermone</span> <span class='ocrx_word' id='word_1_187' title='bbox 308 1271 469 1302; x_wconf 84' lang='lat' dir='ltr'>describit.</span> 
     </span>
    </p>
   </div>
   <div class='ocr_carea' id='block_1_10' title="bbox 137 1356 1774 1401">
    <p class='ocr_par' dir='ltr' id='par_1_10' title="bbox 137 1356 1774 1401">
     <span class='ocr_line' id='line_1_19' title="bbox 137 1356 1774 1401; baseline 0.005 -17"><span class='ocrx_word' id='word_1_188' title='bbox 137 1356 170 1384; x_wconf 81' lang='lat'>4.</span> <span class='ocrx_word' id='word_1_189' title='bbox 216 1357 315 1386; x_wconf 81' lang='lat' dir='ltr'>Cuius</span> <span class='ocrx_word' id='word_1_190' title='bbox 337 1357 493 1394; x_wconf 71' lang='lat' dir='ltr'>lacrymas</span> <span class='ocrx_word' id='word_1_191' title='bbox 517 1360 549 1387; x_wconf 84' lang='lat' dir='ltr'>in</span> <span class='ocrx_word' id='word_1_192' title='bbox 571 1360 661 1388; x_wconf 81' lang='lat' dir='ltr'>oculo</span> <span class='ocrx_word' id='word_1_193' title='bbox 682 1363 772 1398; x_wconf 70' lang='lat' dir='ltr'>m&#39;qro</span> <span class='ocrx_word' id='word_1_194' title='bbox 793 1362 994 1399; x_wconf 77' lang='lat' dir='ltr'>splendentes</span> <span class='ocrx_word' id='word_1_195' title='bbox 1017 1363 1111 1396; x_wconf 74' lang='lat' dir='ltr'>vides,</span> <span class='ocrx_word' id='word_1_196' title='bbox 1136 1363 1191 1400; x_wconf 79' lang='lat' dir='ltr'>qui</span> <span class='ocrx_word' id='word_1_197' title='bbox 1210 1362 1334 1400; x_wconf 79' lang='lat' dir='ltr'>collyrii</span> <span class='ocrx_word' id='word_1_198' title='bbox 1362 1365 1448 1400; x_wconf 74' lang='lat' dir='ltr'>m&#39;qri</span> <span class='ocrx_word' id='word_1_199' title='bbox 1468 1363 1569 1391; x_wconf 76' lang='lat' dir='ltr'>colore</span> <span class='ocrx_word' id='word_1_200' title='bbox 1591 1363 1679 1392; x_wconf 79' lang='lat' dir='ltr'>haud</span> <span class='ocrx_word' id='word_1_201' title='bbox 1698 1367 1774 1401; x_wconf 72' lang='lat' dir='ltr'>eyes.</span> 
     </span>
    </p>
   </div>
   <div class='ocr_carea' id='block_1_11' title="bbox 134 1425 1922 1782">
    <p class='ocr_par' dir='ltr' id='par_1_11' title="bbox 134 1425 1922 1782">
     <span class='ocr_line' id='line_1_20' title="bbox 209 1425 1917 1472; baseline 0.005 -18"><span class='ocrx_word' id='word_1_202' title='bbox 209 1425 371 1456; x_wconf 83' lang='lat' dir='ltr'>Feminam</span> <span class='ocrx_word' id='word_1_203' title='bbox 403 1428 496 1458; x_wconf 84' lang='lat' dir='ltr'>animi</span> <span class='ocrx_word' id='word_1_204' title='bbox 523 1430 642 1459; x_wconf 84' lang='lat' dir='ltr'>teneris</span> <span class='ocrx_word' id='word_1_205' title='bbox 670 1430 861 1471; x_wconf 78' lang='lat' dir='ltr'>adfectibus,</span> <span class='ocrx_word' id='word_1_206' title='bbox 890 1432 942 1471; x_wconf 90' lang='lat' dir='ltr'>qui</span> <span class='ocrx_word' id='word_1_207' title='bbox 970 1433 1000 1461; x_wconf 90' lang='lat' dir='ltr'>in</span> <span class='ocrx_word' id='word_1_208' title='bbox 1029 1431 1128 1472; x_wconf 83' lang='lat' dir='ltr'>nigris</span> <span class='ocrx_word' id='word_1_209' title='bbox 1157 1431 1255 1460; x_wconf 88' lang='lat' dir='ltr'>oculis</span> <span class='ocrx_word' id='word_1_210' title='bbox 1283 1441 1319 1461; x_wconf 88' lang='lat' dir='ltr'>se</span> <span class='ocrx_word' id='word_1_211' title='bbox 1347 1431 1524 1472; x_wconf 81' lang='lat' dir='ltr'>ostendant,</span> <span class='ocrx_word' id='word_1_212' title='bbox 1544 1432 1716 1471; x_wconf 85' lang='lat' dir='ltr'>praeditam</span> <span class='ocrx_word' id='word_1_213' title='bbox 1736 1442 1812 1462; x_wconf 88' lang='lat' dir='ltr'>esse</span> <span class='ocrx_word' id='word_1_214' title='bbox 1831 1432 1917 1463; x_wconf 89' lang='lat' dir='ltr'>dicit.</span> 
     </span>
     <span class='ocr_line' id='line_1_21' title="bbox 134 1485 1919 1534; baseline 0.006 -20"><span class='ocrx_word' id='word_1_215' title='bbox 134 1485 383 1527; x_wconf 83' lang='lat' dir='ltr'>Lacrymarum,</span> <span class='ocrx_word' id='word_1_216' title='bbox 417 1498 496 1527; x_wconf 88' lang='lat' dir='ltr'>quae</span> <span class='ocrx_word' id='word_1_217' title='bbox 530 1494 669 1529; x_wconf 84' lang='lat' dir='ltr'>tempore</span> <span class='ocrx_word' id='word_1_218' title='bbox 706 1492 913 1530; x_wconf 81' lang='lat' dir='ltr'>profectionis</span> <span class='ocrx_word' id='word_1_219' title='bbox 941 1493 979 1522; x_wconf 87' lang='lat' dir='ltr'>ab</span> <span class='ocrx_word' id='word_1_220' title='bbox 1007 1493 1105 1522; x_wconf 90' lang='lat' dir='ltr'>amico</span> <span class='ocrx_word' id='word_1_221' title='bbox 1140 1493 1168 1522; x_wconf 92' lang='lat' dir='ltr'>in</span> <span class='ocrx_word' id='word_1_222' title='bbox 1192 1493 1292 1523; x_wconf 85' lang='lat' dir='ltr'>oculis</span> <span class='ocrx_word' id='word_1_223' title='bbox 1317 1503 1354 1522; x_wconf 91' lang='lat' dir='ltr'>se</span> <span class='ocrx_word' id='word_1_224' title='bbox 1382 1493 1588 1534; x_wconf 74' lang='lat' dir='ltr'>ostenderint,</span> <span class='ocrx_word' id='word_1_225' title='bbox 1616 1495 1804 1524; x_wconf 88' lang='lat' dir='ltr'>mentionem</span> <span class='ocrx_word' id='word_1_226' title='bbox 1835 1495 1919 1526; x_wconf 84' lang='lat' dir='ltr'>fecit.</span> 
     </span>
     <span class='ocr_line' id='line_1_22' title="bbox 138 1548 1920 1595; baseline 0.007 -19"><span class='ocrx_word' id='word_1_227' title='bbox 138 1548 277 1578; x_wconf 91' lang='lat' dir='ltr'>Verbum</span> <span class='ocrx_word' id='word_1_228' title='bbox 307 1552 401 1594; x_wconf 40' lang='lat'>&amp;5353</span> <span class='ocrx_word' id='word_1_229' title='bbox 429 1552 465 1581; x_wconf 87' lang='lat' dir='ltr'>de</span> <span class='ocrx_word' id='word_1_230' title='bbox 494 1553 644 1594; x_wconf 81' lang='lat' dir='ltr'>lacrymis</span> <span class='ocrx_word' id='word_1_231' title='bbox 672 1556 806 1586; x_wconf 87' lang='lat' dir='ltr'>nondum</span> <span class='ocrx_word' id='word_1_232' title='bbox 836 1556 1005 1586; x_wconf 83' lang='lat' dir='ltr'>fluentibus</span> <span class='ocrx_word' id='word_1_233' title='bbox 1033 1555 1206 1585; x_wconf 88' lang='lat' dir='ltr'>adhibetur.</span> <span class='ocrx_word' id='word_1_234' title='bbox 1234 1556 1364 1585; x_wconf 82' lang='lat' dir='ltr'>Femina</span> <span class='ocrx_word' id='word_1_235' title='bbox 1391 1556 1510 1595; x_wconf 87' lang='lat' dir='ltr'>pudore</span> <span class='ocrx_word' id='word_1_236' title='bbox 1540 1562 1696 1587; x_wconf 89' lang='lat' dir='ltr'>commota</span> <span class='ocrx_word' id='word_1_237' title='bbox 1724 1568 1779 1587; x_wconf 86' lang='lat' dir='ltr'>eas</span> <span class='ocrx_word' id='word_1_238' title='bbox 1797 1558 1920 1588; x_wconf 87' lang='lat' dir='ltr'>retinet.</span> 
     </span>
     <span class='ocr_line' id='line_1_23' title="bbox 138 1609 1922 1660; baseline 0.006 -22"><span class='ocrx_word' id='word_1_239' title='bbox 138 1609 220 1639; x_wconf 89' lang='lat' dir='ltr'>Voci</span> <span class='ocrx_word' id='word_1_240' title='bbox 244 1610 348 1656; x_wconf 47' lang='grc' dir='ltr'>μὴ»)</span> <span class='ocrx_word' id='word_1_241' title='bbox 378 1613 529 1654; x_wconf 87' lang='lat' dir='ltr'>locorum,</span> <span class='ocrx_word' id='word_1_242' title='bbox 558 1617 640 1645; x_wconf 87' lang='lat' dir='ltr'>unde</span> <span class='ocrx_word' id='word_1_243' title='bbox 669 1618 828 1657; x_wconf 75' lang='lat' dir='ltr'>lacrymae</span> <span class='ocrx_word' id='word_1_244' title='bbox 854 1618 965 1656; x_wconf 81' lang='lat' dir='ltr'>fluunt,</span> <span class='ocrx_word' id='word_1_245' title='bbox 993 1618 1260 1658; x_wconf 83' lang='lat' dir='ltr'>significationem</span> <span class='ocrx_word' id='word_1_246' title='bbox 1289 1618 1414 1657; x_wconf 80' lang='lat' dir='ltr'>tribuit3</span> <span class='ocrx_word' id='word_1_247' title='bbox 1443 1617 1510 1657; x_wconf 87' lang='lat' dir='ltr'>scd,</span> <span class='ocrx_word' id='word_1_248' title='bbox 1528 1618 1598 1657; x_wconf 88' lang='lat' dir='ltr'>quin</span> <span class='ocrx_word' id='word_1_249' title='bbox 1627 1619 1655 1647; x_wconf 92' lang='lat' dir='ltr'>in</span> <span class='ocrx_word' id='word_1_250' title='bbox 1683 1628 1781 1648; x_wconf 88' lang='lat' dir='ltr'>versu</span> <span class='ocrx_word' id='word_1_251' title='bbox 1813 1619 1922 1660; x_wconf 87' lang='lat' dir='ltr'>lacry-</span> 
     </span>
     <span class='ocr_line' id='line_1_24' title="bbox 138 1675 1922 1723; baseline 0.006 -23"><span class='ocrx_word' id='word_1_252' title='bbox 138 1681 205 1701; x_wconf 86' lang='lat' dir='ltr'>mae</span> <span class='ocrx_word' id='word_1_253' title='bbox 231 1675 321 1712; x_wconf 88' lang='lat' dir='ltr'>ipsae</span> <span class='ocrx_word' id='word_1_254' title='bbox 348 1685 428 1705; x_wconf 85' lang='lat' dir='ltr'>voce</span> <span class='ocrx_word' id='word_1_255' title='bbox 455 1677 696 1717; x_wconf 75' lang='lat' dir='ltr'>significentur,</span> <span class='ocrx_word' id='word_1_256' title='bbox 724 1679 857 1709; x_wconf 86' lang='lat' dir='ltr'>dubitari</span> <span class='ocrx_word' id='word_1_257' title='bbox 892 1690 951 1709; x_wconf 90' lang='lat' dir='ltr'>non</span> <span class='ocrx_word' id='word_1_258' title='bbox 985 1684 1091 1719; x_wconf 87' lang='lat' dir='ltr'>potest</span> <span class='ocrx_word' id='word_1_259' title='bbox 1126 1680 1243 1711; x_wconf 77' lang='lat' dir='ltr'>conf.</span> <span class='ocrx_word' id='word_1_260' title='bbox 1279 1681 1371 1710; x_wconf 84' lang='lat' dir='ltr'>Ham.</span> <span class='ocrx_word' id='word_1_261' title='bbox 1407 1683 1447 1710; x_wconf 72' lang='lat'>00!</span> <span class='ocrx_word' id='word_1_262' title='bbox 1476 1690 1562 1719; x_wconf 87' lang='lat' dir='ltr'>supr.</span> <span class='ocrx_word' id='word_1_263' title='bbox 1609 1681 1656 1710; x_wconf 90' lang='lat' dir='ltr'>De</span> <span class='ocrx_word' id='word_1_264' title='bbox 1685 1681 1782 1722; x_wconf 87' lang='lat' dir='ltr'>nigris</span> <span class='ocrx_word' id='word_1_265' title='bbox 1810 1682 1922 1723; x_wconf 87' lang='lat' dir='ltr'>oculis,</span> 
     </span>
     <span class='ocr_line' id='line_1_25' title="bbox 137 1734 1231 1782; baseline -0.001 -10"><span class='ocrx_word' id='word_1_266' title='bbox 137 1734 187 1772; x_wconf 59' lang='lat'>‘1¹¹3</span> <span class='ocrx_word' id='word_1_267' title='bbox 215 1736 338 1774; x_wconf 72' lang='lat' dir='ltr'>pulchri</span> <span class='ocrx_word' id='word_1_268' title='bbox 367 1737 520 1771; x_wconf 84' lang='lat' dir='ltr'>habentur</span> <span class='ocrx_word' id='word_1_269' title='bbox 546 1747 576 1772; x_wconf 71' lang='lat' dir='ltr'>et</span> <span class='ocrx_word' id='word_1_270' title='bbox 603 1743 735 1782; x_wconf 85' lang='lat' dir='ltr'>collyrio</span> <span class='ocrx_word' id='word_1_271' title='bbox 765 1743 913 1773; x_wconf 87' lang='lat' dir='ltr'>conferas</span> <span class='ocrx_word' id='word_1_272' title='bbox 943 1744 1033 1773; x_wconf 87' lang='lat' dir='ltr'>Ham.</span> <span class='ocrx_word' id='word_1_273' title='bbox 1062 1742 1113 1773; x_wconf 61' lang='lat' dir='ltr'>osv?</span> <span class='ocrx_word' id='word_1_274' title='bbox 1140 1753 1171 1772; x_wconf 85' lang='lat' dir='ltr'>v.</span> <span class='ocrx_word' id='word_1_275' title='bbox 1204 1743 1231 1772; x_wconf 91' lang='lat' dir='ltr'>l.</span> 
     </span>
    </p>
   </div>
   <div class='ocr_carea' id='block_1_12' title="bbox 142 1872 1280 1978">
    <p class='ocr_par' dir='ltr' id='par_1_12' title="bbox 142 1872 1280 1978">
     <span class='ocr_line' id='line_1_26' title="bbox 1007 1872 1057 1905; baseline -0.02 0"><span class='ocrx_word' id='word_1_276' title='bbox 1007 1872 1057 1905; x_wconf 74' lang='lat'>(¹.</span> 
     </span>
     <span class='ocr_line' id='line_1_27' title="bbox 142 1933 1280 1978; baseline 0.004 -12"><span class='ocrx_word' id='word_1_277' title='bbox 142 1933 356 1978; x_wconf 43' lang='lat' dir='ltr'>(parm.)</span> <span class='ocrx_word' id='word_1_278' title='bbox 783 1938 1006 1972; x_wconf 67' lang='lat' dir='ltr'>Alius</span> <span class='ocrx_word' id='word_1_279' title='bbox 1058 1938 1280 1972; x_wconf 59' lang='lat' dir='ltr'>«lixit.</span> 
     </span>
    </p>
   </div>
   <div class='ocr_carea' id='block_1_13' title="bbox 140 2003 1893 2047">
    <p class='ocr_par' dir='ltr' id='par_1_13' title="bbox 140 2003 1893 2047">
     <span class='ocr_line' id='line_1_28' title="bbox 140 2003 1893 2047; baseline 0.004 -16"><span class='ocrx_word' id='word_1_280' title='bbox 140 2003 172 2032; x_wconf 88' lang='lat'>5.</span> <span class='ocrx_word' id='word_1_281' title='bbox 216 2003 317 2032; x_wconf 77' lang='lat' dir='ltr'>Flava</span> <span class='ocrx_word' id='word_1_282' title='bbox 338 2014 380 2033; x_wconf 59' lang='grc' dir='ltr'>επ</span> <span class='ocrx_word' id='word_1_283' title='bbox 403 2006 589 2035; x_wconf 76' lang='lat' dir='ltr'>dorcadibus</span> <span class='ocrx_word' id='word_1_284' title='bbox 610 2007 702 2036; x_wconf 78' lang='lat' dir='ltr'>vallis</span> <span class='ocrx_word' id='word_1_285' title='bbox 725 2008 859 2045; x_wconf 77' lang='lat' dir='ltr'>amplae,</span> <span class='ocrx_word' id='word_1_286' title='bbox 882 2010 976 2046; x_wconf 79' lang='lat' dir='ltr'>quasi</span> <span class='ocrx_word' id='word_1_287' title='bbox 993 2009 1095 2043; x_wconf 78' lang='lat' dir='ltr'>pudor</span> <span class='ocrx_word' id='word_1_288' title='bbox 1117 2011 1149 2036; x_wconf 74' lang='lat' dir='ltr'>in</span> <span class='ocrx_word' id='word_1_289' title='bbox 1172 2019 1207 2036; x_wconf 79' lang='lat' dir='ltr'>ea</span> <span class='ocrx_word' id='word_1_290' title='bbox 1231 2008 1368 2036; x_wconf 74' lang='lat' dir='ltr'>morbum</span> <span class='ocrx_word' id='word_1_291' title='bbox 1391 2008 1559 2037; x_wconf 73' lang='lat' dir='ltr'>recidivum</span> <span class='ocrx_word' id='word_1_292' title='bbox 1582 2013 1704 2046; x_wconf 73' lang='lat' dir='ltr'>aeyroti</span> <span class='ocrx_word' id='word_1_293' title='bbox 1724 2010 1893 2047; x_wconf 71' lang='lat' dir='ltr'>reliquerit.</span> 
     </span>
    </p>
   </div>
   <div class='ocr_carea' id='block_1_14' title="bbox 142 2072 1925 2492">
    <p class='ocr_par' dir='ltr' id='par_1_14' title="bbox 142 2072 1925 2492">
     <span class='ocr_line' id='line_1_29' title="bbox 240 2072 1923 2118; baseline 0.004 -17"><span class='ocrx_word' id='word_1_294' title='bbox 240 2072 399 2102; x_wconf 80' lang='lat' dir='ltr'>Feminam</span> <span class='ocrx_word' id='word_1_295' title='bbox 432 2075 610 2115; x_wconf 89' lang='lat' dir='ltr'>pulchram,</span> <span class='ocrx_word' id='word_1_296' title='bbox 642 2076 853 2115; x_wconf 87' lang='lat' dir='ltr'>pudibundam</span> <span class='ocrx_word' id='word_1_297' title='bbox 884 2082 917 2106; x_wconf 88' lang='lat' dir='ltr'>et</span> <span class='ocrx_word' id='word_1_298' title='bbox 944 2078 1078 2107; x_wconf 89' lang='lat' dir='ltr'>molliter</span> <span class='ocrx_word' id='word_1_299' title='bbox 1102 2078 1265 2107; x_wconf 85' lang='lat' dir='ltr'>viventem</span> <span class='ocrx_word' id='word_1_300' title='bbox 1293 2077 1451 2107; x_wconf 81' lang='lat' dir='ltr'>describit.</span> <span class='ocrx_word' id='word_1_301' title='bbox 1503 2077 1654 2108; x_wconf 83' lang='lat' dir='ltr'>Feminae</span> <span class='ocrx_word' id='word_1_302' title='bbox 1682 2078 1831 2118; x_wconf 85' lang='lat' dir='ltr'>pulchrae</span> <span class='ocrx_word' id='word_1_303' title='bbox 1856 2088 1923 2109; x_wconf 88' lang='lat' dir='ltr'>cum</span> 
     </span>
     <span class='ocr_line' id='line_1_30' title="bbox 142 2134 1922 2178; baseline 0.003 -14"><span class='ocrx_word' id='word_1_304' title='bbox 142 2134 328 2164; x_wconf 81' lang='lat' dir='ltr'>dorcadibus</span> <span class='ocrx_word' id='word_1_305' title='bbox 368 2136 475 2166; x_wconf 83' lang='lat' dir='ltr'>conf.</span> <span class='ocrx_word' id='word_1_306' title='bbox 501 2137 607 2168; x_wconf 73' lang='lat' dir='ltr'>Taras.</span> <span class='ocrx_word' id='word_1_307' title='bbox 636 2138 743 2168; x_wconf 84' lang='lat' dir='ltr'>Moall.</span> <span class='ocrx_word' id='word_1_308' title='bbox 773 2149 805 2168; x_wconf 84' lang='lat' dir='ltr'>v.</span> <span class='ocrx_word' id='word_1_309' title='bbox 833 2140 854 2168; x_wconf 90' lang='grc'><strong>6</strong></span> <span class='ocrx_word' id='word_1_310' title='bbox 882 2144 913 2170; x_wconf 90' lang='lat' dir='ltr'>et</span> <span class='ocrx_word' id='word_1_311' title='bbox 941 2149 1064 2178; x_wconf 87' lang='lat' dir='ltr'>quoque</span> <span class='ocrx_word' id='word_1_312' title='bbox 1093 2140 1171 2169; x_wconf 83' lang='lat' dir='ltr'>albis</span> <span class='ocrx_word' id='word_1_313' title='bbox 1207 2139 1317 2169; x_wconf 82' lang='lat' dir='ltr'>conf.</span> <span class='ocrx_word' id='word_1_314' title='bbox 1354 2140 1446 2169; x_wconf 83' lang='lat' dir='ltr'>Ham.</span> <span class='ocrx_word' id='word_1_315' title='bbox 1487 2142 1545 2170; x_wconf 55' lang='grc' dir='ltr'>ΡΜ</span> <span class='ocrx_word' id='word_1_316' title='bbox 1583 2151 1615 2171; x_wconf 91' lang='lat' dir='ltr'>v.</span> <span class='ocrx_word' id='word_1_317' title='bbox 1646 2141 1666 2170; x_wconf 88' lang='lat'>5</span> <span class='ocrx_word' id='word_1_318' title='bbox 1694 2146 1726 2171; x_wconf 88' lang='lat' dir='ltr'>et</span> <span class='ocrx_word' id='word_1_319' title='bbox 1753 2140 1804 2170; x_wconf 51' lang='lat' dir='ltr'>osu*</span> <span class='ocrx_word' id='word_1_320' title='bbox 1831 2151 1861 2170; x_wconf 91' lang='lat' dir='ltr'>v.</span> <span class='ocrx_word' id='word_1_321' title='bbox 1894 2141 1922 2170; x_wconf 85' lang='lat'>1.</span> 
     </span>
     <span class='ocr_line' id='line_1_31' title="bbox 142 2187 1924 2242; baseline 0.003 -17"><span class='ocrx_word' id='word_1_322' title='bbox 142 2201 373 2234; x_wconf 84' lang='lat' dir='ltr'>comparantur.</span> <span class='ocrx_word' id='word_1_323' title='bbox 427 2197 502 2226; x_wconf 80' lang='lat' dir='ltr'>Vox</span> <span class='ocrx_word' id='word_1_324' title='bbox 524 2187 606 2238; x_wconf 39' lang='lat' dir='ltr'>tid-{l</span> <span class='ocrx_word' id='word_1_325' title='bbox 636 2204 750 2230; x_wconf 88' lang='lat' dir='ltr'>terram</span> <span class='ocrx_word' id='word_1_326' title='bbox 779 2201 965 2241; x_wconf 85' lang='lat' dir='ltr'>depressam</span> <span class='ocrx_word' id='word_1_327' title='bbox 993 2207 1025 2232; x_wconf 86' lang='lat' dir='ltr'>et</span> <span class='ocrx_word' id='word_1_328' title='bbox 1051 2202 1166 2231; x_wconf 87' lang='lat' dir='ltr'>vallem</span> <span class='ocrx_word' id='word_1_329' title='bbox 1194 2202 1328 2240; x_wconf 87' lang='lat' dir='ltr'>amplam</span> <span class='ocrx_word' id='word_1_330' title='bbox 1357 2202 1517 2242; x_wconf 82' lang='lat' dir='ltr'>designat,</span> <span class='ocrx_word' id='word_1_331' title='bbox 1545 2212 1602 2232; x_wconf 88' lang='lat' dir='ltr'>nec</span> <span class='ocrx_word' id='word_1_332' title='bbox 1626 2213 1687 2232; x_wconf 90' lang='lat' dir='ltr'>non</span> <span class='ocrx_word' id='word_1_333' title='bbox 1715 2203 1846 2242; x_wconf 90' lang='lat' dir='ltr'>plurium</span> <span class='ocrx_word' id='word_1_334' title='bbox 1875 2203 1924 2232; x_wconf 92' lang='lat' dir='ltr'>lo-</span> 
     </span>
     <span class='ocr_line' id='line_1_32' title="bbox 142 2261 1922 2306; baseline 0.004 -19"><span class='ocrx_word' id='word_1_335' title='bbox 142 2268 249 2288; x_wconf 90' lang='lat' dir='ltr'>corum</span> <span class='ocrx_word' id='word_1_336' title='bbox 277 2268 390 2288; x_wconf 91' lang='lat' dir='ltr'>nomen</span> <span class='ocrx_word' id='word_1_337' title='bbox 419 2264 480 2289; x_wconf 86' lang='lat' dir='ltr'>est.</span> <span class='ocrx_word' id='word_1_338' title='bbox 543 2261 630 2290; x_wconf 82' lang='lat' dir='ltr'>Istae</span> <span class='ocrx_word' id='word_1_339' title='bbox 656 2261 810 2292; x_wconf 86' lang='lat' dir='ltr'>dorcades</span> <span class='ocrx_word' id='word_1_340' title='bbox 846 2264 936 2293; x_wconf 87' lang='lat' dir='ltr'>albae</span> <span class='ocrx_word' id='word_1_341' title='bbox 971 2273 1026 2293; x_wconf 88' lang='lat' dir='ltr'>seu</span> <span class='ocrx_word' id='word_1_342' title='bbox 1054 2264 1159 2302; x_wconf 79' lang='lat' dir='ltr'>potius</span> <span class='ocrx_word' id='word_1_343' title='bbox 1185 2264 1293 2293; x_wconf 82' lang='lat' dir='ltr'>flavae</span> <span class='ocrx_word' id='word_1_344' title='bbox 1319 2266 1350 2294; x_wconf 90' lang='lat' dir='ltr'>in</span> <span class='ocrx_word' id='word_1_345' title='bbox 1377 2266 1482 2294; x_wconf 86' lang='lat' dir='ltr'>arenis</span> <span class='ocrx_word' id='word_1_346' title='bbox 1510 2265 1678 2306; x_wconf 85' lang='lat' dir='ltr'>degebant.</span> <span class='ocrx_word' id='word_1_347' title='bbox 1730 2265 1922 2304; x_wconf 85' lang='lat' dir='ltr'>Quamquam</span> 
     </span>
     <span class='ocr_line' id='line_1_33' title="bbox 144 2317 1923 2367; baseline 0.004 -18"><span class='ocrx_word' id='word_1_348' title='bbox 144 2320 347 2359; x_wconf 88' lang='lat' dir='ltr'>comparandi</span> <span class='ocrx_word' id='word_1_349' title='bbox 369 2321 480 2352; x_wconf 88' lang='lat' dir='ltr'>modus</span> <span class='ocrx_word' id='word_1_350' title='bbox 515 2322 566 2352; x_wconf 88' lang='lat' dir='ltr'>hic</span> <span class='ocrx_word' id='word_1_351' title='bbox 593 2324 702 2353; x_wconf 90' lang='lat' dir='ltr'>varius</span> <span class='ocrx_word' id='word_1_352' title='bbox 732 2317 799 2365; x_wconf 33' lang='lat' dir='ltr'>esst,</span> <span class='ocrx_word' id='word_1_353' title='bbox 828 2330 862 2354; x_wconf 88' lang='lat' dir='ltr'>ut</span> <span class='ocrx_word' id='word_1_354' title='bbox 889 2335 906 2354; x_wconf 94' lang='lat' dir='ltr'>e</span> <span class='ocrx_word' id='word_1_355' title='bbox 932 2325 1008 2354; x_wconf 91' lang='lat' dir='ltr'>locis</span> <span class='ocrx_word' id='word_1_356' title='bbox 1036 2326 1195 2355; x_wconf 83' lang='lat' dir='ltr'>adnotatis</span> <span class='ocrx_word' id='word_1_357' title='bbox 1223 2335 1420 2367; x_wconf 80' lang='lat' dir='ltr'>cognoscere</span> <span class='ocrx_word' id='word_1_358' title='bbox 1447 2328 1530 2363; x_wconf 82' lang='lat' dir='ltr'>licet,</span> <span class='ocrx_word' id='word_1_359' title='bbox 1560 2333 1661 2357; x_wconf 88' lang='lat' dir='ltr'>tamen</span> <span class='ocrx_word' id='word_1_360' title='bbox 1687 2327 1745 2356; x_wconf 84' lang='lat' dir='ltr'>hoc</span> <span class='ocrx_word' id='word_1_361' title='bbox 1771 2327 1799 2355; x_wconf 91' lang='lat' dir='ltr'>in</span> <span class='ocrx_word' id='word_1_362' title='bbox 1827 2336 1923 2357; x_wconf 91' lang='lat' dir='ltr'>versu</span> 
     </span>
     <span class='ocr_line' id='line_1_34' title="bbox 144 2383 1923 2429; baseline 0.006 -19"><span class='ocrx_word' id='word_1_363' title='bbox 144 2383 265 2412; x_wconf 90' lang='lat' dir='ltr'>nonnisi</span> <span class='ocrx_word' id='word_1_364' title='bbox 293 2383 331 2413; x_wconf 87' lang='lat' dir='ltr'>ad</span> <span class='ocrx_word' id='word_1_365' title='bbox 358 2384 494 2414; x_wconf 81' lang='lat' dir='ltr'>colorem</span> <span class='ocrx_word' id='word_1_366' title='bbox 520 2390 657 2424; x_wconf 86' lang='lat' dir='ltr'>spectat.</span> <span class='ocrx_word' id='word_1_367' title='bbox 711 2387 744 2415; x_wconf 90' lang='lat' dir='ltr'>In</span> <span class='ocrx_word' id='word_1_368' title='bbox 772 2385 892 2425; x_wconf 88' lang='lat' dir='ltr'>pudore</span> <span class='ocrx_word' id='word_1_369' title='bbox 920 2391 1024 2415; x_wconf 88' lang='lat' dir='ltr'>autem</span> <span class='ocrx_word' id='word_1_370' title='bbox 1049 2396 1148 2417; x_wconf 74' lang='lat' dir='ltr'>causa</span> <span class='ocrx_word' id='word_1_371' title='bbox 1176 2393 1236 2426; x_wconf 87' lang='lat' dir='ltr'>est,</span> <span class='ocrx_word' id='word_1_372' title='bbox 1264 2398 1317 2418; x_wconf 85' lang='lat' dir='ltr'>cur</span> <span class='ocrx_word' id='word_1_373' title='bbox 1344 2395 1376 2419; x_wconf 88' lang='lat' dir='ltr'>et</span> <span class='ocrx_word' id='word_1_374' title='bbox 1403 2400 1510 2429; x_wconf 88' lang='lat' dir='ltr'>parum</span> <span class='ocrx_word' id='word_1_375' title='bbox 1541 2390 1684 2429; x_wconf 88' lang='lat' dir='ltr'>loquatur</span> <span class='ocrx_word' id='word_1_376' title='bbox 1710 2393 1740 2419; x_wconf 82' lang='lat' dir='ltr'>et</span> <span class='ocrx_word' id='word_1_377' title='bbox 1761 2399 1870 2428; x_wconf 92' lang='lat' dir='ltr'>parum</span> <span class='ocrx_word' id='word_1_378' title='bbox 1887 2399 1923 2420; x_wconf 90' lang='lat' dir='ltr'>se</span> 
     </span>
     <span class='ocr_line' id='line_1_35' title="bbox 145 2447 1925 2492; baseline 0.005 -18"><span class='ocrx_word' id='word_1_379' title='bbox 145 2450 283 2474; x_wconf 84' lang='lat' dir='ltr'>moveat.</span> <span class='ocrx_word' id='word_1_380' title='bbox 349 2447 381 2475; x_wconf 88' lang='lat' dir='ltr'>ln</span> <span class='ocrx_word' id='word_1_381' title='bbox 409 2447 588 2485; x_wconf 84' lang='lat' dir='ltr'>posteriore</span> <span class='ocrx_word' id='word_1_382' title='bbox 615 2458 648 2477; x_wconf 91' lang='lat' dir='ltr'>re</span> <span class='ocrx_word' id='word_1_383' title='bbox 676 2447 790 2477; x_wconf 89' lang='lat' dir='ltr'>homini</span> <span class='ocrx_word' id='word_1_384' title='bbox 820 2447 959 2477; x_wconf 88' lang='lat' dir='ltr'>recidivo</span> <span class='ocrx_word' id='word_1_385' title='bbox 989 2449 1094 2477; x_wconf 88' lang='lat' dir='ltr'>morbo</span> <span class='ocrx_word' id='word_1_386' title='bbox 1123 2449 1249 2480; x_wconf 79' lang='lat' dir='ltr'>adfecto</span> <span class='ocrx_word' id='word_1_387' title='bbox 1277 2452 1386 2481; x_wconf 87' lang='lat' dir='ltr'>similis</span> <span class='ocrx_word' id='word_1_388' title='bbox 1414 2457 1485 2491; x_wconf 79' lang='lat' dir='ltr'>est3</span> <span class='ocrx_word' id='word_1_389' title='bbox 1519 2452 1670 2491; x_wconf 87' lang='lat' dir='ltr'>pudorem</span> <span class='ocrx_word' id='word_1_390' title='bbox 1706 2451 1804 2492; x_wconf 79' lang='lat' dir='ltr'>igitur</span> <span class='ocrx_word' id='word_1_391' title='bbox 1832 2458 1925 2491; x_wconf 84' lang='lat' dir='ltr'>poeta</span> 
     </span>
    </p>
   </div>
   <div class='ocr_carea' id='block_1_15' title="bbox 144 2508 1926 2552">
    <p class='ocr_par' dir='ltr' id='par_1_15' title="bbox 144 2508 1926 2552">
     <span class='ocr_line' id='line_1_36' title="bbox 144 2508 1926 2552; baseline 0.006 -17"><span class='ocrx_word' id='word_1_392' title='bbox 144 2515 214 2536; x_wconf 90' lang='lat' dir='ltr'>cum</span> <span class='ocrx_word' id='word_1_393' title='bbox 242 2508 351 2537; x_wconf 88' lang='lat' dir='ltr'>morbo</span> <span class='ocrx_word' id='word_1_394' title='bbox 378 2509 516 2539; x_wconf 87' lang='lat' dir='ltr'>recidivo</span> <span class='ocrx_word' id='word_1_395' title='bbox 545 2513 750 2549; x_wconf 81' lang='lat' dir='ltr'>comparavit.</span> <span class='ocrx_word' id='word_1_396' title='bbox 777 2511 833 2541; x_wconf 87' lang='lat' dir='ltr'>Sic</span> <span class='ocrx_word' id='word_1_397' title='bbox 859 2511 888 2540; x_wconf 88' lang='lat' dir='ltr'>in</span> <span class='ocrx_word' id='word_1_398' title='bbox 914 2515 1071 2550; x_wconf 88' lang='lat' dir='ltr'>sequente</span> <span class='ocrx_word' id='word_1_399' title='bbox 1100 2512 1299 2542; x_wconf 81' lang='lat' dir='ltr'>hemistichio</span> <span class='ocrx_word' id='word_1_400' title='bbox 1320 2515 1412 2543; x_wconf 88' lang='lat' dir='ltr'>metri</span> <span class='ocrx_word' id='word_1_401' title='bbox 1429 2514 1560 2544; x_wconf 86' lang='lat' dir='ltr'>Camel:</span> <span class='ocrx_word' id='word_1_402' title='bbox 1581 2512 1771 2552; x_wconf 84' lang='lat' dir='ltr'>Reliquit</span> <span class='ocrx_word' id='word_1_403' title='bbox 1801 2515 1926 2552; x_wconf 87' lang='lat' dir='ltr'>pudor</span> 
     </span>
    </p>
   </div>
   <div class='ocr_carea' id='block_1_16' title="bbox 148 2570 1928 2616">
    <p class='ocr_par' dir='ltr' id='par_1_16' title="bbox 148 2570 1928 2616">
     <span class='ocr_line' id='line_1_37' title="bbox 148 2570 1928 2616; baseline 0.004 -18"><span class='ocrx_word' id='word_1_404' title='bbox 148 2570 188 2597; x_wconf 85' lang='lat' dir='ltr'>in</span> <span class='ocrx_word' id='word_1_405' title='bbox 215 2580 259 2600; x_wconf 85' lang='lat' dir='ltr'>ea</span> <span class='ocrx_word' id='word_1_406' title='bbox 286 2572 455 2612; x_wconf 87' lang='lat' dir='ltr'>aegroti</span> <span class='ocrx_word' id='word_1_407' title='bbox 485 2572 710 2603; x_wconf 90' lang='lat' dir='ltr'>recidivum</span> <span class='ocrx_word' id='word_1_408' title='bbox 739 2574 924 2604; x_wconf 88' lang='lat' dir='ltr'>morbum.</span> <span class='ocrx_word' id='word_1_409' title='bbox 953 2574 1045 2612; x_wconf 84' lang='lat' dir='ltr'>Quod</span> <span class='ocrx_word' id='word_1_410' title='bbox 1073 2584 1181 2613; x_wconf 36' lang='lat' dir='ltr'>piarum</span> <span class='ocrx_word' id='word_1_411' title='bbox 1209 2585 1246 2606; x_wconf 88' lang='lat' dir='ltr'>se</span> <span class='ocrx_word' id='word_1_412' title='bbox 1275 2580 1400 2616; x_wconf 86' lang='lat' dir='ltr'>movet,</span> <span class='ocrx_word' id='word_1_413' title='bbox 1437 2575 1467 2605; x_wconf 91' lang='lat' dir='ltr'>id</span> <span class='ocrx_word' id='word_1_414' title='bbox 1493 2573 1681 2605; x_wconf 85' lang='lat' dir='ltr'>scholiastes</span> <span class='ocrx_word' id='word_1_415' title='bbox 1708 2575 1928 2606; x_wconf 83' lang='lat' dir='ltr'>consuetudini</span> 
     </span>
    </p>
   </div>
  </div>
 </body>
</html>
