2155 2892
936 180 1199 210 -605—

932 324 1203 358 Lxxvnl.

858 403 1113 438 Nun-arins
1135 403 1272 437 unxit.

240 476 274 504 lu
301 474 458 505 Mersukii
488 473 598 505 codice
624 473 811 504 Nomairitn.
841 473 940 516 (Fieri
968 482 1085 515 potest,
1113 480 1145 506 ut
1172 482 1266 516 pocta
1293 479 1402 509 Alrfiih
1431 481 1553 519 (cons.
1576 485 1633 521 wi,
1656 487 1695 513 Ἣ·
1722 486 1792 523 sit).

266 573 328 604 Alii
365 583 483 603 versus
521 574 590 603 viro
627 584 645 603 e
682 578 781 614 gente
809 573 937 603 Baliilali
974 574 1169 606 adscribunt.
1236 578 1269 606 ln
1311 578 1378 608 loco
1418 579 1508 609 llam.
1537 582 1574 609 1⁴5·
1612 583 1630 611 Ι.
1659 583 1690 616 3,
1731 585 1811 615 infra
1847 591 1959 616 auctor

164 635 336 665 Atkahkah
365 636 392 665 b.
422 635 588 676 Ahthijjuh
616 636 750 667 Bahilita
777 637 965 677 appellatur.

165 732 191 760 1.
236 730 493 770 Quotiescunque
514 742 628 762 vocaus
649 737 722 770 post
744 736 874 772 quietem
900 738 1035 767 vocat-il,
1075 738 1169 773 qaeeasi
1196 740 1306 765 coulra
1328 741 1478 766 uoclurm'
1498 741 1622 768 ilineris
1646 744 1782 771 lerrores
1799 748 1960 780 puyuuret

797 791 828 816 et
850 788 886 816 lu'
908 792 1018 817 contra
1034 799 1104 817 eum
1119 789 1326 826 puyuareul!

265 887 338 918 Alta
366 889 426 918 iam
454 892 570 926 nocte,
607 898 701 928 quum
729 899 811 930 gens
839 891 936 929 quieti
964 900 998 921 se
1027 892 1237 932 tradidisset,
1276 893 1378 922 virum
1416 894 1504 923 canis
1533 904 1644 925 vocem
1674 896 1864 937 imitantem,
1905 899 1956 937 qui

166 951 268 980 noctis
298 951 471 981 terroribus
499 950 650 981 adflictus
679 951 866 996 videretur,
905 963 943 983 se
977 953 1139 984 audivisse
1175 959 1291 984 narrat.
1346 955 1510 993 Quendam
1545 956 1607 986 line
1643 959 1743 988 noctis
1775 959 1958 997 advenisse,

164 1013 303 1054 legimus
330 1014 423 1044 Ham.
452 1016 492 1043 vt*-
519 1024 550 1043 v.
580 1012 612 1043 3.
671 1014 738 1051 Se,
775 1023 961 1053 quamquam
996 1024 1106 1045 somno
1144 1015 1275 1045 obrutus
1313 1022 1428 1057 esset,
1467 1016 1506 1046 ad
1545 1017 1701 1057 hospitem
1737 1020 1958 1060 excipiendum

161 1079 306 1113 paratum
334 1074 439 1105 fuisse
467 1074 592 1108 indicat.
644 1076 800 1106 Terrores
829 1075 951 1106 itineris
975 1076 1117 1106 nocturni
1145 1086 1216 1107 cum
1245 1081 1392 1117 personis
1421 1078 1641 1109 dimicantibus
1668 1082 1870 1120 comparavit.

158 1172 191 1200 2.
242 1171 373 1201 Vocat-it
399 1172 505 1209 ιἠορίᾶ
525 1181 673 1208 pressum
696 1168 852 1212 (canem)
882 1173 970 1201 modo
1000 1174 1123 1207 insani,
1155 1173 1228 1202 dum
1259 1175 1396 1203 Insanus
1425 1184 1488 1204 non
1521 1179 1610 1213 eru!;
1637 1177 1694 1205 sed
1721 1187 1755 1206 re
1784 1181 1957 1215 occupatus

887 1230 964 1261 erat,
989 1237 1082 1266 quam
1100 1229 1227 1257 colebat.

262 1301 426 1342 Repetitis
463 1303 587 1333 vicibus
621 1307 787 1334 vocantem
814 1303 951 1343 inducit,
979 1311 1011 1337 ut
1034 1310 1141 1336 status
1178 1306 1396 1338 difficultatem
1423 1308 1580 1339 ostendat.
1631 1309 1707 1339 vox
1735 1307 1811 1346 Ml)
1844 1310 1956 1350 duplici

159 1365 254 1396 modo
284 1366 434 1405 explicari
463 1371 590 1409 potest:
629 1377 695 1398 vox
722 1369 803 1398 enim
831 1374 887 1398 aut
924 1368 1028 1408 inopia
1056 1376 1202 1407 pressum
1229 1366 1373 1411 (canem)
1397 1370 1437 1399 ob
1467 1371 1620 1410 temporis
1647 1371 1859 1402 calamitatem
1887 1374 1956 1413 sig-

158 1428 290 1459 n'ficare
316 1433 434 1468 potest,
464 1433 496 1459 ut
522 1430 613 1460 verbi
641 1431 798 1460 obiectum
825 1431 868 1460 sit
894 1435 949 1460 aut
976 1436 1011 1460 ut
1037 1430 1135 1460 statui
1158 1430 1292 1460 subiecti
1319 1430 1528 1462 describendo
1555 1434 1711 1464 inserviat
1739 1439 1770 1463 et
1797 1434 1954 1473 hospitem

157 1491 263 1531 inopia
290 1500 437 1531 pressum
466 1491 628 1533 designet.
666 1492 769 1523 Priori
797 1492 1028 1532 quodammodo
1047 1497 1216 1534 repugnat,
1244 1494 1329 1532 quod
1356 1494 1386 1524 in
1413 1497 1519 1535 priore
1545 1506 1644 1526 versu
1672 1497 1803 1526 verbum
1831 1497 1954 1527 obiecto

156 1559 245 1584 caret
273 1558 307 1584 et
343 1556 505 1584 sententia
543 1555 702 1594 proverbii
739 1554 856 1594 (Meid.
886 1555 954 1592 25,
985 1555 1080 1593 19).«
1124 1554 1297 1585 Commode
1335 1557 1418 1587 vivit
1456 1558 1544 1588 cauis
1581 1559 1733 1597 temporis
1767 1558 1955 1589 calamitatis

158 1616 266 1657 gentis
292 1624 396 1646 suae»
425 1625 472 1646 co
488 1616 537 1646 ns.
555 1617 649 1647 Ham.
669 1616 716 1647 ‘t‘tin
734 1618 752 1647 Ι.
769 1618 809 1655 8;
837 1626 907 1646 cum
928 1617 1104 1656 posteriore
1130 1622 1235 1647 autem
1262 1620 1432 1659 sequentia
1459 1621 1558 1651 verba
1585 1610 1702 1666 05:35
1730 1630 1789 1659 '‘e-*²
1809 1630 1953 1662 congrua

156 1682 242 1707 sunt.
294 1677 495 1708 Scholiastes
522 1678 623 1716 dicit,
667 1680 767 1710 verba
793 1679 976 1720 significare
1001 1689 1128 1720 quoque
1155 1690 1278 1722 posse,
1313 1691 1384 1713 eum
1424 1694 1542 1715 vocare
1579 1686 1735 1715 miseriam
1763 1685 1953 1715 indicantem

157 1739 261 1779 modo,
289 1741 342 1780 qui
369 1740 510 1770 insaniae
535 1741 648 1771 similis
674 1744 729 1781 sit,
755 1746 788 1772 ut
814 1752 916 1772 voces
943 1732 1062 1788 0:²3⁵
1092 1749 1172 1770 Μ
1201 1742 1304 1774 locum
1325 1744 1475 1776 adiectivi
1503 1747 1541 1777 ad
1569 1757 1682 1778 nomen
1710 1747 1843 1777 actionis
1871 1745 1944 1776 51'2.)

155 1800 313 1831 referendi
341 1806 507 1841 occupent,
1747 1814 1807 1852 (p.
1837 1811 1951 1848 71..)

155 1897 188 1928 3.
227 1898 273 1927 Et
285 1907 380 1936 quum
395 1907 464 1927 eum
481 1899 680 1932 «indicassem,
704 1908 777 1928 voce
788 1902 865 1934 eius,
885 1902 975 1928 cuius
991 1911 1070 1930 arus
1079 1911 1254 1938 ymerus-us
1266 1906 1296 1931 e!
1307 1906 1398 1932 cm‘us
1420 1904 1541 1932 indoles
1553 1903 1657 1932 dulcis
1669 1907 1748 1942 eral,
1761 1914 1830 1932 eum
1848 1906 1953 1932 rocavi

154 1964 188 1992 4.
229 1963 277 1993 Et
295 1966 399 2001 ignem
421 1974 523 1994 meum
545 1967 640 1993 extre·
663 1965 787 1993 domum
811 1966 945 1993 accendi
963 1969 994 1994 e!
1017 1969 1117 2004 effeci)
1144 1970 1179 1996 ut
1200 1970 1267 1996 eius
1286 1970 1415 2005 flamma
1438 1969 1558 1997 luceret
1579 1973 1609 1998 et
1631 1979 1739 1998 canem
1762 1979 1873 2003 meum,
1898 1979 1951 2008 qm

820 2022 904 2048 intra
926 2021 1049 2048 domum
1072 2024 1156 2056 erat,
1181 2023 1279 2050 emisi.

252 2087 382 2128 Agendi
409 2088 530 2118 modum
557 2097 650 2119 suum
678 2088 839 2119 describit.
876 2089 911 2118 ln
939 2089 1043 2127 priore
1071 2098 1170 2119 versu
1199 2091 1300 2131 magis
1328 2091 1522 2131 generaliter
1555 2091 1712 2130 loquitur3
1742 2091 1800 2121 sed
1827 2091 1951 2129 dicens,

157 2159 195 2180 se
213 2159 307 2179 avum
325 2158 518 2190 generosum
544 2149 705 2190 babuisse,
733 2150 874 2180 indicare
901 2150 981 2190 vult,
1010 2151 1101 2180 istam
1130 2153 1380 2192 generositatem
1399 2155 1459 2183 iam
1476 2162 1494 2183 a
1520 2154 1687 2184 maioribus
1706 2163 1744 2183 se
1771 2154 1951 2194 accepisse,

155 2217 189 2242 ut
218 2221 287 2242 eam
320 2219 382 2240 non
410 2211 602 2252 negligeret,
665 2212 742 2242 Post
774 2212 905 2242 verbum
935 2207 1036 2247 &⁸205
1064 2212 1218 2243 obiectum
1247 2215 1401 2244 omissum
1429 2220 1491 2244 est.
1559 2215 1633 2245 Vox
1661 2216 1812 2256 generosi
1842 2221 1947 2245 autem

151 2274 251 2304 verba
276 2272 469 2314 significant,
498 2273 611 2313 quibus
640 2275 720 2305 alter
747 2274 786 2304 ad
813 2274 979 2313 hospitium
1007 2275 1168 2306 invitatur.
1228 2276 1400 2307 Praeterea
1429 2282 1547 2317 autem,
1575 2287 1614 2306 ne
1642 2286 1659 2306 a
1688 2277 1742 2306 viai
1769 2277 1946 2313 aberraret,

153 2340 186 2366 et
218 2335 322 2376 ignem
352 2335 381 2364 in
416 2335 480 2365 alto
516 2335 585 2365 loco
610 2336 756 2367 accendit
782 2341 815 2366 et
843 2345 949 2366 canem
977 2337 1106 2374 emisit,
1148 2341 1180 2368 ut
1216 2338 1353 2369 latraret.
1407 2339 1506 2368 Hisce
1534 2342 1638 2368 autem
1667 2338 1762 2367 rebus
1791 2347 1948 2368 summum

151 2396 292 2428 studium
321 2396 468 2426 ostendit.
525 2396 728 2429 Scholiastes
755 2398 933 2440 adnotavit,
961 2399 1061 2429 verba
1088 2396 1188 2437 „dm-Sl
1207 2397 1234 2437 ‚3
1253 2399 1472 2438 praedicatum
1493 2398 1628 2428 subiecti
1647 2402 1695 2440 39
1723 2407 1800 2428 esse
1827 2407 1947 2438 eosque

151 2469 271 2500 errare,
300 2459 352 2498 qui
379 2464 503 2499 putent,
531 2460 629 2490 verba
654 2459 695 2490 ad
721 2469 853 2491 sensum
878 2461 1133 2492 constituendum
1161 2463 1264 2492 minus
1294 2462 1481 2492 necessaria
1500 2472 1588 2502 esse,
1617 2467 1649 2491 ut
1678 2472 1696 2492 a
1728 2462 1950 2502 grammaticis

153 2522 276 2552 nomine
300 2519 351 2562 ,id
379 2522 614 2561 appellarentur
641 2520 770 2560 (Gram.
800 2523 856 2552 Ar.
888 2524 924 2554 T.
938 2525 977 2555 11.
993 2535 1024 2565 p.
1041 2525 1124 2556 609.
1164 2527 1286 2557 Vocem
1311 2525 1408 2554 albi.)
1435 2531 1489 2556 aut
1519 2525 1588 2555 loco
1619 2524 1749 2554 alterius
1777 2523 1947 2564 praedicati

151 2592 228 2614 esse
255 2589 310 2615 aut
338 2585 452 2624 prioris
478 2583 672 2624 adpositioni
700 2584 868 2615 inservire.
