2155 2892
881 143 1150 175 -666-

129 252 249 283 modum
277 246 389 290 ὑμᾶς)
419 256 488 277 cum
517 245 629 276 avibus
656 244 764 274 Katlia
789 243 832 274 ita
856 243 1038 284 coniungit,
1077 246 1111 272 ut
1147 251 1204 272 eas
1241 242 1354 271 itinere
1387 245 1540 271 nocturno
1574 241 1678 271 ebrias
1716 251 1789 272 esse
1823 242 1919 272 dicat.

130 313 192 351 (p.
215 308 335 346 ι786.)
364 311 506 340 Verbum
524 317 623 355 &aona
641 316 709 337 cum
728 315 810 336 voce
829 307 894 352 :ijs
912 304 1071 344 coniungi,
1098 308 1284 343 praestare3
1311 304 1369 334 sed
1389 312 1501 332 vocem
1519 305 1617 349 σιτ-ᾤ
1644 303 1689 341 (si
1709 303 1753 333 ita
1780 304 1915 343 legitur)

129 378 167 408 ad
194 385 292 406 voces
321 371 397 412 Ly>
417 377 474 403 aut
500 367 603 416 (3)ψῖ
623 368 758 400 conferri
777 377 886 408 posse.
928 367 1007 398 Cum
1034 375 1116 397 voce
1133 366 1248 407 259&
1275 371 1381 398 autem
1408 367 1535 408 legendi
1563 364 1690 395 modum
1716 365 1782 411 m'ja
1807 363 1920 393 melius

128 447 314 480 congruere.

130 513 163 542 3.
207 511 291 539 Eius
316 505 453 548 (nubis)
476 508 603 544 agmina
624 508 656 535 in
680 506 779 534 medio
804 505 926 533 deserto
948 511 1059 531 sonum
1082 501 1221 535 edebant,
1246 501 1332 528 sicut
1353 499 1491 528 camelae
1511 508 1651 528 annosae
1672 499 1708 527 ob
1733 498 1921 527 desiderium

824 561 965 587 mutuum
988 566 1100 585 sonum
1123 556 1229 584 edunt.

227 634 368 664 Nubium
395 632 535 662 tonitrua
561 640 634 660 cum
664 629 773 669 sonis,
809 636 888 668 quos
925 627 954 656 in
993 625 1130 656 desertis
1156 622 1346 653 camelorum
1374 622 1501 663 agmina
1527 623 1565 652 ob
1593 623 1783 653 desiderium
1813 622 1920 662 edunt,

131 695 337 735 comparavit.
394 693 546 723 Camelae
582 699 723 722 annosae
758 692 928 728 separatae
965 696 983 716 a
1019 685 1113 724 pullis
1152 690 1207 714 aut
1243 687 1383 715 statione
1418 689 1575 715 consueta
1611 684 1798 727 cogitandae
1834 689 1920 714 sunt.

128 757 331 788 Camelorum
361 757 502 796 mugitus
529 763 597 783 cum
625 752 740 782 tonitru
766 749 940 789 comparari
968 752 1086 787 potest.
1142 747 1280 777 Verbum
1305 743 1373 793 σὲ
1398 747 1522 777 nonnisi
1549 747 1792 787 comparationis
1823 745 1921 775 causa

130 820 280 850 adhibuit.
335 818 438 848 Maior
465 815 658 846 scholiorum
686 822 761 852 pars
789 811 827 842 ad
855 820 986 841 versum
1014 809 1191 840 secundum
1219 815 1356 849 spectat.

126 893 158 921 4.
202 891 333 921 Summa
353 889 486 926 sasliqia
509 886 598 916 albae
621 885 713 914 nubis
732 885 865 923 fasliyz'a
889 884 1002 911 montis
1024 881 1157 911 Lobmm
1181 882 1375 920 lonyilmle'ne
1398 884 1428 910 et
1446 881 1611 911 latitudine
1633 889 1704 909 esse
1730 881 1919 910 videbantur.

227 960 375 990 Summas
400 961 508 996 partes
528 956 620 986 nubis
639 954 718 985 albis
737 962 808 983 cum
830 951 970 992 fastigiis
990 951 1100 981 Libani
1117 955 1293 991 comparat,
1321 960 1392 981 nam
1407 950 1540 980 Kamusi
1568 954 1680 980 auctor
1708 954 1740 979 et
1758 948 1916 980 Abulfeda

129 1021 235 1061 (pstbx)
253 1020 384 1049 Lobnan
401 1018 516 1048 montis
536 1017 565 1046 in
581 1017 678 1056 Syria
704 1016 758 1047 siti
776 1024 889 1045 nomen
906 1023 982 1044 esse
1009 1013 1106 1052 dixit3
1134 1013 1204 1053 sed,
1232 1023 1328 1053 quum
1356 1013 1459 1053 regie,
1487 1021 1579 1051 quam
1607 1011 1783 1052 gens'Phai,
1812 1021 1830 1040 e
1856 1020 1918 1050 qua

130 1087 240 1113 auctor
256 1080 403 1111 carminis
420 1078 570 1109 oriundus
598 1083 678 1117 erat,
707 1077 849 1117 incoluit,
878 1076 1036 1105 montibus
1054 1076 1126 1105 altis
1155 1076 1281 1115 impleta
1309 1080 1411 1116 esset,
1438 1075 1546 1104 mirum
1574 1075 1675 1104 videri
1703 1078 1822 1113 potest,
1838 1073 1922 1112 quod

127 1145 238 1176 Libani
264 1147 360 1183 poeta
389 1142 580 1171 mentionem
608 1140 731 1170 fecerit.
777 1139 821 1168 At
848 1148 926 1169 vero
951 1143 1021 1179 post
1048 1139 1302 1169 Mohammedem
1331 1148 1477 1179 maguam
1504 1142 1625 1177 partem
1654 1137 1757 1177 gentis
1783 1136 1862 1165 Thai
1889 1137 1920 1165 in

131 1207 229 1247 Syria
255 1205 351 1235 sedes
378 1204 532 1234 habuisse
561 1203 692 1233 scimus.
744 1202 846 1232 Vocis
863 1214 964 1246 duwe,
1001 1201 1040 1230 de
1075 1210 1136 1240 qua
1171 1200 1394 1241 lexicographi
1421 1200 1633 1238 dissentiunt,
1674 1198 1867 1239 significatio
1894 1207 1922 1227 si

127 1269 218 1300 nubis
245 1268 337 1298 albae
364 1271 435 1307 est,
460 1266 576 1295 nivosa
612 1265 724 1295 montis
752 1264 863 1294 Libani
891 1264 1023 1305 fastigia
1049 1268 1160 1293 auctor
1195 1263 1357 1301 respicere
1390 1267 1508 1302 potest.
1561 1262 1635 1292 Vox
1663 1259 1807 1314 ἐκῲὶμῐ,
1842 1268 1921 1300 quae

133 1339 276 1361 summas
308 1331 417 1369 partes
444 1329 558 1357 montis
585 1327 797 1364 arborumque
824 1326 991 1367 designat,
1026 1327 1057 1355 in
1088 1325 1189 1354 nubes
1216 1325 1371 1354 translata
1397 1328 1456 1353 est.
1509 1323 1558 1353 De
1584 1322 1712 1362 Sacyus
1740 1322 1824 1352 nullo
1852 1322 1921 1352 dis-

134 1393 262 1423 crimine
288 1391 348 1422 nisi
367 1398 576 1430 personarum
598 1389 723 1418 ratione
746 1388 957 1427 praeditarum
985 1387 1069 1417 sacto
1098 1386 1185 1425 dicit,
1212 1387 1314 1416 rarius
1342 1385 1490 1425 coniungi
1518 1395 1589 1414 oum
1616 1384 1728 1423 plurali
1755 1382 1920 1424 irregulari

130 1454 282 1494 pluralem
310 1452 439 1493 generis
466 1450 605 1480 feminini
633 1449 740 1479 conf.
770 1449 881 1480 Gram.
909 1450 966 1479 Ar.
994 1450 1031 1479 Τ.
1058 1450 1087 1478 11
1113 1460 1142 1489 p.
1172 1449 1254 1479 265.
1305 1448 1506 1479 scholiastes
1535 1452 1641 1477 autem
1667 1447 1819 1487 pluralem
1846 1442 1919 1486 godi

129 1526 148 1546 a
175 1514 329 1556 singulari
357 1513 494 1543 feminini
522 1512 652 1553 generis
681 1509 763 1548 [stiffi
791 1512 971 1542 derivatum
998 1522 1065 1543 cum
1093 1511 1204 1552 plurali
1234 1508 1382 1564 &stab-ll
1420 1521 1437 1541 a
1463 1510 1616 1551 singulari
1638 1507 1763 1563 Ziffil
1791 1508 1919 1551 generis

128 1576 304 1617 masculini,
333 1574 417 1615 quod
444 1579 506 1604 tam
535 1575 563 1603 in
593 1574 700 1613 paucis
729 1583 818 1612 quam
843 1574 873 1603 in
900 1574 1006 1604 multis
1033 1574 1230 1614 adhibeatur,
1257 1576 1403 1616 coniungi
1432 1584 1526 1615 posse
1553 1574 1638 1607 dicit,
1680 1575 1716 1604 Si
1744 1574 1814 1604 eius
1840 1582 1919 1602 sen-

130 1639 259 1669 tentiam
287 1647 348 1667 non
378 1636 460 1666 clare
487 1636 611 1675 quidem
640 1637 794 1675 prolatam
821 1639 909 1666 recte
935 1636 1089 1678 intelligo,
1118 1638 1183 1667 tale
1207 1637 1376 1668 discrimen
1403 1637 1533 1667 statuit:
1561 1636 1764 1666 Adiectivum
1789 1635 1919 1676 generis

125 1702 264 1733 feminini
284 1698 400 1744 (Lfflxll)
421 1709 492 1730 cum
511 1700 621 1738 plurali
649 1700 826 1740 irregulari,
853 1700 902 1738 qui
922 1702 1047 1730 nonnisi
1066 1710 1185 1739 paucas
1205 1708 1267 1740 res5
1296 1704 1362 1729 tres
1382 1699 1515 1739 scilicet,
1545 1707 1606 1727 non
1629 1697 1738 1737 plures
1758 1697 1918 1739 designet,

127 1764 285 1803 coniungi.
322 1762 458 1793 Pluralis
478 1767 583 1791 autem
612 1771 630 1791 a
658 1762 813 1802 singulari
840 1762 970 1803 generis
997 1761 1135 1791 feminini
1160 1762 1325 1792 derivatus
1352 1762 1403 1799 sit,
1432 1770 1571 1791 necesse
1598 1770 1697 1802 esse3
1725 1765 1758 1791 at
1784 1770 1863 1790 vero
1890 1761 1918 1790 si

134 1827 174 1857 de
200 1826 366 1865 pluribus,
404 1833 493 1863 quam
522 1823 560 1852 de
590 1823 689 1852 tribus
716 1832 820 1852 sermo
847 1824 912 1864 sit,
949 1824 1017 1861 (est
1045 1825 1126 1854 enim
1154 1825 1234 1854 inter
1260 1824 1400 1863 plurales
1428 1824 1623 1864 irregulares
1647 1823 1712 1853 tale
1738 1822 1919 1863 discrimen,

134 1893 169 1918 ut
206 1889 258 1918 alii
285 1887 408 1916 nonnisi
439 1891 531 1926 tres,
567 1886 614 1914 alii
649 1886 757 1923 plures
785 1884 974 1925 designent)
1009 1886 1163 1924 pluralem
1196 1886 1347 1916 adiectivi
1383 1896 1400 1916 a
1431 1885 1585 1926 singulari
1616 1885 1746 1927 generis
1782 1885 1918 1915 feminini

126 1950 303 1980 derivatum
337 1958 408 1979 cum
442 1948 551 1988 plurali
580 1947 745 1988 irregulari
780 1957 798 1977 a
831 1947 986 1988 singulari
1014 1949 1144 1989 generis
1172 1949 1334 1979 masculini
1363 1954 1432 1978 orto
1471 1951 1621 1990 coniungi
1648 1949 1756 1981 licere.
1808 1949 1918 1979 Voces

125 2012 347 2053 longitudi
363 2022 410 2041 ne
436 2016 473 2041 et
500 2010 743 2040 latitudine
770 2013 878 2040 auctor
905 2010 1024 2040 addidit
1050 2011 1305 2052 significaturuS,
1321 2011 1432 2041 nubem
1453 2011 1555 2041 albam
1572 2011 1726 2040 montibus
1745 2010 1807 2040 illis
1834 2010 1918 2040 omni

128 2084 170 2104 ex
201 2078 291 2113 parte
318 2073 451 2103 similem
477 2082 561 2102 esse.

122 2171 155 2200 5.
185 2170 268 2200 Eius
283 2170 380 2198 nubes
392 2178 462 2198 cum
473 2171 571 2197 centis
583 2169 864 2198 Hudhramaulicis
874 2180 932 2206 per
942 2172 1073 2208 effusum
1085 2172 1210 2200 imbrem
1223 2175 1443 2208 separatarum
1453 2173 1580 2201 nubium
1592 2182 1763 2210 parvarum
1772 2171 1918 2201 certabat.

128 2225 161 2254 6.
206 2224 330 2253 Puram
355 2232 478 2260 aquam,
501 2231 581 2259 quae
599 2224 660 2258 ipse·
678 2225 754 2255 erat,
777 2226 850 2259 pos!
871 2233 904 2251 se
926 2225 1128 2262 relinquebat,
1154 2228 1183 2253 si
1203 2236 1305 2264 aquae
1325 2236 1441 2263 purum
1462 2227 1539 2264 quid
1558 2230 1614 2256 est.

226 2293 259 2321 ln
287 2291 390 2331 priore
417 2299 518 2320 versu
544 2289 644 2319 nubes
673 2289 739 2319 illas
767 2291 856 2328 quasi
884 2300 955 2322 cum
982 2294 1087 2322 ventis
1115 2298 1278 2325 certantes
1306 2295 1469 2333 describit,
1495 2295 1567 2325 dum
1589 2295 1718 2325 imbrem
1739 2293 1913 2324 effundunt.

125 2355 223 2385 Venti
251 2355 332 2384 enim
360 2353 461 2382 nubes
490 2353 647 2383 abducere
673 2353 803 2393 volunt,
828 2354 928 2383 nubes
957 2360 1059 2384 autem
1088 2365 1147 2393 eo,
1175 2356 1258 2394 quod
1287 2356 1415 2386 imbrem
1442 2356 1627 2397 effundunt,
1655 2367 1673 2386 e
1695 2356 1826 2396 regione
1852 2363 1913 2384 non

124 2418 280 2448 abeuntes
308 2417 414 2446 ventis
442 2426 477 2446 se
511 2420 684 2455 opponunt.
732 2415 822 2444 Initio
850 2416 1051 2455 tempestatis
1079 2417 1180 2447 nubes
1207 2422 1305 2447 vento
1334 2418 1460 2448 obviam
1490 2418 1564 2448 oriri
1590 2419 1733 2457 scimus3
1770 2416 1829 2446 sed
1856 2415 1914 2449 hac

124 2480 162 2510 de
191 2490 224 2509 re
250 2489 342 2518 quum
372 2479 495 2508 nonnisi
523 2478 620 2516 initio,
649 2486 709 2516 quo
735 2477 832 2506 imber
859 2477 992 2507 nondum
1021 2478 1203 2516 effunditur,
1231 2480 1298 2521 fiat,
1326 2490 1432 2511 sermo
1455 2490 1531 2511 esse
1559 2490 1622 2510 non
1645 2483 1761 2519 potest.
1813 2479 1914 2508 Poeta

122 2550 214 2580 quum
243 2547 358 2571 ventos
377 2541 668 2571 Hadhramauticos
700 2540 921 2581 adpellaverit,
949 2541 1058 2570 mirum
1085 2547 1145 2581 est,
1173 2541 1254 2581 quod
1283 2543 1468 2572 Mersukius
1499 2541 1538 2572 de
1568 2541 1698 2582 regione
1716 2539 1914 2570 Hadraruaut
