2155 2892
886 178 1157 207 —579—

125 271 214 312 6⁴2⁹
248 269 274 309 ζ),
309 277 383 302 sunt
426 282 482 313 pro
513 272 602 314 &lp
637 270 720 319 0020
753 272 779 311 g
821 275 908 304 »loco
944 276 1090 306 desiderii
1120 279 1215 306 mei«.
1281 277 1368 307 Voce
1402 286 1508 313 Q
1543 280 1739 308 inclinantem
1767 284 1798 309 et
1825 280 1917 310 simul

125 335 285 366 timentem
314 337 487 379 designari,
515 344 549 369 ut
575 348 640 368 vox
667 339 706 369 do
736 339 802 367 neo
831 338 970 367 adhiberi
1001 348 1060 368 non
1089 339 1201 377 possit,
1228 339 1421 369 scholiastes
1451 340 1625 369 adnotavit.

126 432 158 460 3.
201 432 279 462 Sine
301 444 358 467 me,
384 443 457 464 ηαηι
477 445 533 472 eqo
553 444 729 472 qenerosus
752 447 839 469 sum,
867 446 956 474 quem
978 437 1206 466 rict'ssitwlith
1229 439 1386 472 [constan-is,
1409 447 1542 474 quarum
1567 438 1731 467 calamitas·
1754 441 1783 467 ei
1803 449 1918 475 snper-

749 493 831 518 wnit
857 494 887 518 et
910 492 1013 528 assicia
1037 492 1124 520 curis
1147 492 1298 528 inwlent!

214 556 260 587 Se
286 567 480 598 generosum
509 558 669 595 describit,
697 560 748 597 qui
776 559 889 589 ollii-iis
918 560 976 598 ipsi
1004 570 1021 590 a
1049 561 1322 591 vicissitudinibus
1355 563 1504 600 temporis
1534 563 1691 601 impositis
1720 562 1914 592 satisfacere

125 620 250 650 debeat.
278 620 364 650 hoco
392 620 562 650 verborum
589 617 656 654 3⁶²5
680 620 719 660 ΣΕ)
747 621 863 661 legitur
891 618 961 658 §952
987 621 1037 662 ,ᾗ
1066 623 1155 652 cuius
1185 623 1309 663 legendi
1340 623 1420 652 modi
1451 624 1478 652 in
1508 623 1696 662 explicando
1724 624 1916 654 scholiastes

124 683 277 712 rationem
306 683 422 712 habuit.
478 683 640 722 l’anpcrcs
670 683 873 723 hospitesque
901 687 930 714 ei
959 686 1094 714 familiae
1123 686 1191 715 loco
1222 696 1311 720 csse,
1346 690 1377 715 ul
1405 685 1621 721 calamitates,
1648 685 1761 724 quibus
1789 685 1828 714 illi
1857 685 1915 715 ad-

123 744 286 783 fligantur,
314 745 416 783 ipsum
445 745 530 774 curis
561 745 716 784 impleant.
770 746 815 776 Se
851 747 911 776 illis
940 747 1159 776 benefaciendi
1187 747 1309 776 modum
1334 750 1481 777 omittere
1510 757 1570 776 non
1598 756 1708 786 posse.
1773 749 1808 777 Si
1836 747 1915 777 alter

123 805 250 846 legendi
278 806 388 836 modus
417 807 605 846 praefertur,
634 809 837 848 generositas
866 809 958 838 animi
986 810 1045 848 ipsi
1075 812 1202 848 propria
1232 810 1311 839 istas
1339 819 1432 839 curas
1461 810 1629 848 officiaque
1658 810 1793 848 imponit,
1822 819 1916 848 quum

123 867 173 897 alii
209 869 440 898 calamitatibus
473 868 674 909 adlliguntur.
739 870 817 899 Post
852 871 982 900 verbum
1016 872 1118 916 02:th
1147 871 1300 901 suffixum
1331 872 1449 910 primae
1478 880 1635 910 personae
1661 871 1816 901 omissum
1851 876 1912 901 est.

122 931 278 962 Damnum
305 942 347 962 ex
374 933 506 962 aliorum
533 932 764 962 calamitatibus
793 933 936 973 percipit,
964 932 1080 971 quippe
1108 933 1220 971 quibus
1249 933 1400 962 auxilium
1429 932 1592 962 serendum
1621 934 1672 962 sit.

122 1029 154 1058 4.
199 1027 336 1064 Qm'h'bet
355 1039 529 1066 qenerosus
555 1032 809 1067 vituperationem
833 1031 869 1059 ob
892 1031 1134 1066 hospitalitatem
1161 1034 1261 1064 cut-el,
1297 1033 1328 1058 et
1349 1031 1445 1068 officii
1464 1031 1545 1057 iulet·
1564 1030 1677 1066 probos
1700 1031 1748 1058 viu
1772 1032 1827 1063 est,
1853 1030 1916 1067 qud

943 1084 1101 1111 incedunt.

221 1150 293 1189 Quo
319 1153 451 1190 quisque
477 1151 665 1191 generosior
691 1156 755 1192 est,
780 1161 818 1181 eo
846 1151 946 1191 magis
978 1151 1205 1190 hospitalitatis
1235 1152 1339 1182 officia
1366 1153 1534 1192 negligere
1563 1153 1663 1192 timet,
1685 1162 1756 1182 nam
1785 1154 1916 1190 vitupe-

122 1216 276 1244 rationem
303 1214 374 1243 inde
401 1218 500 1243 ortam
528 1214 653 1243 evitare
680 1217 777 1254 cupit.
832 1214 995 1244 Posterior
1024 1224 1141 1244 versus
1171 1214 1347 1255 significat,
1375 1215 1491 1252 probos
1521 1212 1617 1242 officii
1646 1216 1731 1243 viam
1757 1222 1857 1242 nosse
1883 1217 1916 1242 et

120 1277 150 1306 in
178 1286 216 1306 ea
242 1276 398 1307 incedere.
462 1277 528 1307 Sed
554 1275 672 1307 ῥωέω
701 1286 826 1316 quoque
853 1278 988 1317 legitur,
1014 1281 1048 1307 ut
1074 1286 1191 1306 sensus
1219 1276 1281 1305 sit:
1318 1276 1435 1315 probos
1463 1276 1492 1304 in
1519 1276 1572 1305 via
1599 1275 1758 1316 incedere,
1787 1284 1848 1314 qua
1873 1273 1913 1303 ad

122 1338 247 1368 taudem
275 1340 473 1378 perveniant.
525 1340 559 1369 lu
588 1339 798 1370 Rasmusseni
826 1340 985 1370 Additum.
1014 1350 1042 1379 p.
1071 1341 1108 1368 t”v
1136 1339 1204 1369 loco
1232 1339 1322 1369 vocis
1340 1336 1447 1371 vii-§xli
1474 1339 1590 1379 legitur
1610 1336 1716 1385 >43³5

121 1447 154 1476 5.
198 1447 263 1476 Per
296 1448 390 1475 vitam
423 1447 532 1476 tuam!
562 1448 671 1476 incolis
706 1449 851 1484 reyiones
887 1450 980 1477 nimis
1014 1451 1170 1485 anquslue
1203 1456 1266 1476 mm
1304 1451 1398 1485 εςιιηί,ι
1432 1449 1490 1477 sed
1524 1449 1660 1476 virorum
1693 1449 1792 1476 animi
1823 1447 1916 1475 nimis

903 1505 1033 1540 anqusti
1052 1506 1135 1533 sunt,

241 1570 408 1612 Regiones
442 1571 554 1601 incolis
591 1572 659 1601 suis
697 1572 789 1601 nimis
829 1576 1007 1612 augustas,
1042 1576 1073 1602 ut
1107 1574 1255 1603 aimcnta
1292 1582 1354 1601 non
1388 1573 1562 1610 inveniant,
1591 1580 1651 1601 non
1678 1580 1774 1609 esse3
1801 1568 1860 1599 sed
1887 1568 1915 1598 si

120 1639 254 1676 egentes
282 1635 461 1676 exsistant,
490 1644 619 1664 causam
647 1634 676 1664 in
705 1644 743 1664 eo
771 1635 868 1675 cerni,
895 1633 980 1675 quod
1008 1635 1067 1664 viri
1095 1635 1183 1665 nimis
1212 1635 1301 1665 avari
1329 1634 1403 1672 siut,
1430 1643 1524 1674 quam
1553 1639 1587 1663 ut
1615 1641 1724 1662 eorum
1753 1631 1913 1671 penuriam

119 1696 242 1729 tollant.

963 1819 1078 1852 121¹.
1698 1813 1762 1857 (p.
1788 1812 1912 1856 223.)

683 1884 903 1917 (Mn-wal!
935 1886 974 1919 b.
998 1885 1200 1918 Atward
1224 1883 1362 1916 «lixit.

870 1956 992 1993 (conf.
1029 1967 1058 1996 p.
1088 1958 1159 1995 ἣν.)

121 2026 150 2054 1.
201 2026 257 2054 Vir
279 2035 335 2062 eqo
366 2035 454 2061 ειιηι,
485 2027 577 2054 cuius
604 2035 660 2053 ras
687 2025 798 2062 plures
831 2027 971 2064 beneficii
998 2037 1095 2057 causa
1127 2029 1260 2064 adetum·
1292 2029 1349 2057 sed
1378 2031 1411 2056 tu
1437 2029 1485 2056 vir
1515 2037 1565 2062 es,
1588 2027 1681 2055 cuius
1705 2035 1759 2054 tas
1784 2027 1914 2053 nonnisi

918 2090 1002 2109 wms
1035 2082 1110 2109 adit.

233 2150 332 2179 Suam
361 2148 478 2190 agendi
514 2148 666 2178 rationem
695 2149 789 2178 alteri
817 2150 994 2188 oppositam
1024 2150 1142 2180 laudat.
1209 2149 1410 2179 Scholiastes
1437 2148 1535 2178 verbo
1567 2146 1614 2176 lit:
1641 2147 1827 2177 beneficium
1858 2157 1916 2187 pe-

121 2211 206 2241 tendi
231 2210 495 2251 significationem
537 2211 679 2240 tribuens
708 2216 850 2250 quartam
880 2210 1012 2241 formam
1041 2209 1099 2240 [ἀεὶ
1127 2221 1196 2242 cum
1225 2216 1337 2250 quarta
1372 2210 1472 2240 forma
1509 2206 1600 2248 qul-223
1630 2210 1772 2248 confert,
1800 2212 1915 2248 quippe

119 2273 230 2311 quibus
258 2271 444 2302 beneficium
472 2276 526 2301 aut
553 2281 614 2302 rem
642 2273 772 2312 petitam
801 2272 894 2302 dandi
921 2273 1111 2314 significatio
1138 2274 1187 2304 sit.
1242 2273 1326 2303 Voci
1354 2270 1435 2314 Χίῳ
1461 2269 1633 2314 (societas)
1656 2272 1716 2301 hoc
1744 2271 1774 2300 in
1803 2280 1914 2310 versu,

118 2343 212 2373 quum
241 2335 312 2364 voci
337 2337 428 2373 0⁸²⁸:
457 2335 604 2373 opposita
631 2335 688 2374 sit,
716 2344 855 2364 necesse
882 2340 945 2365 est.
1010 2336 1132 2366 Vocem
1167 2331 1258 2373 3952,
1294 2344 1375 2373 quae
1402 2334 1505 2363 avium
1534 2333 1690 2371 rapacium
1718 2337 1750 2361 et
1778 2331 1914 2361 serarum

118 2396 387 2438 significationem
415 2396 549 2436 habeat,
589 2406 658 2427 cum
695 2397 820 2436 petendi
857 2397 1092 2439 significatione
1120 2396 1314 2437 cohaerere,
1343 2396 1536 2426 scholiastes
1563 2395 1642 2425 dixit
1670 2401 1702 2425 et
1729 2401 1915 2434 sequentem

117 2468 249 2489 versum
277 2459 441 2489 adnotavit
468 2460 574 2496 (metr.
591 2459 808 2497 Motakarib):
836 2460 962 2490 Nobis
990 2460 1230 2490 honoratus
1258 2462 1340 2499 est,
1366 2464 1407 2488 et
1434 2466 1550 2496 quam
1579 2457 1714 2487 bonus
1742 2458 1804 2487 vir
1831 2456 1912 2488 est!

118 2519 168 2550 ad
194 2525 253 2558 te,
279 2530 298 2550 ο
325 2516 521 2551 Ahmrue!
551 2520 711 2550 victum
739 2524 938 2559 petentes
968 2522 1155 2551 veniunt.
1208 2522 1270 2551 Alii
1298 2530 1381 2550 voce
1410 2517 1515 2557 'meh-Sl
1546 2528 1626 2548 aves
1654 2529 1787 2558 rapaces
1809 2520 1916 2550 feras-

117 2591 196 2620 que,
231 2582 282 2612 alii
311 2583 414 2622 ipsum
443 2583 613 2612 visitantes
640 2583 812 2621 significari
842 2584 1049 2614 contendunt.
1077 2584 1215 2613 Similem
1234 2592 1363 2613 sensum
1394 2580 1589 2613 scholiastes
1620 2584 1649 2610 in
1677 2591 1773 2612 versu
1794 2583 1916 2613 llatimi

117 2643 239 2673 invenit
265 2644 373 2682 (metr.
401 2644 551 2683 Basith):
587 2644 759 2675 Avarus
792 2646 898 2676 viam
937 2655 1050 2686 opum
1086 2655 1200 2690 una-m
1228 2654 1331 2675 esse
1359 2644 1502 2683 videt3
1531 2644 1743 2674 liberalis
1776 2650 1918 2676 autem
