2155 2892
926 139 1189 169 —151—

167 247 334 278 personae,
363 238 445 278 quod
471 248 543 269 cum
570 239 806 278 praepositione
831 234 901 282 ,ἃμ-ε
927 236 1138 275 construitur,
1174 239 1328 268 omissum
1355 243 1415 268 est.
1469 239 1609 270 verbum
1636 244 1740 270 autem
1769 239 1832 270 luxi:
1857 241 1945 270 verbi

163 301 250 338 *ab-ol
263 323 273 341 7
288 301 369 340 quod
389 301 583 331 scholiastes
602 298 779 338 explicandi
799 308 896 328 causa
912 297 1087 334 adnotavit,
1106 298 1374 338 significationem
1390 310 1446 339 per
1468 311 1505 330 se
1521 311 1581 331 non
1599 301 1711 343 liabet3
1739 302 1795 333 sed
1810 304 1945 343 nonnisi,

163 373 257 404 quum
285 373 369 394 mors
397 365 464 394 eius
488 363 663 394 subiectum
689 366 751 401 est,
779 361 850 390 talis
878 360 1064 401 significatio
1092 369 1161 390 cum
1189 370 1228 390 eo
1247 362 1414 392 coniuncta
1431 364 1563 403 cogitari
1582 370 1699 403 potest.
1717 360 1785 402 (p.
1809 360 1944 403 416.)

163 426 255 456 Voce
281 423 370 472 6261ss
396 434 466 456 eum
496 429 644 462 tanquam
671 423 772 453 virum
799 422 973 461 perfectum
1001 421 1162 452 describit.

164 537 194 566 2.
225 535 302 568 Viri,
327 536 418 563 ctu'us
440 535 558 561 amicus
580 533 612 560 in
637 531 714 560 colle
736 531 837 560 locum
861 530 998 561 habebat.
1042 531 1091 560 Eo
1113 535 1232 561 mortuo
1257 534 1351 562 amici
1372 535 1403 561 in
1427 533 1492 562 loco
1517 534 1664 571 depresso
1687 535 1877 566 habitarunt.

260 602 457 633 Scholiastes
478 600 636 640 duplicem
663 599 842 639 explicandi
870 600 990 630 modum
1020 601 1196 641 proposuit,
1225 611 1331 642 unum,
1359 612 1421 642 quo
1449 603 1520 632 loco
1551 604 1634 633 elato
1664 606 1805 644 potentia
1829 611 1862 635 et
1887 616 1944 636 se·-

165 667 297 704 curitas,
323 664 415 703 alter,
443 673 505 704 quo
540 663 741 702 hospitalitas
775 661 981 702 significatur.
1042 664 1138 693 Mons
1174 665 1347 703 potentiam
1387 670 1419 695 ct
1455 666 1586 696 tutelam
1621 667 1712 697 Ham.
1740 677 1769 706 p.
1800 671 1824 697 ot
1851 678 1880 697 v.
1915 670 1943 698 1.

161 738 190 768 p.
219 726 255 757 tt?
281 737 313 757 v.
343 728 387 766 4.,
417 736 474 756 nec
496 736 555 756 non
575 726 724 755 honorem
745 725 836 754 [lain.
852 734 881 764 p.
899 728 934 753 310
948 734 979 754 v.
996 725 1025 755 1.
1053 725 1212 766 designat.
1265 726 1372 756 Locus
1401 728 1486 757 altus
1514 731 1686 767 potentiam
1713 734 1745 759 et
1773 729 1943 770 fortunam,

162 791 249 821 locus
279 789 454 828 depressus
482 788 680 818 infortunium
708 788 857 829 designat
886 797 929 818 co
943 788 989 818 ns.
1018 789 1108 819 Ham.
1138 798 1167 828 p.
1195 787 1229 818 1¹²³
1258 799 1289 818 v.
1319 790 1350 819 4.
1404 789 1464 828 Qui
1493 791 1522 820 iu
1550 791 1620 821 loco
1647 792 1710 822 alto
1738 792 1879 834 habitat,
1916 794 1943 822 is

161 851 313 881 defensus
341 855 391 880 est
418 850 510 878 llam.
539 859 567 888 p.
597 848 636 878 ⁸1²5
665 860 695 878 v.
724 849 755 880 3.
808 850 863 881 Sic
891 851 988 892 igitur
1015 852 1044 881 in
1070 860 1169 881 versu
1195 856 1305 881 nostro
1331 857 1426 892 poeta
1445 854 1629 894 siguificare
1649 860 1767 895 potest,
1798 856 1944 886 clientem

161 912 293 941 vix-ente
319 912 372 941 illo
400 916 563 950 potentem
590 914 620 940 et
647 911 833 941 honoratum
861 913 982 953 fuisse,
1010 919 1134 943 mortuo
1161 920 1267 944 autern
1303 914 1503 954 depressum.
1558 916 1679 946 Vocem
1707 918 1802 955 w
1828 915 1943 960 (loeus,

159 977 210 1006 ubi
238 974 307 1004 fluit
326 984 419 1014 aqua.
447 974 498 1013 qui
518 979 550 1004 et
576 973 664 1004 locus
683 976 788 1004 elatus
808 985 882 1005 esse
902 978 1028 1015 potest)
1055 977 1160 1016 potius
1180 982 1213 1007 ut
1232 977 1481 1009 homoioteleuto
1505 980 1689 1018 satisfieret,
1715 990 1807 1020 quam
1826 990 1942 1013 sensus

161 1047 260 1069 causa
277 1038 348 1067 voci
367 1034 435 1076 '655‘
455 1040 546 1075 pocta
565 1038 759 1076 opposuisse
786 1039 921 1070 videtur.
949 1038 1150 1069 Scltoliastae
1179 1048 1241 1069 non
1267 1039 1441 1078 adsentior,
1467 1043 1519 1079 qui
1546 1047 1656 1080 putat,
1685 1048 1811 1081 poetam
1840 1043 1942 1074 locum

159 1101 330 1141 designare
357 1099 514 1139 voluisse,
543 1100 594 1129 ubi
621 1100 767 1131 clientem
794 1106 919 1131 torrens
947 1102 1094 1141 perderet
1120 1100 1225 1133 cons.
1249 1101 1330 1131 Ham
1370 1111 1400 1140 p.
1429 1100 1481 1130 fist·
1506 1112 1539 1132 v.
1570 1103 1599 1132 1.
1636 1104 1727 1134 Alter
1753 1109 1857 1135 autem
1881 1115 1944 1136 ex-

159 1162 291 1202 plicandi
319 1162 431 1193 modus
456 1163 563 1193 verbis
589 1164 692 1193 minus
719 1165 876 1195 convenit.
931 1164 1054 1195 Arabes
1083 1162 1222 1204 quidem,
1248 1167 1283 1193 ut
1310 1163 1453 1203 hospites
1471 1169 1565 1195 noctu
1584 1166 1794 1208 allicerentur,
1822 1170 1851 1198 in
1871 1168 1942 1198 loco

158 1226 242 1256 elato
264 1228 371 1266 ignem
398 1225 572 1255 accendere
599 1226 746 1256 solebant
772 1227 878 1257 conf.
906 1227 998 1257 Ham.
1027 1235 1056 1265 p.
1084 1227 1183 1269 ol'flv.
1213 1223 1244 1255 3.
1274 1235 1303 1265 p.
1318 1226 1359 1255 ‘15⁴1
1377 1235 1409 1254 v.
1429 1226 1458 1256 1.
1474 1231 1506 1256 et
1522 1226 1634 1257 Reisk.
1649 1227 1687 1258 ad
1700 1228 1804 1258 Taras.
1821 1238 1849 1268 p.
1864 1230 1940 1271 45.;

160 1288 190 1317 in
229 1298 327 1318 versu
364 1293 468 1318 autem
505 1297 566 1317 non
607 1288 646 1318 de
685 1289 759 1329 igne
798 1289 827 1319 in
867 1290 935 1319 loco
972 1290 1057 1319 elato
1083 1296 1237 1327 accenso;
1272 1287 1331 1317 sed
1358 1287 1397 1318 de
1424 1289 1512 1328 viro,
1548 1289 1600 1328 qui
1633 1289 1701 1320 loco
1735 1290 1798 1320 alto
1831 1291 1942 1322 sedem

157 1351 264 1391 habet,
289 1360 390 1380 sermo
418 1357 478 1380 est.
533 1351 594 1389 Qui
620 1358 723 1381 autem
751 1352 821 1382 huic
850 1351 1075 1391 interpretandi
1102 1350 1193 1381 modo
1220 1351 1400 1389 assentitur,
1427 1350 1510 1391 dicit,
1538 1352 1671 1382 clientes
1700 1358 1795 1384 antea
1819 1356 1851 1384 in
1877 1354 1943 1384 alto

157 1416 226 1446 loco
253 1413 445 1453 habitantes,
474 1420 507 1444 ut
535 1415 573 1444 ab
601 1414 779 1454 hospitibus
806 1418 1078 1454 conspicerentur,
1118 1415 1169 1443 illo
1202 1414 1271 1443 viro
1305 1419 1429 1444 mortuo
1465 1414 1504 1444 ad
1543 1418 1760 1454 paupertatem
1793 1415 1942 1446 redactos

156 1480 187 1508 in
215 1478 292 1507 locis
319 1477 483 1516 depressis
509 1487 547 1508 se
573 1478 764 1519 occultasse,
791 1488 830 1507 ue
858 1479 1001 1517 hospites
1029 1477 1227 1508 advenirent.
1281 1478 1316 1506 111
1342 1476 1418 1507 locis
1447 1477 1540 1506 elatis
1567 1483 1672 1507 autem
1699 1477 1854 1508 neminem
1882 1479 1941 1507 nisi

157 1539 271 1570 fortem
298 1544 352 1569 aut
377 1549 571 1580 generosum
595 1540 750 1581 habitare,
778 1550 795 1570 e
822 1551 919 1570 versu
948 1546 1113 1580 sequente,
1143 1541 1190 1570 cui
1219 1545 1350 1570 metrum
1369 1539 1464 1570 Sarih
1483 1544 1546 1580 est,
1575 1542 1814 1581 cognoscimus:
1847 1540 1940 1581 »Ego

157 1601 327 1631 Horaitsus
354 1604 385 1631 et
410 1601 491 1632 filius
519 1601 756 1632 Saidi-Alchail
783 1612 864 1645 sum²
893 1613 909 1632 a
939 1603 1031 1633 cuius
1057 1602 1148 1632 domo
1175 1602 1285 1633 fluxus
1314 1603 1463 1632 torrentis
1492 1607 1706 1632 removetur.«

156 1710 189 1739 3.
211 1710 356 1747 Longum
379 1711 479 1748 ylodii
499 1711 633 1740 balleum
656 1712 814 1747 habentis,
841 1713 967 1743 robusti.
993 1715 1098 1751 qnasi,
1130 1722 1225 1751 quum
1248 1713 1291 1741 ad
1310 1713 1466 1741 aua-ilium
1489 1722 1560 1741 eum
1581 1722 1726 1748 vocares,
1759 1722 1829 1742 cum
1848 1716 1942 1750 yeme

899 1768 1045 1800 impelum
1065 1768 1201 1805 faceres.

259 1835 415 1864 Mortuum
442 1840 505 1864 tum
534 1835 573 1864 ob
601 1845 762 1874 proceram
789 1836 929 1875 corporis
958 1841 1129 1876 staturam,
1167 1841 1230 1866 tum
1257 1837 1296 1866 ob
1325 1837 1419 1867 robur
1456 1835 1572 1866 laudat.
1625 1835 1696 1874 Quo
1733 1836 1854 1876 longior
1890 1836 1940 1864 vir

158 1901 238 1936 erat,
266 1905 304 1926 eo
332 1896 474 1937 longiore
501 1896 596 1938 gladii
632 1898 736 1927 balteo
773 1898 927 1928 utebatur.
987 1900 1107 1940 Magna
1143 1904 1267 1929 statura
1301 1899 1459 1929 Arabibus
1497 1897 1579 1928 laudi
1615 1902 1682 1927 erat
1715 1897 1818 1927 conf.
1847 1898 1937 1928 Ham.

160 1969 189 1998 p.
217 1961 263 1989 wt*
289 1969 319 1989 v.
353 1959 400 1999 1.,
429 1969 529 1999 parva
557 1960 797 1999 vituperabatur
824 1961 926 1990 conf.
955 1962 1048 1993 Ham.
1076 1971 1105 2000 p.
1134 1962 1185 1990 ‘15⁸5
1214 1971 1245 1990 v.
1277 1962 1305 1991 l.
1333 1966 1365 1991 et
1392 1970 1421 2000 p.
1452 1959 1502 1989 ff‘t
1530 1969 1562 1989 v.
1590 1960 1621 1990 2.
1673 1960 1806 1989 Tantum
1833 1963 1939 1989 autem

159 2022 228 2052 eius
255 2022 348 2052 robur
373 2028 407 2052 et
433 2022 646 2052 fortitudinem
675 2022 787 2057 fuisse,
817 2028 851 2052 ut
876 2024 907 2052 in
934 2032 1041 2064 pugna
1066 2032 1182 2064 agmen
1208 2028 1370 2063 aequaret.
1399 2023 1473 2053 Vox
1502 2025 1582 2062 Α,
1606 2024 1732 2060 proprie
1760 2022 1789 2050 in
1817 2021 1941 2051 camelo

159 2083 297 2114 adhibita
323 2084 353 2113 in
380 2083 535 2114 hominem
564 2085 713 2114 translata
741 2090 801 2114 est.

159 2197 191 2225 4.
213 2196 276 2225 Est
297 2205 334 2223 ac
357 2197 386 2223 si
406 2204 490 2224 mors
509 2198 639 2233 optimos
662 2199 785 2225 nostros
805 2198 892 2233 petat
912 2195 982 2223 odio
1005 2203 1110 2223 eorum
1133 2194 1227 2223 ducta
1248 2197 1303 2223 au!
1323 2194 1438 2222 indicio
1460 2194 1604 2223 ducatur.

258 2263 349 2302 Quae
378 2263 467 2300 dixit,
495 2273 533 2294 ea
560 2273 665 2295 rerum
691 2270 821 2295 naturae
849 2269 1063 2294 consentanea
1089 2268 1172 2295 sunt.
1227 2263 1437 2293 Fortissimus
1465 2263 1597 2302 quisque
1618 2270 1711 2301 quum
1732 2262 1872 2300 periculo
1900 2270 1937 2290 se

158 2326 294 2356 maxime
321 2332 472 2366 exponat,
500 2335 561 2356 non
588 2331 694 2367 potest
722 2336 784 2356 non
811 2326 902 2366 fieri,
938 2331 974 2356 ut
1001 2335 1076 2365 prae
1103 2326 1173 2356 aliis
1201 2325 1365 2355 fortissimi
1392 2325 1584 2355 occidantur.
1638 2325 1706 2354 uos
1733 2324 1828 2364 igitur
1857 2331 1938 2352 mors

160 2397 236 2426 prae
263 2377 337 2418 aliis*
360 2388 431 2418 odio
459 2387 552 2418 ducta
579 2389 713 2427 petiisse
737 2395 792 2419 aut
817 2388 952 2428 quodam
979 2387 1137 2418 indicante
1164 2387 1329 2417 iuvenisse
1358 2386 1493 2415 videtur.
1560 2385 1676 2414 Eadem
1714 2384 1870 2414 sententia
1909 2383 1939 2412 in

159 2450 309 2480 31081181(-
337 2450 473 2480 Tarafae
502 2459 531 2478 v.
561 2449 616 2479 6-1.
646 2459 801 2489 expressa
828 2456 889 2480 est.
