2155 2892
174 120 187 126 ·
869 111 1139 142 -116—

125 220 203 246 erat.
257 215 387 244 Mortem
414 213 472 242 viri
504 211 682 241 liberalitati
710 211 769 250 ipsi
798 215 945 250 tanquam
982 221 1139 250 personae
1177 211 1362 251 amiuntiat5
1399 213 1432 240 ut
1467 219 1538 239 cum
1574 210 1751 240 hominibus
1789 212 1906 252 lugeat.

123 279 157 307 ln
197 277 374 316 posteriore
412 279 502 314 parte
543 274 633 304 modo
675 274 713 302 ab
757 274 916 303 Arabibus
955 271 1058 301 eatstan
1100 273 1260 312 appellato
1297 273 1443 313 loquendi
1483 272 1631 315 modum,
1668 282 1729 313 quo
1772 275 1908 316 incepit,

125 333 194 377 (1).
218 331 343 375 422.)
372 338 560 378 relinqueuS,
589 346 648 376 quo
676 339 780 378 magis
811 337 945 366 hominis
972 336 1093 366 iactura
1120 335 1158 365 ab
1185 335 1329 365 omuibus
1355 336 1532 374 sentiatur,
1558 335 1587 365 ei
1613 335 1748 366 similem
1774 337 1804 366 in
1827 337 1908 366 libe-

122 399 245 445 ralitate
272 409 333 430 non
360 401 520 430 exsistere
548 400 629 430 dicit.

121 497 152 525 2.
182 497 253 525 Viri
271 501 398 525 mortem
421 500 585 532 annunlio,
607 500 679 534 pos!
700 506 789 534 quem
813 500 898 525 lert-a
921 505 1033 534 aquam
1056 500 1268 524 remanentem
1291 505 1307 524 e
1329 495 1415 532 Iiyno
1438 497 1580 524 eoeswcit.

221 567 350 596 Terram
378 567 479 605 ipsam
508 571 609 596 morte
638 567 733 596 huius
761 566 819 595 viri
848 571 910 595 tam
940 570 1093 595 mutatam
1121 575 1208 606 esse,
1235 569 1268 595 ut
1296 567 1418 594 omnino
1446 565 1550 603 arida,
1577 565 1687 605 pluvia,
1714 565 1909 594 liberalitatis

120 628 204 659 haud
231 629 365 668 amplius
393 629 572 668 decidente,
600 629 759 659 humorem
787 638 829 658 ex
854 628 1020 658 arboribus
1048 628 1182 666 suxerit,
1212 637 1294 667 quae
1321 627 1393 657 inde
1420 628 1570 658 aruerint.

121 727 153 756 3.
176 725 288 755 Gloria
310 736 343 755 eo
366 723 531 765 [mortuo]
553 729 646 760 rupta
670 728 718 754 est
739 725 798 754 tali
815 726 912 759 modo,
938 728 974 753 ut
995 727 1063 754 eius
1083 726 1168 754 lalus
1190 727 1336 763 reparari
1356 734 1419 753 non
1439 727 1549 761 possit.

222 795 364 826 Gloriam
392 796 453 825 hoc
482 795 511 824 in
540 804 637 825 versu
672 804 740 824 cum
779 804 861 824 vase
897 803 1084 833 comparans
1112 795 1210 824 vcrbo
1238 791 1337 832 „last
1366 794 1498 833 (ruptus
1525 794 1601 834 fuit)
1630 799 1661 825 et
1687 805 1768 826 voce
1793 801 1912 835 093⁸..-

123 859 345 898 (obstructus)
374 868 453 888 usus
481 863 540 888 est.
594 858 696 895 Quum
723 858 772 887 vir
800 857 931 898 gloriam
958 856 1157 897 defenderet,
1186 861 1220 885 ut.
1246 866 1337 885 nemo
1365 867 1433 886 eam
1464 856 1637 886 diminuere
1657 863 1782 896 posset,
1811 863 1912 888 morte

122 921 206 950 illius
235 930 295 950 vas
324 921 448 961 gloriae
475 925 600 959 ruptum
628 930 703 950 esse
731 920 815 959 dicit,
844 923 876 949 et
902 929 998 959 quum
1027 923 1170 948 mortuus
1195 919 1224 948 in
1251 918 1350 948 vitam
1380 928 1441 948 non
1469 917 1590 956 redeat,
1619 918 1670 948 illa
1688 919 1809 959 gloriae
1828 928 1912 949 noxa

122 984 262 1023 reparari
289 993 350 1012 nou
380 986 497 1022 potest.
549 983 583 1012 ln
614 982 722 1012 codiee
749 992 814 1011 vox
843 980 908 1012 >24ss
937 986 998 1010 tarn
1026 990 1094 1011 cum
1122 980 1225 1010 vocali
1253 980 1356 1010 Fatha
1382 989 1472 1019 quam
1492 979 1648 1010 Dhamma
1675 981 1910 1020 pronunciatur.

123 1047 182 1076 Hic
208 1055 326 1076 versus
355 1055 425 1075 cum
454 1050 610 1084 sequente
638 1046 666 1074 in
696 1046 854 1074 Mersukii
881 1044 989 1074 codice
1019 1043 1230 1074 desideratur.

121 1145 153 1173 4.
176 1143 245 1173 Hoc
267 1145 365 1180 iqilur
387 1146 523 1180 tempore
544 1142 742 1170 liberalitatis
764 1143 874 1179 lapsus
897 1144 1022 1170 timetur
1045 1145 1075 1170 el
1096 1144 1248 1170 avaritiae
1269 1143 1403 1178 impetus
1427 1145 1536 1170 contra
1558 1142 1784 1170 liberalitatem.

222 1211 323 1250 Quum
350 1212 413 1241 iste
442 1213 491 1241 vir
520 1212 699 1242 liberalitati
728 1212 939 1241 vehementer
959 1221 1087 1250 operam
1113 1211 1215 1252 daret,
1244 1220 1313 1240 eam
1332 1211 1423 1249 quasi
1442 1211 1543 1241 tuitus
1563 1216 1625 1251 est,
1651 1216 1686 1240 ut
1706 1211 1769 1240 isto
1790 1216 1912 1241 mortuo

121 1274 292 1304 timendum
319 1275 382 1312 sit,
414 1284 453 1303 ne
481 1274 617 1303 avaritia
645 1273 865 1303 liberalitatem
893 1273 1010 1302 vincat.
1065 1273 1244 1302 Avaritiam
1272 1282 1344 1302 cum
1375 1273 1562 1303 liberalitate
1590 1278 1781 1314 pugnantem
1811 1274 1913 1303 fiuxit.

952 1369 1083 1402 Lxl.

493 1431 634 1467 uixit
655 1431 976 1465 Amul-Anah
1000 1432 1039 1465 b.
1062 1432 1295 1466 Alsobair
1317 1432 1541 1467 Asadita.

221 1506 380 1545 Tempore
407 1505 508 1535 Islami
538 1506 566 1534 in
596 1504 710 1544 oppido
746 1503 829 1533 Cufa
866 1503 1016 1534 educatus
1053 1504 1185 1535 Clialitis
1223 1505 1460 1545 Omajjadarum
1498 1505 1644 1536 addictus
1674 1510 1753 1537 erat.
1809 1506 1913 1544 Quum

122 1569 295 1598 Muzihbus
322 1569 351 1600 b.
380 1569 530 1598 Alsobair
557 1567 672 1607 oppido
701 1566 783 1597 Cura
812 1568 930 1605 potitus
959 1571 1061 1607 esset,
1089 1572 1205 1605 poetae
1233 1568 1362 1606 captivo
1392 1568 1560 1597 benefecit.
1617 1567 1708 1605 Quae
1736 1577 1786 1598 res
1815 1578 1914 1598 causa

124 1634 202 1671 erat,
231 1635 263 1661 ut
289 1636 386 1670 poeta
413 1641 484 1660 eum
511 1630 644 1660 laudans
672 1640 827 1669 nunquam
856 1630 894 1659 eb
923 1639 960 1658 eo
980 1629 1169 1670 discederet,
1197 1630 1298 1659 donec
1317 1629 1368 1660 ille
1388 1629 1597 1660 occideretur.
1652 1630 1753 1659 Poeta
1772 1635 1915 1669 tempore

124 1694 387 1724 Ahbd-Almalici
415 1695 443 1724 b.
471 1695 616 1723 Merwan
646 1694 728 1723 diem
756 1693 832 1722 obiit
860 1689 937 1735 (Ctt.
969 1691 1154 1734 Alaghau.)

125 1791 151 1819 1.
176 1791 351 1821 Calamisus
372 1791 519 1821 mulieres
538 1793 644 1827 yemis
667 1790 755 1833 Hal-(1
778 1793 939 1827 lanlopere
959 1790 1094 1827 adsta-it,
1120 1792 1155 1817 nt
1176 1791 1299 1817 omnino
1322 1791 1472 1818 atlom'lae
1494 1794 1609 1819 essent.

223 1861 322 1890 Hisce
347 1861 496 1890 versibus
525 1870 585 1889 11ο11
613 1860 731 1899 dubito,
761 1860 832 1898 quin
859 1859 1008 1898 principis
1038 1867 1055 1886 e
1083 1863 1180 1899 gente
1208 1858 1354 1898 Omajjali
1383 1864 1513 1889 mortem
1530 1865 1625 1898 poeta
1641 1860 1796 1899 deploret,
1823 1870 1915 1900 quum

127 1922 287 1952 mulierum
303 1923 409 1963 gentis
424 1924 511 1953 Harb
527 1924 716 1953 mentionem
733 1923 862 1963 fecerit3
891 1922 977 1951 Harb
1001 1922 1081 1951 enim
1110 1921 1193 1950 filius
1223 1921 1381 1961 Omajjahi
1410 1927 1488 1952 erat.
1524 1922 1725 1952 Scholiastes
1753 1924 1783 1952 in
1811 1924 1914 1963 priore

128 1993 245 2013 versus
275 1990 365 2023 parte
386 1986 600 2015 inversionem
622 1986 722 2025 videt,
749 1991 782 2016 ut
803 1985 949 2024 loquendi
965 1984 1076 2013 rationi
1092 1985 1198 2022 aptius
1215 1983 1357 2012 dicturus
1372 1982 1478 2012 fuerit:
1506 1977 1627 2027 Oba-5³.
1641 1982 1914 2031 ....)l;>s§155.o)‚

128 2051 161 2075 ut
190 2045 262 2075 voci
278 2045 377 2091 josiae
405 2046 536 2076 eandem
564 2046 842 2088 significationem,
878 2057 970 2086 quam
998 2048 1070 2075 voci
1106 2047 1200 2091 '‘20⁸5‘'
1232 2045 1470 2084 (providentiae
1504 2045 1647 2084 divinae)
1683 2046 1833 2076 tribuisse
1864 2048 1915 2076 vi-

129 2109 251 2140 deatur.
304 2110 490 2139 luversioue
518 2114 622 2140 autem
649 2120 710 2140 non
737 2111 879 2141 admissa
904 2112 978 2139 voci
997 2106 1100 2155 jaim
1132 2108 1338 2147 »quantitatis
1366 2110 1411 2137 rei
1445 2107 1593 2138 definitae
1628 2109 1821 2150 significatio
1858 2110 1915 2139 tri-

129 2172 253 2202 buenda
268 2176 327 2202 est.
356 2172 497 2201 Verbum
517 2177 595 2202 oum
622 2173 848 2203 socordem
877 2177 916 2202 et
941 2176 1076 2201 mente
1105 2170 1336 2200 attonitum
1362 2179 1484 2207 esse,
1513 2170 1695 2211 siguificare
1722 2170 1912 2200 scholiastes

129 2239 239 2264 noster
266 2244 305 2264 ex
332 2234 488 2264 Mersukii
517 2244 612 2273 opere
641 2235 794 2266 desuinsit
822 2240 852 2266 et.
879 2235 1124 2277 significationis
1154 2233 1334 2273 probandae
1360 2242 1457 2263 causa
1483 2233 1584 2263 Iocum
1611 2233 1726 2264 Corani
1746 2230 1835 2275 (Sur.
1856 2232 1914 2272 53,

130 2295 206 2335 61.)
233 2295 352 2328 adtulit.
404 2295 639 2326 Grammaticus
667 2293 866 2328 Abu-t'Ahla
894 2304 998 2328 autem
1027 2298 1055 2327 in
1083 2307 1180 2326 versu
1210 2295 1383 2336 significari
1410 2297 1478 2325 vult
1505 2296 1614 2326 faciem
1642 2296 1753 2325 mutari
1789 2296 1828 2325 ob
1857 2297 1915 2325 tri-

131 2359 262 2398 stitiam⁷
290 2358 380 2397 quasi
408 2358 477 2387 fimo
506 2359 675 2397 cinereque
703 2359 830 2389 adfecta
858 2362 919 2400 sit,
956 2360 1027 2390 dum
1067 2360 1148 2389 alius
1185 2359 1306 2398 quidam
1340 2359 1516 2399 significari
1551 2357 1728 2398 contendit,
1758 2368 1775 2388 a
1803 2359 1916 2388 mulie-

132 2422 217 2450 ribus
244 2422 345 2460 capita
371 2421 434 2449 tolli
465 2420 495 2450 in
523 2421 732 2450 lamentando.

133 2518 166 2545 2.
195 2516 277 2551 Tum,
300 2521 337 2546 ut
355 2521 446 2555 niqra
469 2529 577 2547 eurum
600 2528 686 2547 coma
712 2518 783 2546 (elba
800 2520 898 2556 fieret,
920 2519 1084 2556 faciesque
1108 2527 1216 2546 earum
1240 2518 1330 2546 albae
1352 2520 1464 2554 m'qrue
1482 2519 1602 2555 fierent,
1628 2518 1735 2554 effecit.

231 2585 386 2616 Effectum
415 2587 565 2617 moeroris
593 2587 751 2617 describit.
787 2589 889 2617 'l'anta
915 2592 994 2628 erat,
1022 2591 1056 2616 ut
1085 2596 1174 2616 coma
1201 2587 1381 2617 albesceret
1407 2591 1438 2616 et
1462 2585 1564 2615 facies
1591 2584 1620 2614 in
1648 2585 1733 2615 luctu
1761 2595 1916 2625 percussa
