2155 2892
923 178 1192 208 -629-

157 280 304 321 dignitati
331 279 576 310 conservandae
603 288 730 319 opernm
757 279 809 308 det
836 283 867 308 et
896 278 1042 308 furnilium
1070 286 1161 306 suain
1190 278 1218 306 iii
1249 277 1374 316 ugr-nuo
1402 277 1551 307 imitetur.
1614 278 1659 307 Se
1687 288 1758 308 cuin
1786 286 1864 316 equo
1893 287 1952 317 ge-

156 351 286 377 nerose,
313 343 365 382 qui
392 343 421 372 iu
449 342 623 372 certamino
649 340 853 371 adversarios
881 341 1010 371 vincere
1038 339 1157 375 studet,
1177 345 1352 378 computat.
1381 340 1414 369 Ιιι
1435 348 1513 369 voce
1530 339 1590 382 00)
1607 340 1808 371 construendi
1828 340 1951 370 modum

157 404 316 444 inceptum
347 405 488 444 reliquit3
517 413 588 434 nain
615 400 731 439 &Lu-sa]
747 402 827 447 qe),
853 403 1017 432 dicendum
1039 402 1103 432 fuit.
1138 403 1242 432 U'urd
1263 409 1293 432 et
1311 402 1427 432 Rokud
1456 401 1538 432 duae
1566 403 1700 434 [anuline
1720 403 1827 443 gentis
1844 403 1953 432 Banu-

158 466 305 506 Djahdah
331 472 430 498 erant.
484 466 622 498 Gentem
649 465 755 495 WVard
783 471 878 504 poeta
907 465 936 494 in
964 471 1119 504 sequente
1148 476 1245 495 versu
1273 467 1397 505 respicit
1427 470 1533 504 (inetr.
1564 467 1725 503 'l'liuwiljz
1754 467 1881 504 Quum
1913 466 1950 495 in

157 530 385 569 superiore
421 533 549 568 parte
584 524 732 570 (montis)
771 528 1037 568 Almihdjnni
1081 528 1319 557 vehentium
1361 538 1512 567 agmen
1548 534 1696 567 essct,
1735 529 1770 558 ei
1807 528 1951 567 gentis

157 590 334 621 Aiward
376 590 517 620 doinus
558 599 815 630 apparuere,
856 600 1026 630 quarum
1054 590 1196 621 vicina
1224 590 1414 629 perl'idin
1443 597 1546 623 erat.
1598 591 1741 620 U'ardus
1772 590 1799 619 b.
1830 590 1951 619 Ahmru

155 654 183 684 b.
217 653 429 683 Abbd-Allah
455 653 484 683 b.
513 652 660 692 Djuhuali
685 653 837 692 quendam
864 663 975 694 regem
1005 653 1163 683 occiderat
1187 653 1358 693 gentisque
1384 653 1540 682 nan-asin
1568 652 1703 682 seminas
1731 653 1806 682 viris
1835 652 1950 682 occisis

155 709 187 749 in
213 718 432 758 captivitatem
459 717 647 748 abduxerat.
701 718 825 747 Posteri
852 717 922 746 eius
949 715 989 745 de
1015 716 1074 746 linc
1102 714 1233 754 pei-lidia
1260 714 1486 755 gloriabantur.
1544 714 1635 752 Quae
1663 723 1715 744 res
1743 723 1843 743 causa
1872 718 1950 748 erat,

155 791 208 812 cur
235 784 329 820 poeta
355 779 525 810 Alnclitlial
559 779 795 820 Nabeghabum
832 779 1048 818 perstringens
1083 777 1158 806 dixit
1189 778 1297 815 (metr.
1337 777 1480 815 u'alirJ:
1517 776 1633 807 Gens
1675 776 1804 813 vilis,
1845 785 1951 814 quae

157 842 387 883 perfidiam
428 842 599 882 gloriae
636 841 753 871 ducit
787 844 828 870 et
866 842 1034 877 nescit,
1071 848 1180 878 quae
1221 839 1427 869 nobilium
1464 839 1659 869 narratio
1698 839 1767 868 sit.
1837 838 1950 868 Rokad

157 911 265 936 autem
295 904 394 935 frater
420 903 527 934 Wardi
554 910 632 934 erat.

1004 1015 1100 1049 CI*-

642 1081 732 1116 ῙΊι·
753 1092 780 1116 e
803 1083 948 1123 gente
973 1083 1117 1114 Banu
1135 1098 1155 1108 -
1174 1081 1306 1115 Satn}
1330 1080 1466 1114 «lixit.

157 1153 185 1181 1.
229 1152 342 1182 Nonne
364 1156 463 1181 mater
485 1152 587 1182 Gilabi
606 1163 698 1182 mane
718 1162 767 1182 me
787 1153 945 1188 te'luperal
966 1151 1090 1179 dscens:
1115 1150 1229 1179 leme
1253 1150 1398 1186 mulqens
1421 1150 1472 1178 lac
1492 1158 1632 1185 pum-um
1656 1159 1726 1178 esse
1747 1147 1888 1177 inrem'l?

256 1221 372 1251 Mulier
400 1226 524 1261 poetam
553 1222 815 1261 vituperaverat,
843 1219 927 1260 quod
954 1219 1147 1249 camelorum
1175 1228 1325 1249 numerus
1356 1219 1543 1249 liberalitate
1572 1223 1739 1257 tantopere
1766 1217 1948 1247 deminutus

155 1284 209 1322 sit,
239 1288 274 1313 ut
299 1283 422 1313 nonnisi
450 1293 584 1323 paucum
612 1284 703 1314 lactis
738 1283 864 1312 habeat.
927 1283 1002 1313 Vox
1029 1278 1104 1318 ΑΩ
1138 1290 1294 1320 »paucum
1322 1281 1406 1320 (lac)
1436 1281 1575 1312 adtulit«
1599 1286 1654 1311 aut
1678 1289 1835 1320 »paucum
1863 1278 1948 1317 (lac)

155 1346 297 1376 invenit«
325 1345 511 1387 significare
537 1352 649 1387 potest.

156 1457 187 1484 2.
231 1457 338 1485 Dicit:
359 1457 475 1485 Nonne
496 1466 570 1494 opes
593 1460 667 1487 tuas
686 1468 743 1495 per
764 1469 901 1488 errorem
924 1461 1086 1498 eroyasli?
1108 1460 1174 1490 Sed
1197 1457 1329 1500 (diem)
1353 1468 1428 1488 num
1451 1460 1553 1487 errori
1575 1456 1751 1486 ducendum
1774 1458 1830 1483 esst
1857 1454 1947 1491 qnod,

725 1522 805 1550 quas
827 1517 995 1552 aequis-ici!
1014 1511 1113 1554 (nir),
1146 1524 1220 1551 opes
1243 1514 1373 1551 eroqal?
1733 1507 1793 1547 (Ι).
1818 1503 1948 1546 759.)

262 1578 417 1618 Errasse,
444 1581 464 1611 i.
500 1588 529 1609 e.
556 1589 716 1619 peccasse
738 1587 866 1621 poetam
894 1583 924 1612 iu
951 1593 1000 1621 eo,
1028 1583 1164 1621 dixerat,
1192 1582 1275 1622 quod
1302 1582 1396 1611 nimia
1424 1581 1615 1610 liberalitate
1657 1587 1737 1617 opes
1776 1581 1949 1617 erogasset

156 1639 256 1670 Poeta
280 1639 362 1671 hauc
389 1640 568 1680 opinibuem
597 1641 713 1672 refellit
739 1643 859 1681 dicem,
886 1653 970 1683 eum,
999 1645 1049 1684 qui
1077 1654 1156 1684 opes
1185 1645 1412 1684 acquisiverit,
1439 1652 1496 1673 eas
1526 1647 1674 1680 tanquam
1701 1649 1781 1670 suas
1811 1646 1948 1679 erogare

157 1711 265 1741 posse.

990 1813 1114 1848 ΓΪΙ.

849 1880 1114 1914 Nlosahfar
1136 1879 1272 1913 «fixit.

158 1947 185 1976 1.
229 1947 419 1985 Beneficium
442 1958 544 1977 meum
567 1950 704 1987 confero,
730 1952 794 1977 lum
818 1949 953 1978 alterum
975 1949 1128 1985 desidero,
1150 1952 1186 1978 u!
1207 1949 1240 1977 id
1259 1950 1366 1976 iterem
1386 1950 1417 1975 et
1438 1946 1572 1974 alterum
1596 1946 1625 1972 ei
1649 1944 1828 1979 adiunqam.

254 2015 402 2047 Studium
429 2017 646 2047 benefaciendi
675 2027 767 2048 suum
795 2017 913 2047 laudat.
966 2018 1102 2047 'l'antum
1132 2026 1221 2056 esse,
1251 2019 1283 2046 ut
1310 2014 1462 2045 beneficio
1491 2013 1631 2054 singulo,
1654 2011 1738 2051 quod
1765 2009 1945 2048 contulerit,

156 2088 312 2119 nunquam
340 2082 507 2108 contentus
535 2080 669 2109 alterum
697 2088 765 2109 cum
793 2088 831 2108 eo
859 2080 1042 2120 coniungat.
1101 2079 1135 2108 In
1171 2078 1351 2118 posteriore
1379 2081 1467 2116 parte
1495 2086 1532 2106 se
1560 2085 1633 2105 cuin
1663 2074 1782 2105 camela
1810 2071 1946 2109 confert,

156 2149 239 2180 quae
264 2140 377 2170 iterum
406 2140 516 2170 bibens
542 2141 678 2171 satiatur
705 2146 738 2171 et
765 2142 881 2180 pullum
909 2143 939 2170 in
968 2146 1058 2171 utero
1086 2140 1192 2170 habet.
1245 2139 1430 2169 Mersukius
1450 2138 1538 2177 dixit,
1559 2142 1686 2177 poetam
1713 2136 1782 2165 istis
1811 2133 1946 2163 vocibus

155 2202 407 2243 significaturum
435 2213 523 2243 esse,
550 2213 588 2233 se
614 2203 711 2243 priori
736 2204 891 2233 beneficio
918 2204 1049 2233 alterum
1076 2201 1211 2241 aequale
1238 2200 1423 2241 adiungere.

156 2311 187 2339 2.
231 2310 276 2339 E!
296 2311 484 2348 beneficium,
505 2312 591 2349 quod
609 2312 728 2340 contuli
735 2333 742 2344 ‚
773 2311 851 2340 milti
875 2311 1097 2347 cilupemlioni
1126 2320 1197 2339 esse
1223 2310 1327 2338 iudico
1355 2312 1385 2338 et
1411 2309 1455 2337 ad
1485 2310 1603 2337 socium
1635 2316 1736 2336 meum
1767 2307 1871 2339 remo,
1895 2304 1948 2332 ubi

973 2366 1134 2395 caledioeit.

253 2435 295 2464 Et
323 2434 436 2473 prioris
461 2438 494 2463 et
522 2434 707 2472 posterioris
733 2435 833 2474 partis
860 2444 991 2466 sensum
1005 2437 1096 2466 vario
1116 2434 1208 2465 modo
1226 2434 1393 2474 explicant,
1424 2429 1604 2462 Vocibus>
1624 2433 1680 2459 aut
1699 2427 1946 2468 vituperationis

157 2502 210 2528 aut
237 2496 333 2526 officii
361 2495 626 2536 significationem
653 2496 745 2526 tribui
772 2506 871 2536 posse
897 2496 1014 2527 dicunt.
1066 2497 1175 2527 Priore
1205 2496 1334 2535 recepta
1362 2499 1456 2535 poeta
1484 2496 1514 2523 in
1540 2492 1703 2524 beneficiis
1731 2491 1856 2522 collatis
1886 2489 1946 2520 sibi

157 2559 239 2590 haud
267 2559 472 2590 satisfecisse
500 2562 589 2598 putat
617 2561 648 2588 et
673 2566 707 2588 se
729 2558 833 2597 ipsum
859 2561 1043 2598 vituperat3
1071 2559 1249 2598 posteriore
1275 2558 1417 2588 admissa
1444 2563 1540 2597 poeta
1567 2556 1654 2592 dicit,
1675 2554 1859 2584 beneficium
1889 2553 1946 2583 sibi

156 2621 296 2653 officium
322 2631 411 2661 esse,
439 2620 522 2662 quod
546 2625 579 2652 ut
604 2625 764 2660 servetur,
781 2621 858 2651 alter
884 2621 1049 2661 postulare
1071 2622 1184 2661 possit.
1213 2621 1386 2651 Posteriori
1413 2620 1492 2660 parti
1512 2619 1630 2659 duplex
1646 2618 1791 2648 tribuitur
1808 2625 1946 2647 sensus:
