2155 2892
902 135 950 141 —
1010 118 1183 150 356——

966 254 1102 288 Lvn.

890 320 1032 355 Alius
1055 320 1190 354 dixit.

144 391 172 419 1.
216 391 381 426 Interroya
403 386 441 429 (ο
464 387 597 428 mulier)
620 390 758 418 arborem
787 391 856 419 ch
879 387 1029 428 (salicem
1058 388 1308 430 Aeqyptiacam)
1331 392 1480 419 virentem
1504 392 1537 419 in
1560 400 1668 428 campo
1700 400 1849 427 arenoso,
1874 394 1924 422 uba

509 443 636 471 arbores
658 444 729 472 ch
751 446 843 482 sunl,
875 452 950 472 mem
974 445 1104 480 vestigia
1125 445 1235 472 domus
1257 447 1330 472 tuae
1350 444 1554 474 salutaverim

242 511 439 541 Testimonio
466 511 539 552 loci,
568 521 659 552 quem
687 521 726 542 ea
751 512 927 554 incoluerit,
955 513 1091 543 feminae
1120 513 1254 552 probare
1286 513 1364 553 vult,
1392 522 1439 553 se,
1467 513 1726 553 quemadmodum
1756 515 1925 546 amantium

149 583 218 604 mos
245 573 339 614 ferat,
366 574 515 615 vestigiis
543 574 654 605 domus
684 574 815 605 relictae
842 575 972 605 salutem
1001 575 1123 605 dixisse
1150 575 1249 605 conf.
1276 576 1400 605 Bohlen
1428 580 1592 605 comment.
1616 575 1654 605 de
1672 577 1876 606 Motenabbio
1894 587 1925 617 p.

149 637 204 668 42.
233 637 357 667 Arabes
385 641 586 676 campestres
614 647 708 676 quum
736 638 907 678 regiones,
946 638 997 667 ubi
1023 637 1163 678 degant,
1193 637 1324 676 saepius
1355 641 1487 675 mutent,
1516 641 1629 677 poetae
1656 642 1787 668 veteres
1814 638 1924 669 domus

146 699 277 730 relictae
303 700 513 740 vestigiorum
541 709 640 739 saepe
667 702 857 729 mentionem
886 698 992 729 fecere
1029 699 1135 729 conf.
1163 699 1262 728 Lebid
1291 699 1398 732 Moall,
1435 709 1467 730 v.
1498 699 1512 729 1
1549 700 1665 730 Sohair
1694 700 1802 730 Moall.
1826 710 1857 730 v.
1897 701 1925 731 1.

145 762 286 792 Antarae
316 763 422 792 Moall.
450 772 481 791 v.
517 763 529 791 1
562 763 694 800 aliaque.
723 762 772 791 De
798 763 910 791 arbore
938 762 1032 792 Ban
1061 761 1219 801 appellata
1247 761 1395 792 conferas
1425 771 1473 798 ea,
1502 771 1581 801 quae
1601 762 1783 792 doctissime
1811 763 1924 802 dispu-

145 824 225 855 tavit
251 824 383 854 celeber.
436 823 553 854 Garcin
583 823 621 853 de
649 823 757 863 Tassy
783 823 813 852 in
840 822 939 853 libro:
967 823 1032 852 Les
1061 822 1195 853 oiseaux
1222 827 1255 852 et
1280 824 1325 853 les
1352 823 1452 853 fleurs
1479 833 1508 863 p.
1533 824 1600 853 142
1620 833 1686 863 sqq.
1718 822 1922 865 JScholiastes

147 887 275 916 formam
302 883 374 931 &lm
402 895 442 915 ex
468 884 567 915 forma
593 882 666 920 gut
694 888 791 914 ortam
819 893 892 914 esse
919 884 1002 922 dicit,
1029 885 1121 914 modo
1148 895 1211 926 quo
1239 895 1280 915 ex
1304 895 1386 916 voce
1414 882 1508 930 5⁴²7ss
1536 885 1591 916 fiat
1615 874 1696 929 μὲ.
1749 887 1823 917 Vox
1842 889 1927 924 susti:

147 947 316 978 frondosae
342 952 374 978 et
403 946 512 977 densis
539 947 645 987 ramis,
673 951 707 976 ut
734 951 825 987 tegat
849 946 959 976 umbra
985 956 1056 986 sua,
1075 948 1236 986 praeditae
1253 948 1410 987 (arboris)
1430 948 1695 989 significationem
1723 949 1828 978 habet.
1857 949 1918 978 Pro

146 1025 206 1054 hac
232 1032 316 1053 voce
342 1022 372 1052 in
391 1022 546 1052 Mersukii
574 1021 680 1051 codice
707 1009 797 1050 absidi
828 1022 957 1063 legitur,
984 1021 1032 1051 cui
1061 1022 1134 1052 voci
1161 1022 1263 1052 multis
1291 1022 1372 1052 foliis
1401 1023 1558 1062 ramisque
1577 1022 1741 1062 praeditae
1758 1023 1927 1063 (arboris),

146 1083 410 1126 significationem
437 1084 585 1113 tribuunt.
648 1083 923 1124 Significationern
951 1083 1021 1113 inde
1050 1084 1225 1114 derivatam
1253 1084 1371 1123 dicunt,
1398 1084 1480 1124 quod
1508 1085 1600 1115 arbor
1626 1090 1724 1115 vento
1753 1090 1838 1116 mota
1869 1094 1925 1114 so-

145 1157 218 1177 num
248 1146 323 1177 edat
352 1147 444 1186 quasi
477 1155 606 1176 canens·
657 1145 854 1175 Scholiastes
881 1155 1009 1176 versum
1037 1152 1221 1186 sequentem
1249 1147 1439 1179 adnotavit:
1467 1149 1575 1187 (metr.
1605 1147 1730 1188 Chafif)
1757 1149 1927 1178 Terrae

149 1203 219 1248 (1)-
243 1203 370 1244 5⁷5.)
394 1208 469 1238 sub
495 1218 541 1238 ea
568 1209 685 1247 quies
714 1212 800 1249 est,
828 1217 961 1248 aquae
986 1219 1151 1239 murmur
1179 1214 1223 1240 et
1251 1211 1376 1240 ramis
1403 1215 1573 1242 cantus,

149 1308 182 1335 2.
226 1305 273 1334 Et
292 1314 367 1334 mem
389 1306 521 1342 vespera
542 1307 573 1333 in
596 1315 703 1334 earum
736 1305 856 1334 umbris
876 1307 1014 1334 steterim
1036 1305 1102 1334 loco
1123 1309 1275 1344 pauperis
1296 1305 1348 1346 (te
1368 1304 1512 1347 egentis)
1534 1310 1565 1336 et
1584 1307 1618 1336 id
1636 1307 1806 1345 elegerim?

244 1374 396 1405 Feminae
423 1375 461 1404 ab
488 1376 559 1413 ipso
587 1379 710 1404 amatae
737 1384 864 1414 quoque
891 1375 1023 1413 probare
1054 1375 1135 1413 vult,
1159 1384 1196 1405 se
1218 1376 1258 1405 ibi
1285 1386 1391 1406 amore
1419 1380 1560 1406 coactum
1588 1377 1790 1417 substitisse,
1819 1381 1852 1406 ut
1877 1376 1928 1406 in-

147 1437 231 1468 felici
258 1436 489 1476 comparaudus
516 1435 559 1465 sit
587 1442 619 1467 et
646 1446 738 1467 suam
764 1437 878 1479 agendi
906 1438 1059 1468 rationem
1086 1447 1163 1468 casu
1188 1437 1271 1468 haud
1298 1438 1468 1469 adductam
1495 1447 1582 1476 esse,
1609 1437 1668 1467 sed
1695 1448 1713 1468 a
1741 1437 1838 1468 libera
1864 1447 1926 1467 vo-

150 1499 269 1529 luntate
298 1498 481 1538 profectam.
538 1499 627 1529 Loco
654 1498 748 1529 vocis
775 1495 899 1545 &alethi
923 1498 949 1537 ‚3
982 1501 1032 1530 »in
1060 1501 1178 1531 umbris
1206 1510 1333 1531 earum«
1365 1501 1395 1530 in
1420 1500 1576 1530 Mersukii
1603 1500 1714 1531 codice
1740 1498 1856 1546 offibiil
1891 1498 1929 1538 3,

152 1570 231 1601 quae
261 1566 367 1591 autem
393 1570 460 1591 vox
486 1561 588 1591 minus
616 1562 768 1601 quadrare
795 1562 933 1594 videtur.

149 1659 181 1688 3.
224 1658 268 1686 Et
289 1666 363 1686 num
401 1659 552 1686 matulina
580 1661 714 1695 tempore
736 1659 818 1688 oculi
837 1663 898 1688 mei
917 1661 950 1688 iiz
972 1661 1058 1688 domo
1082 1660 1232 1696 lacrymis
1259 1658 1378 1695 impleti
1401 1659 1524 1695 fuerint
1550 1659 1653 1685 instar
1675 1659 1769 1686 seriei
1798 1666 1928 1693 marya-

845 1714 977 1741 risurum
999 1714 1203 1741 decidentium
1218 1714 1233 1740 ?

151 1779 182 1808 4.
227 1777 377 1806 Homines
399 1787 451 1806 rer
473 1786 604 1814 sperare
622 1779 728 1812 1·z'deo‚·
745 1779 808 1810 ,sed
827 1787 879 1806 ver
902 1788 1012 1815 meum,
1035 1779 1119 1817 quod
1137 1787 1237 1814 spera,
1262 1779 1295 1806 in
1317 1778 1532 1805 coniunctione
1553 1779 1607 1805 tua
1629 1780 1684 1807 est.

151 1845 181 1874 5.
227 1843 378 1873 Homines
401 1852 500 1871 annos
522 1843 646 1871 steriles
667 1844 775 1871 timere
797 1844 900 1880 ride0;
921 1852 1028 1871 «mnus
1049 1845 1152 1871 autem
1173 1852 1260 1872 meus
1281 1842 1410 1877 sterilis,
1429 1851 1517 1880 quem
1542 1845 1653 1877 metuo,
1675 1841 1839 1870 calamitas
1861 1841 1929 1870 dis-

914 1906 1023 1925 cessus
1045 1898 1093 1925 tm'
1112 1901 1168 1926 est.

153 1963 184 1992 6.
229 1962 395 2002 Profecto!
435 1962 482 1999 Si,
506 1964 589 2001 quod
608 1973 655 1992 me
684 1964 856 2002 azlstioeeris,
881 1965 959 1993 milzz'
980 1965 1133 2002 displicet,
1155 1966 1295 2003 profecto
1311 1963 1325 1992 J
1346 1964 1429 2002 quod
1448 1964 1585 1992 animum
1606 1963 1650 1991 ad
1669 1971 1717 1990 me
1739 1963 1926 1997 adtenderis,

933 2028 981 2047 me
1003 2019 1145 2047 delectat.

256 2086 299 2115 Hi
320 2091 453 2124 quatuor
480 2096 596 2116 versus
624 2087 653 2116 in
680 2088 836 2117 Mersukii
864 2087 972 2117 codice
999 2087 1227 2117 desiderantur.
1255 2086 1288 2114 ln
1315 2087 1409 2115 tertio
1437 2085 1564 2115 oculum
1594 2095 1665 2115 cum
1693 2085 1822 2115 muliere
1849 2095 1926 2126 gra-

156 2148 231 2178 vida
251 2157 455 2187 comparasse
474 2149 608 2181 videtur.
626 2150 801 2189 Lacrymas
826 2155 930 2179 autem
959 2159 1029 2178 cnm
1059 2150 1240 2190 margaritis
1265 2159 1282 2179 c
1298 2158 1315 2177 o
1332 2159 1351 2178 n
1366 2148 1385 2178 f.
1403 2149 1516 2178 Jonesi
1536 2154 1700 2179 comment.
1728 2151 1836 2188 poesis
1863 2153 1925 2178 etc.

157 2221 187 2250 p.
210 2210 276 2240 105
294 2210 435 2239 contulit.
453 2210 526 2239 Vox
552 2207 670 2250 ehi-gal
712 2210 892 2251 significare
917 2211 1060 2249 videtur,
1095 2211 1284 2252 margaritas
1312 2220 1329 2239 e
1357 2209 1420 2250 filo,
1448 2211 1476 2240 in
1505 2220 1565 2250 quo
1595 2211 1777 2241 coniunctae
1805 2216 1925 2251 essent,

157 2271 315 2311 decidere,
331 2271 423 2301 sicuti
450 2272 597 2312 singulae
623 2274 780 2312 lacrymae
808 2282 849 2302 ex
876 2273 966 2303 oculo
994 2273 1149 2303 decidunt.
1181 2273 1289 2303 Verba
1315 2276 1419 2302 autem
1441 2270 1524 2318 ,to-ll
1550 2271 1578 2311 3
1604 2274 1641 2303 in
1668 2273 1686 2303 d
1702 2283 1719 2303 o
1736 2284 1763 2304 m
1779 2283 1808 2314 ο,
1836 2283 1927 2312 quum

157 2339 250 2364 antea
276 2334 314 2364 de
341 2334 452 2363 domus
480 2334 603 2364 deletae
629 2335 775 2376 vestigiis
801 2335 924 2365 locutus
952 2336 1005 2375 sit,
1033 2335 1061 2364 si
1088 2343 1205 2364 versus
1232 2333 1263 2363 hi
1290 2343 1357 2364 cum
1385 2335 1540 2374 prioribus
1567 2335 1754 2365 coniunctae
1779 2337 1927 2376 cogitan-

157 2402 219 2438 tur,
247 2397 345 2426 minus
373 2396 528 2435 quadrare
555 2396 712 2426 videntur.
775 2397 808 2425 In
836 2397 1041 2435 sequentibus
1069 2395 1157 2436 dicit,
1185 2406 1222 2425 se
1250 2406 1358 2427 earum
1385 2407 1500 2438 rerum,
1529 2407 1608 2437 quae
1635 2397 1809 2427 hominibus
1836 2397 1925 2427 cordi

158 2461 231 2498 sint,
259 2460 371 2489 nullam
399 2469 529 2499 prorsus
559 2470 665 2490 curam
693 2460 820 2499 habere,
847 2470 941 2500 quum
970 2459 1091 2489 nonnisi
1118 2459 1157 2489 de
1184 2459 1296 2489 femina
1314 2459 1352 2489 ab
1372 2460 1440 2499 ipso
1459 2465 1564 2490 amata
1581 2460 1708 2499 cogitet.
1737 2458 1811 2488 Vox
1828 2461 1923 2502 *⁵95*

159 2523 228 2552 mihi
255 2523 383 2562 pluralis
411 2523 510 2553 forma
536 2532 554 2552 a
580 2531 662 2552 voce
688 2524 769 2566 dyo
795 2521 1001 2560 (conversio)
1028 2530 1104 2550 esse
1131 2520 1276 2560 videtur,
1305 2517 1374 2565 snisi
1409 2521 1512 2560 potius
1546 2529 1614 2549 eam
1641 2528 1753 2549 nomen
1790 2520 1925 2549 actionis

160 2584 276 2614 habere
301 2585 362 2613 vis.
