2155 2892
869 135 1139 167 ——608—

905 308 1109 343 Lxxlx.

602 374 935 420 Alnabeghah
958 371 1256 415 Dsobjanita
1279 371 1411 406 «lixit.

563 449 680 496 (conf.
707 461 736 491 p.
754 449 801 480 ²⁹⁶³
830 453 862 479 et
891 445 1032 478 Meidan.
1058 445 1095 477 T.
1116 444 1168 477 111.
1195 444 1232 474 P.
1247 443 1279 474 2.
1307 454 1338 484 p.
1355 439 1452 485 297.)

109 552 137 580 1.
180 552 219 580 Ῑη
245 552 325 579 atrio
347 550 457 578 domus
479 549 606 585 nigrum
628 542 810 586 (ahenum)
834 553 983 582 magnum
1006 545 1036 572 ei
1055 546 1118 579 est,
1157 544 1210 572 cni
1230 542 1368 571 membra
1390 542 1517 569 mactati
1539 538 1653 569 cameli
1677 540 1770 569 obesa
1792 538 1905 576 deylu-

848 598 953 627 te‘enda
983 597 1163 626 traduntur.

206 671 445 701 Liberalitatem
474 674 507 700 et
534 668 786 708 hospitalitatem
814 675 972 705 personae
1006 665 1192 696 laudaturus
1219 664 1355 694 ahenum
1390 663 1551 693 describit.
1602 662 1739 693 Primum
1765 662 1902 703 nigrum,

107 734 228 765 omisso
257 733 471 772 substantivo,
500 741 575 762 esse
597 731 680 769 dicit,
709 730 793 771 quod
819 730 947 761 inultum
974 730 1004 760 in
1020 731 1095 772 igne
1114 734 1181 760 stat
1207 728 1331 768 (cons.
1352 730 1444 759 Ham.
1460 729 1498 757 vl‘l
1516 737 1547 757 v.
1568 728 1616 769 1),
1646 732 1712 758 tum
1741 737 1901 768 magnum,

108 801 142 829 ut
182 794 314 827 multum
351 796 455 826 carnis
483 804 597 834 capere
624 793 729 834 possit
756 790 830 822 ibid.
866 797 898 823 et
933 792 1066 832 denique
1101 791 1133 821 id
1167 802 1238 822 cum
1268 800 1407 831 persona
1441 799 1652 829 comparans,
1691 790 1830 819 membra
1863 789 1902 818 ab

108 861 210 892 aheno
243 858 403 901 deglutiri,
431 857 516 888 dicit.
568 856 612 887 Ut
638 855 803 886 buccellae
831 865 849 886 a
875 865 1014 894 persona
1041 854 1216 896 deglutitae
1252 853 1437 893 disparent,
1475 852 1521 881 sic
1549 851 1688 881 membra
1723 851 1834 881 cameli
1870 850 1900 879 in

107 924 218 955 aheno.
273 922 421 962 Amplum
449 921 584 951 ahenum
612 929 713 958 esse3
753 918 809 949 sed
835 927 974 948 vacuum
1000 927 1061 946 non
1087 927 1164 946 esse
1189 916 1314 946 indicat.
1351 915 1386 945 Si
1413 915 1481 944 loco
1510 915 1679 944 verborum
1706 905 1780 944 ἐμὲ
1807 911 1902 953 εἷο)...

106 986 224 1027 legitur
251 985 335 1025 ἐὔ-,ᾳ
363 982 476 1021 ’ΒΦ-3,
506 982 588 1013 duae
618 991 719 1012 voces
747 980 982 1022 significatione
1007 978 1155 1018 aequales
1183 987 1331 1018 magnum
1358 976 1534 1017 nigredinis
1556 975 1691 1017 gradum
1720 973 1902 1016 designant.

107 1047 308 1077 Scholiastes
335 1044 520 1085 adnotavit,
548 1054 699 1084 causam,
728 1052 784 1073 cur
810 1047 907 1082 poeta
933 1051 1045 1071 vocem
1064 1051 1150 1088 fij?
1177 1041 1307 1081 generis
1336 1038 1473 1070 feminini
1500 1048 1567 1069 cum
1598 1047 1679 1068 voce
1698 1035 1795 1082 fise,
1823 1047 1905 1077 quae

106 1110 135 1139 in
156 1108 295 1139 maribus
324 1107 522 1146 adhibeatur,
550 1107 761 1146 coniunxerit,
786 1104 817 1134 in
844 1114 882 1135 eo
909 1104 1121 1144 quaerendam
1147 1113 1234 1142 esse,
1264 1101 1348 1143 quod
1375 1111 1441 1132 vox
1458 1112 1544 1149 fij>
1572 1106 1636 1131 tam
1663 1110 1781 1131 marem
1808 1110 1902 1142 quam

106 1170 251 1200 feminam
282 1169 439 1209 designet.
491 1167 582 1198 Prior
609 1177 682 1208 pars
709 1167 821 1197 horum
849 1167 1031 1204 verborum,
1061 1175 1142 1206 quae
1168 1166 1197 1194 in
1219 1165 1376 1195 Mersukii
1404 1164 1514 1194 codice
1542 1173 1604 1193 non
1633 1164 1792 1204 leguntur,
1821 1163 1901 1203 parti

107 1232 278 1272 posteriori
304 1241 486 1272 repugnare
513 1230 665 1270 videtur3
703 1230 789 1260 initio
820 1227 902 1259 enim
929 1229 1126 1259 scholiastes
1153 1238 1266 1258 vocem
1289 1239 1375 1276 fij>
1410 1226 1547 1258 feminini
1573 1227 1702 1267 generis
1728 1231 1760 1255 et
1786 1230 1902 1265 postea

105 1299 212 1324 tamen
238 1297 302 1324 tam
331 1293 497 1323 masculini
533 1302 615 1332 quan
647 1292 787 1322 feminini
817 1292 947 1334 generis
982 1301 1055 1322 esse
1091 1291 1180 1321 dixit.
1233 1290 1397 1320 Posterius
1435 1290 1554 1319 rectius
1591 1294 1651 1321 est.
1708 1288 1751 1318 Ut
1787 1297 1900 1318 vocem

97 1354 185 1401 ,εἶχε
212 1361 276 1386 tam
304 1366 373 1386 cum
400 1357 505 1386 vocali
531 1355 633 1386 Fatha
660 1365 751 1394 quam
777 1364 848 1385 cum
874 1353 978 1384 vocali
993 1354 1149 1383 Dhamiua
1168 1352 1363 1393 pronuntiari
1382 1350 1540 1391 probaret,
1567 1356 1754 1390 sequentem
1771 1360 1899 1381 versum

105 1412 170 1456 (11·
184 1412 309 1457 ’ῗ-Ιὲὶ)
337 1418 450 1448 adtulit
468 1414 575 1461 (metr.
593 1414 741 1459 Camel):
773 1416 943 1458 »Reges
963 1427 977 1446 r
993 1417 1158 1446 emovit
1186 1426 1203 1446 e
1220 1421 1231 1445 t
1258 1416 1329 1446 sub
1351 1415 1422 1445 eiu
1437 1425 1454 1444 s
1484 1414 1663 1444 vexillo
1693 1423 1766 1453 pro
1781 1413 1895 1443 fecti

104 1486 196 1512 sunt
226 1482 403 1511 arbores
431 1489 603 1519 semper
641 1479 845 1509 virentes
874 1484 915 1509 et
942 1482 1164 1519 princeps
1193 1480 1431 1519 gentium«
1485 1477 1521 1507 Si
1552 1486 1618 1506 vox
1642 1476 1673 1505 in
1701 1484 1798 1505 versu
1827 1484 1897 1505 cum

104 1543 206 1573 vocali
226 1543 384 1573 Dhamma
410 1542 639 1582 pronuntiatur,
667 1541 848 1582 principem,
875 1544 925 1571 sin
952 1551 1021 1571 cum
1049 1541 1153 1571 vocali
1167 1539 1281 1581 Fatha,
1308 1538 1470 1570 ductrices
1495 1536 1636 1578 gentium
1665 1537 1899 1579 significantur.

105 1644 138 1672 2.
182 1642 330 1671 Aleemcm
351 1644 514 1678 superstes
534 1650 577 1670 ex
598 1641 730 1678 alienis,
760 1650 840 1678 quae
859 1638 911 1668 lad
927 1643 1051 1678 qenlem
1075 1638 1241 1675 Aldjolalu'
1261 1636 1454 1665 haereditate
1473 1638 1685 1672 pervenerant
1713 1645 1733 1664 a
1755 1637 1900 1673 principe

762 1698 804 1725 ad
829 1698 1003 1733 principem
1026 1694 1236 1722 transeuntia.

204 1764 288 1794 Illam
328 1764 547 1796 liberalitatem
583 1766 614 1795 in
652 1770 750 1807 gente
776 1766 845 1796 eius
882 1768 914 1795 in
952 1773 1011 1794 usu
1045 1762 1149 1792 fuisse
1187 1760 1271 1791 dicit.
1323 1759 1471 1799 Aldjolah
1506 1765 1597 1799 pater
1625 1758 1784 1789 Ohaihahi
1821 1761 1899 1787 crat.

107 1827 251 1857 Ohaihah
291 1833 435 1867 tempore
461 1829 716 1859 Amru-l'Kaisi
753 1829 780 1858 b.
810 1828 914 1868 Hodjr
945 1827 975 1856 in
1003 1824 1118 1865 oppido
1146 1822 1275 1853 Medina
1307 1823 1515 1862 principatum
1550 1821 1723 1852 exercebat
1759 1819 1896 1859 (conf.

104 1888 243 1918 Meidan.
271 1891 363 1928 app.)
409 1888 500 1927 Quae
528 1899 580 1919 res
608 1895 660 1920 est
686 1899 795 1929 causa,
820 1899 876 1919 cur
896 1888 961 1932 52&
991 1894 1054 1925 ιλιιρ
1085 1885 1155 1930 '5³3‘
1183 1886 1307 1916 dixerit.
1359 1886 1557 1916 Scholiastes
1583 1883 1759 1922 adnotavit,
1785 1893 1898 1915 vocem

99 1949 165 1995 j&
195 1952 319 1981 nonnisi
346 1953 375 1981 in
402 1952 462 1982 hoc
491 1952 558 1982 loco
586 1952 854 1993 significationem
885 1952 978 1981 vocis
998 1950 1072 1995 52:³5
1100 1951 1229 1980 habere.
1278 1947 1471 1988 Djeuharius
1499 1947 1646 1986 loquendi
1674 1947 1800 1977 modum
1827 1945 1898 1991 ⁸53&

100 2012 166 2057 ἰὼ]
192 2026 242 2060 U:
269 2015 452 2054 adnotavit5
480 2016 711 2057 grammaticus
734 2015 904 2045 Abu-Ahli
931 2020 1038 2046 autem
1065 2015 1137 2044 voci
1159 2011 1225 2058 53&
1253 2010 1522 2054 significationem
1550 2010 1751 2040 collectivam
1778 2010 1896 2040 tribuit.

104 2110 136 2141 3.
181 2110 328 2140 Ancillae
348 2112 485 2140 interdiu
509 2113 551 2140 ad
570 2113 730 2141 iet-sculum
760 2114 828 2142 eius
847 2114 1023 2151 feslinmlt,
1058 2111 1315 2150 quemadmodum
1342 2117 1423 2146 qens
1446 2106 1541 2137 Sala!
1566 2107 1609 2136 ad
1634 2116 1737 2145 aquas
1759 2106 1898 2135 Korake'r

923 2168 1067 2205 festinat.

208 2233 364 2264 lusculum
390 2234 485 2264 huius
511 2233 603 2264 aheni
631 2235 775 2265 omnibus
796 2235 916 2265 licitum
945 2246 1021 2265 esse
1048 2234 1148 2275 dicit,
1176 2239 1208 2264 nt
1235 2233 1273 2264 ad
1303 2232 1332 2263 id
1360 2233 1494 2263 ancillae
1520 2237 1702 2271 properent.
1753 2231 1832 2261 Tum
1859 2230 1898 2260 ob

104 2296 332 2327 multitudinem
360 2300 424 2326 tum
452 2296 537 2336 quod
565 2296 709 2326 omnibus
737 2297 854 2326 licitum
885 2302 978 2333 erat,
1014 2297 1170 2327 iusculum
1206 2296 1276 2325 eius
1311 2304 1380 2326 cum
1417 2303 1497 2333 aqua
1523 2294 1661 2323 Korakir
1692 2290 1893 2331 comparavit.

106 2359 244 2389 Korakir
272 2369 384 2389 nomen
411 2368 515 2399 aquae
540 2358 644 2399 gentis
659 2358 816 2388 Kodhaah
835 2363 915 2399 erat,
943 2367 1034 2397 quam
1063 2358 1196 2388 familiae
1224 2367 1335 2387 omnes
1357 2357 1398 2387 ita
1415 2356 1635 2397 possidebant,
1663 2354 1761 2394 utqui
1780 2352 1896 2392 primus

106 2423 145 2453 ad
172 2433 242 2453 eam
270 2422 482 2460 accessisset,
510 2431 580 2452 eam
606 2421 747 2452 hauriret
773 2420 876 2450 conf.
903 2421 929 2461 I,
957 2420 1039 2451 209.
1080 2420 1168 2452 Talis
1196 2430 1277 2459 aqua
1304 2416 1386 2462 31³5?
1413 2418 1641 2458 appellabatur.
1679 2417 1713 2445 In
1739 2413 1896 2444 Mersukii

106 2486 248 2527 margine
262 2483 451 2524 vocesofasss
479 2482 622 2537 &fist-tall
651 2484 834 2523 adscriptae
849 2488 934 2526 sunt,
964 2485 1076 2522 quibus
1092 2484 1160 2514 loco
1185 2483 1278 2514 vocis
1305 2487 1384 2513 cutm
1409 2481 1530 2512 rectius
1559 2477 1636 2512 ..M
1661 2478 1725 2519 legi
1751 2477 1895 2508 scribens

105 2549 281 2589 significare
308 2548 420 2578 voluit.
