<?xml version="1.0" encoding="UTF-8"?>
<!DOCTYPE html PUBLIC "-//W3C//DTD XHTML 1.0 Transitional//EN"
    "http://www.w3.org/TR/xhtml1/DTD/xhtml1-transitional.dtd">
<html xmlns="http://www.w3.org/1999/xhtml" xml:lang="en" lang="en">
 <head>
  <title>
</title>
<meta http-equiv="Content-Type" content="text/html;charset=utf-8" />
  <meta name='ocr-system' content='tesseract 3.04.00' />
  <meta name='ocr-capabilities' content='ocr_page ocr_carea ocr_par ocr_line ocrx_word'/>
</head>
<body>
  <div class='ocr_page' id='page_1' title='image "./p2hamassaecarmin02abbiuoft_0123.png"; bbox 0 0 2155 2892; ppageno 0'>
   <div class='ocr_carea' id='block_1_1' title="bbox 915 112 1180 143">
    <p class='ocr_par' dir='ltr' id='par_1_1' title="bbox 915 112 1180 143">
     <span class='ocr_line' id='line_1_1' title="bbox 915 112 1180 143; baseline 0 0"><span class='ocrx_word' id='word_1_1' title='bbox 915 112 1180 143; x_wconf 81' lang='lat'><strong>—113—</strong></span> 
     </span>
    </p>
   </div>
   <div class='ocr_carea' id='block_1_2' title="bbox 149 212 1938 566">
    <p class='ocr_par' dir='ltr' id='par_1_2' title="bbox 149 212 1938 566">
     <span class='ocr_line' id='line_1_2' title="bbox 152 212 1938 254; baseline 0.003 -13"><span class='ocrx_word' id='word_1_2' title='bbox 152 221 283 242; x_wconf 75' lang='lat' dir='ltr'>stiam</span> <span class='ocrx_word' id='word_1_3' title='bbox 312 221 454 252; x_wconf 89' lang='lat' dir='ltr'>super</span> <span class='ocrx_word' id='word_1_4' title='bbox 482 212 698 243; x_wconf 81' lang='lat' dir='ltr'>homines</span> <span class='ocrx_word' id='word_1_5' title='bbox 725 217 1045 250; x_wconf 78' lang='lat' dir='ltr'>evacuasset,</span> <span class='ocrx_word' id='word_1_6' title='bbox 1083 213 1122 242; x_wconf 91' lang='lat' dir='ltr'>in</span> <span class='ocrx_word' id='word_1_7' title='bbox 1151 218 1277 243; x_wconf 85' lang='lat' dir='ltr'>terra</span> <span class='ocrx_word' id='word_1_8' title='bbox 1305 223 1484 253; x_wconf 76' lang='lat' dir='ltr'>egenus</span> <span class='ocrx_word' id='word_1_9' title='bbox 1513 216 1708 254; x_wconf 83' lang='lat' dir='ltr'>amplius</span> <span class='ocrx_word' id='word_1_10' title='bbox 1747 225 1830 246; x_wconf 92' lang='lat' dir='ltr'>non</span> <span class='ocrx_word' id='word_1_11' title='bbox 1871 226 1938 246; x_wconf 80' lang='lat' dir='ltr'>es-</span> 
     </span>
     <span class='ocr_line' id='line_1_3' title="bbox 151 274 1938 318; baseline 0.003 -14"><span class='ocrx_word' id='word_1_12' title='bbox 151 280 236 311; x_wconf 82' lang='lat' dir='ltr'>set,</span> <span class='ocrx_word' id='word_1_13' title='bbox 264 275 509 305; x_wconf 81' lang='lat' dir='ltr'>sinautem</span> <span class='ocrx_word' id='word_1_14' title='bbox 546 274 616 304; x_wconf 83' lang='lat' dir='ltr'>die</span> <span class='ocrx_word' id='word_1_15' title='bbox 651 283 835 314; x_wconf 76' lang='lat' dir='ltr'>poenae</span> <span class='ocrx_word' id='word_1_16' title='bbox 869 285 1038 306; x_wconf 87' lang='lat' dir='ltr'>manum</span> <span class='ocrx_word' id='word_1_17' title='bbox 1073 284 1362 314; x_wconf 74' lang='lat' dir='ltr'>evacuasset;</span> <span class='ocrx_word' id='word_1_18' title='bbox 1401 279 1435 307; x_wconf 88' lang='lat' dir='ltr'>in</span> <span class='ocrx_word' id='word_1_19' title='bbox 1474 284 1586 308; x_wconf 82' lang='lat' dir='ltr'>tei-ra</span> <span class='ocrx_word' id='word_1_20' title='bbox 1622 286 1824 318; x_wconf 76' lang='lat' dir='ltr'>peccator</span> <span class='ocrx_word' id='word_1_21' title='bbox 1863 281 1938 310; x_wconf 86' lang='lat' dir='ltr'>iam</span> 
     </span>
     <span class='ocr_line' id='line_1_4' title="bbox 151 337 1936 381; baseline 0.003 -14"><span class='ocrx_word' id='word_1_22' title='bbox 151 347 224 367; x_wconf 88' lang='lat' dir='ltr'>non</span> <span class='ocrx_word' id='word_1_23' title='bbox 255 343 369 367; x_wconf 76' lang='lat' dir='ltr'>esset</span> <span class='ocrx_word' id='word_1_24' title='bbox 395 338 457 376; x_wconf 52' lang='lat' dir='ltr'>⁸(ln</span> <span class='ocrx_word' id='word_1_25' title='bbox 485 337 572 367; x_wconf 82' lang='lat' dir='ltr'>hisee</span> <span class='ocrx_word' id='word_1_26' title='bbox 601 338 753 367; x_wconf 81' lang='lat' dir='ltr'>versibus</span> <span class='ocrx_word' id='word_1_27' title='bbox 782 338 863 368; x_wconf 85' lang='lat' dir='ltr'>diem</span> <span class='ocrx_word' id='word_1_28' title='bbox 892 339 1086 376; x_wconf 84' lang='lat' dir='ltr'>inl&#39;nustum,</span> <span class='ocrx_word' id='word_1_29' title='bbox 1128 348 1190 379; x_wconf 88' lang='lat' dir='ltr'>quo</span> <span class='ocrx_word' id='word_1_30' title='bbox 1228 350 1283 368; x_wconf 79' lang='lat' dir='ltr'>rex</span> <span class='ocrx_word' id='word_1_31' title='bbox 1318 340 1495 368; x_wconf 73' lang='lat' dir='ltr'>Aluolmiau</span> <span class='ocrx_word' id='word_1_32' title='bbox 1531 341 1702 379; x_wconf 74' lang='lat' dir='ltr'>‹pieriililiet</span> <span class='ocrx_word' id='word_1_33' title='bbox 1740 342 1798 371; x_wconf 81' lang='lat' dir='ltr'>sibi</span> <span class='ocrx_word' id='word_1_34' title='bbox 1837 342 1936 381; x_wconf 89' lang='lat' dir='ltr'>primo</span> 
     </span>
     <span class='ocr_line' id='line_1_5' title="bbox 149 399 1937 443; baseline 0.003 -15"><span class='ocrx_word' id='word_1_35' title='bbox 149 399 371 430; x_wconf 77' lang='lat' dir='ltr'>obvenit-ntem</span> <span class='ocrx_word' id='word_1_36' title='bbox 399 399 547 431; x_wconf 84' lang='lat' dir='ltr'>occidere</span> <span class='ocrx_word' id='word_1_37' title='bbox 573 400 711 441; x_wconf 77' lang='lat' dir='ltr'>solebat,</span> <span class='ocrx_word' id='word_1_38' title='bbox 739 402 902 440; x_wconf 78' lang='lat' dir='ltr'>respicere</span> <span class='ocrx_word' id='word_1_39' title='bbox 930 402 1086 440; x_wconf 79' lang='lat' dir='ltr'>videtur),</span> <span class='ocrx_word' id='word_1_40' title='bbox 1116 402 1212 430; x_wconf 75' lang='lat' dir='ltr'>Meitl.</span> <span class='ocrx_word' id='word_1_41' title='bbox 1231 402 1266 431; x_wconf 86' lang='lat' dir='ltr'>C.</span> <span class='ocrx_word' id='word_1_42' title='bbox 1296 403 1332 431; x_wconf 77' lang='lat' dir='ltr'>T.</span> <span class='ocrx_word' id='word_1_43' title='bbox 1353 403 1375 437; x_wconf 78' lang='lat' dir='ltr'>l,</span> <span class='ocrx_word' id='word_1_44' title='bbox 1404 412 1432 441; x_wconf 88' lang='lat' dir='ltr'>p.</span> <span class='ocrx_word' id='word_1_45' title='bbox 1460 402 1541 432; x_wconf 83' lang='grc'>361.</span> <span class='ocrx_word' id='word_1_46' title='bbox 1579 404 1679 432; x_wconf 85' lang='lat' dir='ltr'>cons.</span> <span class='ocrx_word' id='word_1_47' title='bbox 1710 405 1801 433; x_wconf 86' lang='lat' dir='ltr'>llam.</span> <span class='ocrx_word' id='word_1_48' title='bbox 1830 414 1859 443; x_wconf 96' lang='lat' dir='ltr'>p.</span> <span class='ocrx_word' id='word_1_49' title='bbox 1887 414 1937 443; x_wconf 60' lang='lat' dir='ltr'>vu,</span> 
     </span>
     <span class='ocr_line' id='line_1_6' title="bbox 150 463 1936 504; baseline 0.002 -12"><span class='ocrx_word' id='word_1_50' title='bbox 150 463 200 492; x_wconf 88' lang='lat' dir='ltr'>ubi</span> <span class='ocrx_word' id='word_1_51' title='bbox 228 473 343 494; x_wconf 82' lang='lat' dir='ltr'>versus</span> <span class='ocrx_word' id='word_1_52' title='bbox 371 469 550 494; x_wconf 86' lang='lat' dir='ltr'>occurrunt.</span> <span class='ocrx_word' id='word_1_53' title='bbox 605 464 684 493; x_wconf 81' lang='lat' dir='ltr'>&#39;l&#39;am</span> <span class='ocrx_word' id='word_1_54' title='bbox 712 465 881 494; x_wconf 77' lang='lat' dir='ltr'>carminum</span> <span class='ocrx_word' id='word_1_55' title='bbox 909 474 1029 504; x_wconf 80' lang='lat' dir='ltr'>genere</span> <span class='ocrx_word' id='word_1_56' title='bbox 1054 465 1162 500; x_wconf 49' lang='lat' dir='ltr'>§Qui</span> <span class='ocrx_word' id='word_1_57' title='bbox 1190 464 1359 504; x_wconf 75' lang='lat' dir='ltr'>appellate,</span> <span class='ocrx_word' id='word_1_58' title='bbox 1389 474 1479 503; x_wconf 81' lang='lat' dir='ltr'>quam</span> <span class='ocrx_word' id='word_1_59' title='bbox 1508 474 1635 501; x_wconf 78' lang='lat' dir='ltr'>eorum,</span> <span class='ocrx_word' id='word_1_60' title='bbox 1663 466 1775 503; x_wconf 69' lang='lat' dir='ltr'>quilius</span> <span class='ocrx_word' id='word_1_61' title='bbox 1805 471 1936 496; x_wconf 86' lang='lat' dir='ltr'>metrum</span> 
     </span>
     <span class='ocr_line' id='line_1_7' title="bbox 149 524 1936 566; baseline 0.002 -12"><span class='ocrx_word' id='word_1_62' title='bbox 149 524 271 566; x_wconf 78' lang='lat' dir='ltr'>Retljes</span> <span class='ocrx_word' id='word_1_63' title='bbox 302 531 364 563; x_wconf 87' lang='lat' dir='ltr'>est,</span> <span class='ocrx_word' id='word_1_64' title='bbox 392 526 524 565; x_wconf 82' lang='lat' dir='ltr'>insignis</span> <span class='ocrx_word' id='word_1_65' title='bbox 552 532 631 556; x_wconf 84' lang='lat' dir='ltr'>erat.</span> <span class='ocrx_word' id='word_1_66' title='bbox 685 527 827 557; x_wconf 71' lang='lat' dir='ltr'>Externo</span> <span class='ocrx_word' id='word_1_67' title='bbox 856 526 960 556; x_wconf 82' lang='lat' dir='ltr'>habitu</span> <span class='ocrx_word' id='word_1_68' title='bbox 989 531 1021 555; x_wconf 90' lang='lat' dir='ltr'>et</span> <span class='ocrx_word' id='word_1_69' title='bbox 1054 527 1177 565; x_wconf 78' lang='lat' dir='ltr'>loquela</span> <span class='ocrx_word' id='word_1_70' title='bbox 1213 526 1331 556; x_wconf 76' lang='lat' dir='ltr'>deserti</span> <span class='ocrx_word' id='word_1_71' title='bbox 1371 527 1502 556; x_wconf 81' lang='lat' dir='ltr'>incolam</span> <span class='ocrx_word' id='word_1_72' title='bbox 1541 528 1710 559; x_wconf 76' lang='lat' dir='ltr'>referebat.</span> <span class='ocrx_word' id='word_1_73' title='bbox 1764 528 1936 557; x_wconf 81' lang='lat' dir='ltr'>Praestan-</span> 
     </span>
    </p>
   </div>
   <div class='ocr_carea' id='block_1_3' title="bbox 149 576 1935 634">
    <p class='ocr_par' dir='ltr' id='par_1_3' title="bbox 149 576 1935 634">
     <span class='ocr_line' id='line_1_8' title="bbox 149 576 1935 634; baseline 0.001 -18"><span class='ocrx_word' id='word_1_74' title='bbox 149 588 282 618; x_wconf 83' lang='lat' dir='ltr'>tissimis</span> <span class='ocrx_word' id='word_1_75' title='bbox 300 588 509 619; x_wconf 79' lang='lat' dir='ltr'>recentiorum</span> <span class='ocrx_word' id='word_1_76' title='bbox 533 595 698 628; x_wconf 75' lang='lat' dir='ltr'>poetarum</span> <span class='ocrx_word' id='word_1_77' title='bbox 716 576 894 634; x_wconf 36' lang='lat' dir='ltr'>(ostii-&gt;22⁹0</span> <span class='ocrx_word' id='word_1_78' title='bbox 914 588 1147 618; x_wconf 71' lang='lat' dir='ltr'>adnumeratur.</span> <span class='ocrx_word' id='word_1_79' title='bbox 1178 590 1204 619; x_wconf 79' lang='lat' dir='ltr'>C</span> <span class='ocrx_word' id='word_1_80' title='bbox 1217 590 1222 617; x_wconf 92' lang='lat' dir='ltr'>i</span> <span class='ocrx_word' id='word_1_81' title='bbox 1235 593 1268 619; x_wconf 86' lang='lat' dir='ltr'>ta</span> <span class='ocrx_word' id='word_1_82' title='bbox 1279 590 1306 619; x_wconf 93' lang='lat' dir='ltr'>b.</span> <span class='ocrx_word' id='word_1_83' title='bbox 1324 590 1349 618; x_wconf 81' lang='lat' dir='ltr'>A</span> <span class='ocrx_word' id='word_1_84' title='bbox 1364 590 1398 619; x_wconf 86' lang='lat' dir='ltr'>la</span> <span class='ocrx_word' id='word_1_85' title='bbox 1413 590 1470 629; x_wconf 84' lang='lat' dir='ltr'>gb.</span> <span class='ocrx_word' id='word_1_86' title='bbox 1492 590 1573 618; x_wconf 79' lang='lat' dir='ltr'>conf.</span> <span class='ocrx_word' id='word_1_87' title='bbox 1590 591 1680 619; x_wconf 80' lang='lat' dir='ltr'>llam.</span> <span class='ocrx_word' id='word_1_88' title='bbox 1703 600 1731 629; x_wconf 73' lang='lat' dir='ltr'>p.</span> <span class='ocrx_word' id='word_1_89' title='bbox 1755 591 1802 618; x_wconf 60' lang='lat'>¹1⁸0</span> <span class='ocrx_word' id='word_1_90' title='bbox 1822 595 1852 618; x_wconf 88' lang='lat' dir='ltr'>et</span> <span class='ocrx_word' id='word_1_91' title='bbox 1868 588 1935 619; x_wconf 52' lang='grc' dir='ltr'><strong><em>οὖν’.</em></strong></span> 
     </span>
    </p>
   </div>
   <div class='ocr_carea' id='block_1_4' title="bbox 146 698 1984 1492">
    <p class='ocr_par' dir='ltr' id='par_1_4' title="bbox 149 698 1984 791">
     <span class='ocr_line' id='line_1_9' title="bbox 149 698 1984 738; baseline 0.001 -12"><span class='ocrx_word' id='word_1_92' title='bbox 149 698 175 726; x_wconf 93' lang='grc' dir='ltr'>Ι.</span> <span class='ocrx_word' id='word_1_93' title='bbox 200 698 349 727; x_wconf 73' lang='lat' dir='ltr'>Accedile</span> <span class='ocrx_word' id='word_1_94' title='bbox 379 709 432 728; x_wconf 76' lang='lat' dir='ltr'>ros</span> <span class='ocrx_word' id='word_1_95' title='bbox 468 700 528 728; x_wconf 80' lang='lat' dir='ltr'>duo</span> <span class='ocrx_word' id='word_1_96' title='bbox 559 701 601 728; x_wconf 89' lang='lat' dir='ltr'>ad</span> <span class='ocrx_word' id='word_1_97' title='bbox 627 700 785 728; x_wconf 72' lang='lat' dir='ltr'>Muluium</span> <span class='ocrx_word' id='word_1_98' title='bbox 813 702 942 738; x_wconf 73' lang='lat' dir='ltr'>eiusque</span> <span class='ocrx_word' id='word_1_99' title='bbox 973 699 1120 737; x_wconf 77' lang='lat' dir='ltr'>sepulcra</span> <span class='ocrx_word' id='word_1_100' title='bbox 1146 701 1257 728; x_wconf 59' lang='lat' dir='ltr'>‹laecitm</span> <span class='ocrx_word' id='word_1_101' title='bbox 1287 701 1395 730; x_wconf 72' lang='lat' dir='ltr'>Nubes</span> <span class='ocrx_word' id='word_1_102' title='bbox 1425 703 1597 729; x_wconf 76' lang='lat' dir='ltr'>matutinae</span> <span class='ocrx_word' id='word_1_103' title='bbox 1625 703 1737 730; x_wconf 81' lang='lat' dir='ltr'>iterum</span> <span class='ocrx_word' id='word_1_104' title='bbox 1765 702 1938 738; x_wconf 76' lang='lat' dir='ltr'>iterumque</span> <span class='ocrx_word' id='word_1_105' title='bbox 1980 698 1984 700; x_wconf 57' lang='grc'>’</span> 
     </span>
     <span class='ocr_line' id='line_1_10' title="bbox 816 754 1272 791; baseline 0.004 -10"><span class='ocrx_word' id='word_1_106' title='bbox 816 754 923 791; x_wconf 80' lang='lat' dir='ltr'>pluria</span> <span class='ocrx_word' id='word_1_107' title='bbox 947 764 1041 782; x_wconf 76' lang='lat' dir='ltr'>rerem</span> <span class='ocrx_word' id='word_1_108' title='bbox 1065 758 1093 782; x_wconf 71' lang='lat' dir='ltr'>te</span> <span class='ocrx_word' id='word_1_109' title='bbox 1116 754 1272 790; x_wconf 53' lang='lat' dir='ltr'>iri-went!</span> 
     </span>
    </p>

    <p class='ocr_par' dir='ltr' id='par_1_5' title="bbox 146 824 1937 1492">
     <span class='ocr_line' id='line_1_11' title="bbox 245 824 1934 870; baseline 0.006 -17"><span class='ocrx_word' id='word_1_110' title='bbox 245 824 369 854; x_wconf 81' lang='lat' dir='ltr'>Versus</span> <span class='ocrx_word' id='word_1_111' title='bbox 394 830 567 863; x_wconf 76' lang='lat' dir='ltr'>sequentes</span> <span class='ocrx_word' id='word_1_112' title='bbox 596 825 624 855; x_wconf 88' lang='lat' dir='ltr'>in</span> <span class='ocrx_word' id='word_1_113' title='bbox 651 824 844 854; x_wconf 80' lang='lat' dir='ltr'>Ebu-Chall.</span> <span class='ocrx_word' id='word_1_114' title='bbox 877 834 973 862; x_wconf 79' lang='lat' dir='ltr'>opere</span> <span class='ocrx_word' id='word_1_115' title='bbox 999 824 1061 854; x_wconf 77' lang='lat' dir='ltr'>No.</span> <span class='ocrx_word' id='word_1_116' title='bbox 1092 824 1173 854; x_wconf 68' lang='lat'>7⁴2.</span> <span class='ocrx_word' id='word_1_117' title='bbox 1203 824 1414 854; x_wconf 85' lang='lat' dir='ltr'>inveniuntur.</span> <span class='ocrx_word' id='word_1_118' title='bbox 1467 827 1559 855; x_wconf 81' lang='lat' dir='ltr'>More</span> <span class='ocrx_word' id='word_1_119' title='bbox 1588 833 1731 860; x_wconf 86' lang='lat' dir='ltr'>veterum</span> <span class='ocrx_word' id='word_1_120' title='bbox 1768 836 1934 870; x_wconf 87' lang='lat' dir='ltr'>poetarum</span> 
     </span>
     <span class='ocr_line' id='line_1_12' title="bbox 147 885 1935 935; baseline 0.006 -20"><span class='ocrx_word' id='word_1_121' title='bbox 147 885 227 915; x_wconf 79' lang='lat' dir='ltr'>duas</span> <span class='ocrx_word' id='word_1_122' title='bbox 261 896 416 925; x_wconf 85' lang='lat' dir='ltr'>personas</span> <span class='ocrx_word' id='word_1_123' title='bbox 445 888 616 927; x_wconf 76' lang='lat' dir='ltr'>alloquitur</span> <span class='ocrx_word' id='word_1_124' title='bbox 647 887 766 925; x_wconf 76' lang='lat' dir='ltr'>(cons.</span> <span class='ocrx_word' id='word_1_125' title='bbox 796 886 1029 916; x_wconf 70' lang='lat' dir='ltr'>Aniru-l&#39;h&#39;aisi</span> <span class='ocrx_word' id='word_1_126' title='bbox 1066 888 1171 917; x_wconf 82' lang='lat' dir='ltr'>Moall.</span> <span class='ocrx_word' id='word_1_127' title='bbox 1203 898 1233 917; x_wconf 81' lang='lat' dir='ltr'>v,</span> <span class='ocrx_word' id='word_1_128' title='bbox 1267 889 1294 918; x_wconf 87' lang='lat'>1.</span> <span class='ocrx_word' id='word_1_129' title='bbox 1325 890 1417 920; x_wconf 81' lang='lat' dir='ltr'>llam.</span> <span class='ocrx_word' id='word_1_130' title='bbox 1447 900 1474 929; x_wconf 84' lang='lat' dir='ltr'>p.</span> <span class='ocrx_word' id='word_1_131' title='bbox 1503 889 1534 920; x_wconf 74' lang='lat' dir='ltr'>tri</span> <span class='ocrx_word' id='word_1_132' title='bbox 1564 901 1593 921; x_wconf 83' lang='lat' dir='ltr'>v.</span> <span class='ocrx_word' id='word_1_133' title='bbox 1623 893 1655 922; x_wconf 84' lang='lat'>5.</span> <span class='ocrx_word' id='word_1_134' title='bbox 1685 903 1711 932; x_wconf 84' lang='lat' dir='ltr'>p.</span> <span class='ocrx_word' id='word_1_135' title='bbox 1743 895 1778 922; x_wconf 71' lang='grc' dir='ltr'>ΙΓΊ</span> <span class='ocrx_word' id='word_1_136' title='bbox 1807 894 1876 924; x_wconf 78' lang='lat' dir='ltr'>infr.</span> <span class='ocrx_word' id='word_1_137' title='bbox 1905 906 1935 935; x_wconf 91' lang='lat' dir='ltr'>p.</span> 
     </span>
     <span class='ocr_line' id='line_1_13' title="bbox 146 948 1936 991; baseline 0.006 -14"><span class='ocrx_word' id='word_1_138' title='bbox 146 948 180 977; x_wconf 71' lang='grc' dir='ltr'>1Λῖ</span> <span class='ocrx_word' id='word_1_139' title='bbox 207 958 238 977; x_wconf 84' lang='lat' dir='ltr'>v.</span> <span class='ocrx_word' id='word_1_140' title='bbox 263 948 309 983; x_wconf 85' lang='lat'>1.)</span> <span class='ocrx_word' id='word_1_141' title='bbox 339 958 466 988; x_wconf 75' lang='lat' dir='ltr'>rogans,</span> <span class='ocrx_word' id='word_1_142' title='bbox 495 954 527 978; x_wconf 89' lang='lat' dir='ltr'>ut</span> <span class='ocrx_word' id='word_1_143' title='bbox 555 950 663 978; x_wconf 80' lang='lat' dir='ltr'>Malmi</span> <span class='ocrx_word' id='word_1_144' title='bbox 692 948 872 988; x_wconf 75' lang='lat' dir='ltr'>sepulcrum</span> <span class='ocrx_word' id='word_1_145' title='bbox 899 949 1031 978; x_wconf 79' lang='lat' dir='ltr'>visitent</span> <span class='ocrx_word' id='word_1_146' title='bbox 1061 954 1093 978; x_wconf 85' lang='lat' dir='ltr'>et.</span> <span class='ocrx_word' id='word_1_147' title='bbox 1121 951 1200 979; x_wconf 90' lang='lat' dir='ltr'>bene</span> <span class='ocrx_word' id='word_1_148' title='bbox 1229 952 1256 980; x_wconf 91' lang='lat' dir='ltr'>ei</span> <span class='ocrx_word' id='word_1_149' title='bbox 1286 958 1467 990; x_wconf 79' lang='lat' dir='ltr'>precentur.</span> <span class='ocrx_word' id='word_1_150' title='bbox 1522 953 1614 991; x_wconf 83' lang='lat' dir='ltr'>Quod</span> <span class='ocrx_word' id='word_1_151' title='bbox 1646 955 1673 984; x_wconf 83' lang='lat' dir='ltr'>si</span> <span class='ocrx_word' id='word_1_152' title='bbox 1700 956 1835 986; x_wconf 89' lang='lat' dir='ltr'>nubibus</span> <span class='ocrx_word' id='word_1_153' title='bbox 1866 967 1936 987; x_wconf 86' lang='lat' dir='ltr'>ma-</span> 
     </span>
     <span class='ocr_line' id='line_1_14' title="bbox 149 1011 1937 1057; baseline 0.005 -17"><span class='ocrx_word' id='word_1_154' title='bbox 149 1011 258 1040; x_wconf 83' lang='lat' dir='ltr'>tutinis</span> <span class='ocrx_word' id='word_1_155' title='bbox 286 1011 421 1051; x_wconf 83' lang='lat' dir='ltr'>rigatur,</span> <span class='ocrx_word' id='word_1_156' title='bbox 449 1011 551 1041; x_wconf 83' lang='lat' dir='ltr'>viride</span> <span class='ocrx_word' id='word_1_157' title='bbox 577 1020 704 1050; x_wconf 80' lang='lat' dir='ltr'>semper</span> <span class='ocrx_word' id='word_1_158' title='bbox 731 1011 801 1048; x_wconf 82' lang='lat' dir='ltr'>erit,</span> <span class='ocrx_word' id='word_1_159' title='bbox 829 1016 863 1040; x_wconf 87' lang='lat' dir='ltr'>ut</span> <span class='ocrx_word' id='word_1_160' title='bbox 890 1011 968 1040; x_wconf 79' lang='lat' dir='ltr'>solis</span> <span class='ocrx_word' id='word_1_161' title='bbox 1005 1011 1098 1040; x_wconf 85' lang='lat' dir='ltr'>ardor</span> <span class='ocrx_word' id='word_1_162' title='bbox 1133 1013 1161 1041; x_wconf 88' lang='lat' dir='ltr'>ei</span> <span class='ocrx_word' id='word_1_163' title='bbox 1199 1012 1279 1042; x_wconf 84' lang='lat' dir='ltr'>haud</span> <span class='ocrx_word' id='word_1_164' title='bbox 1317 1019 1438 1043; x_wconf 86' lang='lat' dir='ltr'>noceat.</span> <span class='ocrx_word' id='word_1_165' title='bbox 1501 1015 1641 1045; x_wconf 72' lang='lat' dir='ltr'>Muluius</span> <span class='ocrx_word' id='word_1_166' title='bbox 1670 1016 1697 1046; x_wconf 87' lang='lat' dir='ltr'>b.</span> <span class='ocrx_word' id='word_1_167' title='bbox 1727 1017 1861 1057; x_wconf 86' lang='lat' dir='ltr'>Sajidah</span> <span class='ocrx_word' id='word_1_168' title='bbox 1887 1021 1937 1049; x_wconf 78' lang='lat' dir='ltr'>vir</span> 
     </span>
     <span class='ocr_line' id='line_1_15' title="bbox 147 1072 1936 1117; baseline 0.006 -16"><span class='ocrx_word' id='word_1_169' title='bbox 147 1072 380 1113; x_wconf 69' lang='lat' dir='ltr'>generositate,</span> <span class='ocrx_word' id='word_1_170' title='bbox 405 1072 586 1106; x_wconf 77' lang='lat' dir='ltr'>fortitudine</span> <span class='ocrx_word' id='word_1_171' title='bbox 613 1078 645 1102; x_wconf 84' lang='lat' dir='ltr'>et</span> <span class='ocrx_word' id='word_1_172' title='bbox 674 1073 861 1102; x_wconf 82' lang='lat' dir='ltr'>liberalitate</span> <span class='ocrx_word' id='word_1_173' title='bbox 888 1074 1112 1104; x_wconf 81' lang='lat' dir='ltr'>celeberrimus</span> <span class='ocrx_word' id='word_1_174' title='bbox 1139 1076 1315 1108; x_wconf 84' lang='lat' dir='ltr'>anno.l5l</span> <span class='ocrx_word' id='word_1_175' title='bbox 1347 1076 1531 1115; x_wconf 73' lang='lat' dir='ltr'>praefectus</span> <span class='ocrx_word' id='word_1_176' title='bbox 1550 1078 1744 1117; x_wconf 83' lang='lat' dir='ltr'>Sidjistanae</span> <span class='ocrx_word' id='word_1_177' title='bbox 1764 1080 1843 1110; x_wconf 90' lang='lat' dir='ltr'>diem</span> <span class='ocrx_word' id='word_1_178' title='bbox 1859 1081 1936 1111; x_wconf 90' lang='lat' dir='ltr'>obiit</span> 
     </span>
     <span class='ocr_line' id='line_1_16' title="bbox 150 1134 1936 1180; baseline 0.005 -17"><span class='ocrx_word' id='word_1_179' title='bbox 150 1134 255 1165; x_wconf 83' lang='lat' dir='ltr'>conf.</span> <span class='ocrx_word' id='word_1_180' title='bbox 286 1135 451 1164; x_wconf 83' lang='lat' dir='ltr'>Herbelot.</span> <span class='ocrx_word' id='word_1_181' title='bbox 487 1135 523 1164; x_wconf 82' lang='lat' dir='ltr'>T.</span> <span class='ocrx_word' id='word_1_182' title='bbox 551 1136 588 1164; x_wconf 88' lang='lat'>11.</span> <span class='ocrx_word' id='word_1_183' title='bbox 618 1145 646 1174; x_wconf 92' lang='lat' dir='ltr'>p.</span> <span class='ocrx_word' id='word_1_184' title='bbox 677 1136 758 1165; x_wconf 81' lang='lat'>546.</span> <span class='ocrx_word' id='word_1_185' title='bbox 786 1135 1029 1166; x_wconf 82' lang='lat' dir='ltr'>Ebu-Cliallik.</span> <span class='ocrx_word' id='word_1_186' title='bbox 1065 1138 1128 1168; x_wconf 70' lang='lat' dir='ltr'>No.</span> <span class='ocrx_word' id='word_1_187' title='bbox 1157 1138 1238 1168; x_wconf 73' lang='lat'>742.</span> <span class='ocrx_word' id='word_1_188' title='bbox 1276 1144 1308 1169; x_wconf 86' lang='lat' dir='ltr'>et</span> <span class='ocrx_word' id='word_1_189' title='bbox 1341 1140 1570 1170; x_wconf 78' lang='lat' dir='ltr'>Ebu-Kotaib.</span> <span class='ocrx_word' id='word_1_190' title='bbox 1598 1151 1627 1180; x_wconf 88' lang='lat' dir='ltr'>p.</span> <span class='ocrx_word' id='word_1_191' title='bbox 1663 1141 1741 1175; x_wconf 71' lang='lat'>134,</span> <span class='ocrx_word' id='word_1_192' title='bbox 1805 1142 1846 1172; x_wconf 86' lang='lat' dir='ltr'>Ut</span> <span class='ocrx_word' id='word_1_193' title='bbox 1883 1143 1936 1173; x_wconf 88' lang='lat' dir='ltr'>illa</span> 
     </span>
     <span class='ocr_line' id='line_1_17' title="bbox 150 1197 1935 1242; baseline 0.005 -16"><span class='ocrx_word' id='word_1_194' title='bbox 150 1197 257 1236; x_wconf 86' lang='lat' dir='ltr'>pluvia</span> <span class='ocrx_word' id='word_1_195' title='bbox 293 1201 442 1228; x_wconf 81' lang='lat' dir='ltr'>continuo</span> <span class='ocrx_word' id='word_1_196' title='bbox 479 1198 661 1238; x_wconf 85' lang='lat' dir='ltr'>sepulerum</span> <span class='ocrx_word' id='word_1_197' title='bbox 700 1199 823 1239; x_wconf 85' lang='lat' dir='ltr'>irrigari</span> <span class='ocrx_word' id='word_1_198' title='bbox 860 1198 1075 1240; x_wconf 81' lang='lat' dir='ltr'>significaret,</span> <span class='ocrx_word' id='word_1_199' title='bbox 1105 1206 1165 1230; x_wconf 89' lang='lat' dir='ltr'>tam</span> <span class='ocrx_word' id='word_1_200' title='bbox 1194 1201 1324 1240; x_wconf 83' lang='lat' dir='ltr'>pluralis</span> <span class='ocrx_word' id='word_1_201' title='bbox 1353 1199 1505 1242; x_wconf 39' lang='lat' dir='ltr'>253⁸)AEss</span> <span class='ocrx_word' id='word_1_202' title='bbox 1539 1212 1621 1242; x_wconf 86' lang='lat' dir='ltr'>quae</span> <span class='ocrx_word' id='word_1_203' title='bbox 1654 1214 1720 1233; x_wconf 81' lang='lat' dir='ltr'>vox</span> <span class='ocrx_word' id='word_1_204' title='bbox 1747 1204 1935 1235; x_wconf 83' lang='lat' dir='ltr'>adiectivum</span> 
     </span>
     <span class='ocr_line' id='line_1_18' title="bbox 149 1258 1936 1309; baseline 0.004 -20"><span class='ocrx_word' id='word_1_205' title='bbox 149 1264 199 1289; x_wconf 88' lang='lat' dir='ltr'>est</span> <span class='ocrx_word' id='word_1_206' title='bbox 224 1260 428 1289; x_wconf 76' lang='lat' dir='ltr'>substantivo</span> <span class='ocrx_word' id='word_1_207' title='bbox 454 1261 586 1301; x_wconf 60' lang='lat' dir='ltr'>omisso.</span> <span class='ocrx_word' id='word_1_208' title='bbox 614 1271 708 1300; x_wconf 87' lang='lat' dir='ltr'>quam</span> <span class='ocrx_word' id='word_1_209' title='bbox 734 1262 867 1291; x_wconf 86' lang='lat' dir='ltr'>vocibus</span> <span class='ocrx_word' id='word_1_210' title='bbox 896 1258 975 1307; x_wconf 56' lang='lat' dir='ltr'>qufe</span> <span class='ocrx_word' id='word_1_211' title='bbox 1000 1263 1036 1306; x_wconf 55' lang='grc' dir='ltr'><em>ῤ</em></span> <span class='ocrx_word' id='word_1_212' title='bbox 1064 1261 1139 1306; x_wconf 46' lang='lat' dir='ltr'>taff·</span> <span class='ocrx_word' id='word_1_213' title='bbox 1167 1273 1244 1294; x_wconf 68' lang='lat' dir='ltr'>usus</span> <span class='ocrx_word' id='word_1_214' title='bbox 1271 1269 1329 1294; x_wconf 87' lang='lat' dir='ltr'>est.</span> <span class='ocrx_word' id='word_1_215' title='bbox 1384 1265 1505 1295; x_wconf 77' lang='lat' dir='ltr'>Vocem</span> <span class='ocrx_word' id='word_1_216' title='bbox 1534 1263 1612 1309; x_wconf 45' lang='lat' dir='ltr'>Liras</span> <span class='ocrx_word' id='word_1_217' title='bbox 1639 1267 1840 1307; x_wconf 83' lang='lat' dir='ltr'>grammatici</span> <span class='ocrx_word' id='word_1_218' title='bbox 1875 1270 1936 1297; x_wconf 91' lang='lat' dir='ltr'>tri-</span> 
     </span>
     <span class='ocr_line' id='line_1_19' title="bbox 149 1321 1936 1372; baseline 0.005 -22"><span class='ocrx_word' id='word_1_219' title='bbox 149 1321 221 1360; x_wconf 91' lang='lat' dir='ltr'>plici</span> <span class='ocrx_word' id='word_1_220' title='bbox 248 1321 341 1351; x_wconf 92' lang='lat' dir='ltr'>modo</span> <span class='ocrx_word' id='word_1_221' title='bbox 370 1323 530 1362; x_wconf 83' lang='lat' dir='ltr'>explicant</span> <span class='ocrx_word' id='word_1_222' title='bbox 559 1326 611 1353; x_wconf 87' lang='lat' dir='ltr'>aut</span> <span class='ocrx_word' id='word_1_223' title='bbox 638 1333 707 1352; x_wconf 88' lang='lat' dir='ltr'>eam</span> <span class='ocrx_word' id='word_1_224' title='bbox 735 1333 812 1353; x_wconf 81' lang='lat' dir='ltr'>esse</span> <span class='ocrx_word' id='word_1_225' title='bbox 839 1323 909 1353; x_wconf 82' lang='lat' dir='ltr'>loco</span> <span class='ocrx_word' id='word_1_226' title='bbox 937 1323 1079 1354; x_wconf 83' lang='lat' dir='ltr'>adverbii</span> <span class='ocrx_word' id='word_1_227' title='bbox 1104 1322 1180 1369; x_wconf 40' lang='grc' dir='ltr'>κέλ-35</span> <span class='ocrx_word' id='word_1_228' title='bbox 1209 1327 1298 1365; x_wconf 85' lang='lat' dir='ltr'>(loco</span> <span class='ocrx_word' id='word_1_229' title='bbox 1324 1328 1429 1367; x_wconf 83' lang='lat' dir='ltr'>veris)</span> <span class='ocrx_word' id='word_1_230' title='bbox 1453 1333 1507 1358; x_wconf 88' lang='lat' dir='ltr'>aut</span> <span class='ocrx_word' id='word_1_231' title='bbox 1528 1329 1616 1358; x_wconf 79' lang='lat' dir='ltr'>verbi</span> <span class='ocrx_word' id='word_1_232' title='bbox 1637 1330 1793 1359; x_wconf 87' lang='lat' dir='ltr'>obiectum</span> <span class='ocrx_word' id='word_1_233' title='bbox 1812 1327 1936 1372; x_wconf 88' lang='lat' dir='ltr'>(pluvia</span> 
     </span>
     <span class='ocr_line' id='line_1_20' title="bbox 148 1381 1936 1434; baseline 0.004 -21"><span class='ocrx_word' id='word_1_234' title='bbox 148 1381 263 1427; x_wconf 76' lang='lat' dir='ltr'>verna)</span> <span class='ocrx_word' id='word_1_235' title='bbox 293 1389 347 1414; x_wconf 90' lang='lat' dir='ltr'>aut</span> <span class='ocrx_word' id='word_1_236' title='bbox 374 1394 487 1414; x_wconf 87' lang='lat' dir='ltr'>nomen</span> <span class='ocrx_word' id='word_1_237' title='bbox 515 1385 645 1414; x_wconf 77' lang='lat' dir='ltr'>verbale</span> <span class='ocrx_word' id='word_1_238' title='bbox 677 1395 695 1415; x_wconf 89' lang='lat' dir='ltr'>a</span> <span class='ocrx_word' id='word_1_239' title='bbox 727 1385 826 1415; x_wconf 83' lang='lat' dir='ltr'>verbo</span> <span class='ocrx_word' id='word_1_240' title='bbox 852 1397 902 1434; x_wconf 49' lang='lat' dir='ltr'>e.)</span> <span class='ocrx_word' id='word_1_241' title='bbox 929 1386 1045 1424; x_wconf 85' lang='lat' dir='ltr'>(verna</span> <span class='ocrx_word' id='word_1_242' title='bbox 1073 1387 1180 1426; x_wconf 86' lang='lat' dir='ltr'>pluvia</span> <span class='ocrx_word' id='word_1_243' title='bbox 1207 1390 1351 1420; x_wconf 81' lang='lat' dir='ltr'>adfectus</span> <span class='ocrx_word' id='word_1_244' title='bbox 1379 1390 1450 1429; x_wconf 84' lang='lat' dir='ltr'>suit)</span> <span class='ocrx_word' id='word_1_245' title='bbox 1478 1391 1675 1428; x_wconf 78' lang='lat' dir='ltr'>derivatum,</span> <span class='ocrx_word' id='word_1_246' title='bbox 1712 1396 1746 1421; x_wconf 86' lang='lat' dir='ltr'>ut</span> <span class='ocrx_word' id='word_1_247' title='bbox 1772 1401 1836 1421; x_wconf 83' lang='lat' dir='ltr'>vox</span> <span class='ocrx_word' id='word_1_248' title='bbox 1863 1401 1936 1421; x_wconf 86' lang='lat' dir='ltr'>cum</span> 
     </span>
     <span class='ocr_line' id='line_1_21' title="bbox 147 1445 1934 1492; baseline 0.003 -16"><span class='ocrx_word' id='word_1_249' title='bbox 147 1447 244 1476; x_wconf 86' lang='lat' dir='ltr'>verbo</span> <span class='ocrx_word' id='word_1_250' title='bbox 271 1445 374 1476; x_wconf 51' lang='grc' dir='ltr'>ἀκλέα</span> <span class='ocrx_word' id='word_1_251' title='bbox 400 1448 570 1477; x_wconf 82' lang='lat' dir='ltr'>coniuncta</span> <span class='ocrx_word' id='word_1_252' title='bbox 596 1456 652 1486; x_wconf 90' lang='lat' dir='ltr'>pro</span> <span class='ocrx_word' id='word_1_253' title='bbox 682 1446 754 1475; x_wconf 54' lang='grc' dir='ltr'>με..</span> <span class='ocrx_word' id='word_1_254' title='bbox 780 1448 829 1477; x_wconf 88' lang='lat' dir='ltr'>sit.</span> <span class='ocrx_word' id='word_1_255' title='bbox 882 1448 1020 1478; x_wconf 87' lang='lat' dir='ltr'>Primum</span> <span class='ocrx_word' id='word_1_256' title='bbox 1050 1447 1255 1481; x_wconf 84' lang='lat' dir='ltr'>reiiciendum</span> <span class='ocrx_word' id='word_1_257' title='bbox 1283 1461 1358 1481; x_wconf 81' lang='lat' dir='ltr'>esse</span> <span class='ocrx_word' id='word_1_258' title='bbox 1385 1457 1471 1491; x_wconf 89' lang='lat' dir='ltr'>puto.</span> <span class='ocrx_word' id='word_1_259' title='bbox 1532 1451 1575 1482; x_wconf 84' lang='lat' dir='ltr'>Ut</span> <span class='ocrx_word' id='word_1_260' title='bbox 1611 1453 1789 1492; x_wconf 85' lang='lat' dir='ltr'>sepulcrum</span> <span class='ocrx_word' id='word_1_261' title='bbox 1817 1452 1934 1492; x_wconf 88' lang='lat' dir='ltr'>pluviis</span> 
     </span>
    </p>
   </div>
   <div class='ocr_carea' id='block_1_5' title="bbox 147 1510 1464 1553">
    <p class='ocr_par' dir='ltr' id='par_1_6' title="bbox 147 1510 1464 1553">
     <span class='ocr_line' id='line_1_22' title="bbox 147 1510 1464 1553; baseline 0.003 -13"><span class='ocrx_word' id='word_1_262' title='bbox 147 1511 306 1550; x_wconf 71' lang='lat' dir='ltr'>irrigetur,</span> <span class='ocrx_word' id='word_1_263' title='bbox 334 1511 446 1549; x_wconf 86' lang='lat' dir='ltr'>quibus</span> <span class='ocrx_word' id='word_1_264' title='bbox 473 1510 665 1550; x_wconf 82' lang='lat' dir='ltr'>superficies</span> <span class='ocrx_word' id='word_1_265' title='bbox 695 1511 814 1548; x_wconf 82' lang='lat' dir='ltr'>vireat,</span> <span class='ocrx_word' id='word_1_266' title='bbox 843 1516 954 1550; x_wconf 87' lang='lat' dir='ltr'>optant</span> <span class='ocrx_word' id='word_1_267' title='bbox 981 1512 1084 1542; x_wconf 86' lang='lat' dir='ltr'>conf.</span> <span class='ocrx_word' id='word_1_268' title='bbox 1114 1514 1206 1543; x_wconf 86' lang='lat' dir='ltr'>llam.</span> <span class='ocrx_word' id='word_1_269' title='bbox 1237 1523 1264 1553; x_wconf 92' lang='lat' dir='ltr'>p.</span> <span class='ocrx_word' id='word_1_270' title='bbox 1293 1512 1341 1544; x_wconf 49' lang='grc' dir='ltr'>ΗΞ·</span> <span class='ocrx_word' id='word_1_271' title='bbox 1370 1524 1400 1543; x_wconf 82' lang='lat' dir='ltr'>v.</span> <span class='ocrx_word' id='word_1_272' title='bbox 1433 1514 1464 1543; x_wconf 88' lang='grc'>6.</span> 
     </span>
    </p>
   </div>
   <div class='ocr_carea' id='block_1_6' title="bbox 146 1620 1830 1664">
    <p class='ocr_par' dir='ltr' id='par_1_7' title="bbox 146 1620 1830 1664">
     <span class='ocr_line' id='line_1_23' title="bbox 146 1620 1830 1664; baseline 0.004 -14"><span class='ocrx_word' id='word_1_273' title='bbox 146 1622 177 1650; x_wconf 78' lang='lat'>2.</span> <span class='ocrx_word' id='word_1_274' title='bbox 203 1621 247 1650; x_wconf 76' lang='lat' dir='ltr'>Et</span> <span class='ocrx_word' id='word_1_275' title='bbox 268 1631 285 1650; x_wconf 85' lang='lat' dir='ltr'>o</span> <span class='ocrx_word' id='word_1_276' title='bbox 310 1621 428 1650; x_wconf 70' lang='lat' dir='ltr'>Malum·</span> <span class='ocrx_word' id='word_1_277' title='bbox 447 1620 650 1658; x_wconf 81' lang='lat' dir='ltr'>sepulcrum!</span> <span class='ocrx_word' id='word_1_278' title='bbox 669 1624 703 1650; x_wconf 82' lang='grc' dir='ltr'>Ιιι</span> <span class='ocrx_word' id='word_1_279' title='bbox 723 1622 826 1658; x_wconf 84' lang='lat' dir='ltr'>prima</span> <span class='ocrx_word' id='word_1_280' title='bbox 849 1624 953 1650; x_wconf 80' lang='lat' dir='ltr'>terrae</span> <span class='ocrx_word' id='word_1_281' title='bbox 970 1623 1062 1660; x_wconf 80' lang='lat' dir='ltr'>fossa</span> <span class='ocrx_word' id='word_1_282' title='bbox 1082 1633 1125 1660; x_wconf 81' lang='lat' dir='ltr'>es,</span> <span class='ocrx_word' id='word_1_283' title='bbox 1150 1635 1230 1662; x_wconf 66' lang='lat' dir='ltr'>‹suae›</span> <span class='ocrx_word' id='word_1_284' title='bbox 1252 1625 1318 1653; x_wconf 87' lang='lat' dir='ltr'>loco</span> <span class='ocrx_word' id='word_1_285' title='bbox 1341 1625 1416 1654; x_wconf 79' lang='lat' dir='ltr'>lecti</span> <span class='ocrx_word' id='word_1_286' title='bbox 1438 1625 1619 1655; x_wconf 73' lang='lat' dir='ltr'>liberalitati</span> <span class='ocrx_word' id='word_1_287' title='bbox 1636 1632 1752 1664; x_wconf 76' lang='lat' dir='ltr'>parata</span> <span class='ocrx_word' id='word_1_288' title='bbox 1775 1632 1830 1659; x_wconf 77' lang='lat' dir='ltr'>est.</span> 
     </span>
    </p>
   </div>
   <div class='ocr_carea' id='block_1_7' title="bbox 145 1703 1934 2244">
    <p class='ocr_par' dir='ltr' id='par_1_8' title="bbox 145 1703 1934 2244">
     <span class='ocr_line' id='line_1_24' title="bbox 246 1703 1934 1748; baseline 0.004 -15"><span class='ocrx_word' id='word_1_289' title='bbox 246 1703 296 1733; x_wconf 75' lang='lat' dir='ltr'>Ad</span> <span class='ocrx_word' id='word_1_290' title='bbox 325 1703 448 1734; x_wconf 88' lang='lat' dir='ltr'>laudem</span> <span class='ocrx_word' id='word_1_291' title='bbox 478 1704 677 1734; x_wconf 83' lang='lat' dir='ltr'>liberalitatis</span> <span class='ocrx_word' id='word_1_292' title='bbox 705 1714 742 1733; x_wconf 85' lang='lat' dir='ltr'>se</span> <span class='ocrx_word' id='word_1_293' title='bbox 770 1703 902 1734; x_wconf 83' lang='lat' dir='ltr'>confert.</span> <span class='ocrx_word' id='word_1_294' title='bbox 955 1703 1063 1733; x_wconf 86' lang='lat' dir='ltr'>Malmi</span> <span class='ocrx_word' id='word_1_295' title='bbox 1091 1710 1178 1735; x_wconf 84' lang='lat' dir='ltr'>tanta</span> <span class='ocrx_word' id='word_1_296' title='bbox 1211 1705 1382 1737; x_wconf 84' lang='lat' dir='ltr'>liberalitas</span> <span class='ocrx_word' id='word_1_297' title='bbox 1410 1712 1496 1748; x_wconf 63' lang='lat' dir='ltr'>erat,</span> <span class='ocrx_word' id='word_1_298' title='bbox 1534 1713 1568 1737; x_wconf 85' lang='lat' dir='ltr'>ut</span> <span class='ocrx_word' id='word_1_299' title='bbox 1604 1709 1633 1738; x_wconf 92' lang='lat' dir='ltr'>in</span> <span class='ocrx_word' id='word_1_300' title='bbox 1669 1710 1828 1748; x_wconf 88' lang='lat' dir='ltr'>proverbii</span> <span class='ocrx_word' id='word_1_301' title='bbox 1856 1719 1934 1740; x_wconf 89' lang='lat' dir='ltr'>con-</span> 
     </span>
     <span class='ocr_line' id='line_1_25' title="bbox 146 1767 1934 1808; baseline 0.003 -11"><span class='ocrx_word' id='word_1_302' title='bbox 146 1768 347 1798; x_wconf 85' lang='lat' dir='ltr'>suetudinem</span> <span class='ocrx_word' id='word_1_303' title='bbox 376 1771 501 1798; x_wconf 81' lang='lat' dir='ltr'>veniret</span> <span class='ocrx_word' id='word_1_304' title='bbox 529 1769 645 1807; x_wconf 80' lang='lat' dir='ltr'>(Meid,</span> <span class='ocrx_word' id='word_1_305' title='bbox 677 1770 714 1799; x_wconf 85' lang='lat' dir='ltr'>C.</span> <span class='ocrx_word' id='word_1_306' title='bbox 743 1769 776 1806; x_wconf 86' lang='lat'>6,</span> <span class='ocrx_word' id='word_1_307' title='bbox 805 1769 892 1808; x_wconf 59' lang='lat'>88).</span> <span class='ocrx_word' id='word_1_308' title='bbox 945 1768 1065 1798; x_wconf 71' lang='lat' dir='ltr'>Versui</span> <span class='ocrx_word' id='word_1_309' title='bbox 1099 1767 1250 1807; x_wconf 87' lang='lat' dir='ltr'>duplicem</span> <span class='ocrx_word' id='word_1_310' title='bbox 1286 1779 1415 1800; x_wconf 82' lang='lat' dir='ltr'>sensum</span> <span class='ocrx_word' id='word_1_311' title='bbox 1450 1771 1589 1800; x_wconf 87' lang='lat' dir='ltr'>tribuunt</span> <span class='ocrx_word' id='word_1_312' title='bbox 1618 1776 1671 1800; x_wconf 89' lang='lat' dir='ltr'>aut</span> <span class='ocrx_word' id='word_1_313' title='bbox 1699 1781 1770 1801; x_wconf 88' lang='lat' dir='ltr'>eum</span> <span class='ocrx_word' id='word_1_314' title='bbox 1798 1772 1934 1803; x_wconf 87' lang='lat' dir='ltr'>similem</span> 
     </span>
     <span class='ocr_line' id='line_1_26' title="bbox 145 1831 1934 1870; baseline 0.003 -10"><span class='ocrx_word' id='word_1_315' title='bbox 145 1840 221 1860; x_wconf 76' lang='lat' dir='ltr'>esse</span> <span class='ocrx_word' id='word_1_316' title='bbox 251 1831 356 1859; x_wconf 80' lang='lat' dir='ltr'>verbis</span> <span class='ocrx_word' id='word_1_317' title='bbox 388 1836 502 1869; x_wconf 87' lang='lat' dir='ltr'>poetae</span> <span class='ocrx_word' id='word_1_318' title='bbox 531 1834 638 1869; x_wconf 80' lang='lat' dir='ltr'>(metr.</span> <span class='ocrx_word' id='word_1_319' title='bbox 667 1832 828 1870; x_wconf 74' lang='lat' dir='ltr'>Tliawil):</span> <span class='ocrx_word' id='word_1_320' title='bbox 871 1831 1011 1869; x_wconf 84' lang='lat' dir='ltr'>Quasi</span> <span class='ocrx_word' id='word_1_321' title='bbox 1046 1835 1236 1860; x_wconf 77' lang='lat' dir='ltr'>mortuus</span> <span class='ocrx_word' id='word_1_322' title='bbox 1277 1836 1454 1870; x_wconf 87' lang='lat' dir='ltr'>praeter</span> <span class='ocrx_word' id='word_1_323' title='bbox 1495 1838 1534 1862; x_wconf 87' lang='lat' dir='ltr'>te</span> <span class='ocrx_word' id='word_1_324' title='bbox 1571 1843 1648 1862; x_wconf 92' lang='lat' dir='ltr'>non</span> <span class='ocrx_word' id='word_1_325' title='bbox 1673 1839 1797 1863; x_wconf 84' lang='lat' dir='ltr'>esset</span> <span class='ocrx_word' id='word_1_326' title='bbox 1825 1838 1863 1864; x_wconf 90' lang='lat' dir='ltr'>et</span> <span class='ocrx_word' id='word_1_327' title='bbox 1888 1835 1934 1865; x_wconf 87' lang='lat' dir='ltr'>ad</span> 
     </span>
     <span class='ocr_line' id='line_1_27' title="bbox 148 1893 1932 1934; baseline 0.003 -12"><span class='ocrx_word' id='word_1_328' title='bbox 148 1899 348 1923; x_wconf 90' lang='lat' dir='ltr'>mortuum</span> <span class='ocrx_word' id='word_1_329' title='bbox 379 1900 561 1932; x_wconf 87' lang='lat' dir='ltr'>praeter</span> <span class='ocrx_word' id='word_1_330' title='bbox 592 1898 630 1922; x_wconf 87' lang='lat' dir='ltr'>te</span> <span class='ocrx_word' id='word_1_331' title='bbox 662 1893 846 1923; x_wconf 77' lang='lat' dir='ltr'>feminae</span> <span class='ocrx_word' id='word_1_332' title='bbox 882 1893 1090 1934; x_wconf 85' lang='lat' dir='ltr'>lugentes</span> <span class='ocrx_word' id='word_1_333' title='bbox 1125 1903 1202 1922; x_wconf 91' lang='lat' dir='ltr'>non</span> <span class='ocrx_word' id='word_1_334' title='bbox 1237 1895 1487 1928; x_wconf 77' lang='lat' dir='ltr'>stetissent,</span> <span class='ocrx_word' id='word_1_335' title='bbox 1529 1896 1639 1932; x_wconf 80' lang='lat' dir='ltr'>quibus</span> <span class='ocrx_word' id='word_1_336' title='bbox 1667 1905 1731 1925; x_wconf 88' lang='lat' dir='ltr'>rem</span> <span class='ocrx_word' id='word_1_337' title='bbox 1769 1897 1932 1927; x_wconf 84' lang='lat' dir='ltr'>maximam</span> 
     </span>
     <span class='ocr_line' id='line_1_28' title="bbox 146 1955 1932 1998; baseline 0.001 -12"><span class='ocrx_word' id='word_1_338' title='bbox 146 1966 221 1986; x_wconf 70' lang='lat' dir='ltr'>esse</span> <span class='ocrx_word' id='word_1_339' title='bbox 248 1962 279 1986; x_wconf 86' lang='lat' dir='ltr'>et</span> <span class='ocrx_word' id='word_1_340' title='bbox 308 1956 438 1985; x_wconf 82' lang='lat' dir='ltr'>alteram</span> <span class='ocrx_word' id='word_1_341' title='bbox 465 1957 492 1984; x_wconf 87' lang='lat' dir='ltr'>ei</span> <span class='ocrx_word' id='word_1_342' title='bbox 521 1956 654 1985; x_wconf 79' lang='lat' dir='ltr'>similem</span> <span class='ocrx_word' id='word_1_343' title='bbox 683 1965 742 1984; x_wconf 90' lang='lat' dir='ltr'>non</span> <span class='ocrx_word' id='word_1_344' title='bbox 770 1955 914 1985; x_wconf 74' lang='lat' dir='ltr'>accidere</span> <span class='ocrx_word' id='word_1_345' title='bbox 943 1955 1101 1995; x_wconf 76' lang='lat' dir='ltr'>signifieat</span> <span class='ocrx_word' id='word_1_346' title='bbox 1131 1960 1182 1984; x_wconf 89' lang='lat' dir='ltr'>aut</span> <span class='ocrx_word' id='word_1_347' title='bbox 1212 1965 1309 1985; x_wconf 80' lang='lat' dir='ltr'>versu</span> <span class='ocrx_word' id='word_1_348' title='bbox 1337 1956 1510 1996; x_wconf 82' lang='lat' dir='ltr'>significari</span> <span class='ocrx_word' id='word_1_349' title='bbox 1539 1956 1665 1998; x_wconf 77' lang='lat' dir='ltr'>dicunt,</span> <span class='ocrx_word' id='word_1_350' title='bbox 1694 1963 1796 1988; x_wconf 85' lang='lat' dir='ltr'>morte</span> <span class='ocrx_word' id='word_1_351' title='bbox 1823 1959 1932 1989; x_wconf 83' lang='lat' dir='ltr'>Mahni</span> 
     </span>
     <span class='ocr_line' id='line_1_29' title="bbox 147 2019 1932 2058; baseline 0.002 -10"><span class='ocrx_word' id='word_1_352' title='bbox 147 2019 366 2048; x_wconf 84' lang='lat' dir='ltr'>liberalitatem</span> <span class='ocrx_word' id='word_1_353' title='bbox 404 2020 504 2058; x_wconf 83' lang='lat' dir='ltr'>ipsam</span> <span class='ocrx_word' id='word_1_354' title='bbox 533 2019 678 2058; x_wconf 83' lang='lat' dir='ltr'>periisse.</span> <span class='ocrx_word' id='word_1_355' title='bbox 731 2019 841 2048; x_wconf 82' lang='lat' dir='ltr'>Malmi</span> <span class='ocrx_word' id='word_1_356' title='bbox 869 2019 1038 2048; x_wconf 83' lang='lat' dir='ltr'>liberalitas</span> <span class='ocrx_word' id='word_1_357' title='bbox 1075 2023 1296 2057; x_wconf 80' lang='lat' dir='ltr'>quum&#39;tanta</span> <span class='ocrx_word' id='word_1_358' title='bbox 1330 2024 1438 2057; x_wconf 81' lang='lat' dir='ltr'>esset,</span> <span class='ocrx_word' id='word_1_359' title='bbox 1477 2023 1510 2048; x_wconf 90' lang='lat' dir='ltr'>ut</span> <span class='ocrx_word' id='word_1_360' title='bbox 1543 2020 1677 2050; x_wconf 87' lang='lat' dir='ltr'>omnium</span> <span class='ocrx_word' id='word_1_361' title='bbox 1713 2020 1932 2051; x_wconf 81' lang='lat' dir='ltr'>liberalitatem</span> 
     </span>
     <span class='ocr_line' id='line_1_30' title="bbox 145 2079 1930 2121; baseline 0 -10"><span class='ocrx_word' id='word_1_362' title='bbox 145 2082 436 2121; x_wconf 72' lang='lat' dir='ltr'>complecteretur,</span> <span class='ocrx_word' id='word_1_363' title='bbox 476 2087 576 2112; x_wconf 88' lang='lat' dir='ltr'>morte</span> <span class='ocrx_word' id='word_1_364' title='bbox 613 2083 682 2111; x_wconf 85' lang='lat' dir='ltr'>eius</span> <span class='ocrx_word' id='word_1_365' title='bbox 711 2082 779 2121; x_wconf 83' lang='lat' dir='ltr'>ipsa</span> <span class='ocrx_word' id='word_1_366' title='bbox 807 2082 977 2112; x_wconf 86' lang='lat' dir='ltr'>liberalitas</span> <span class='ocrx_word' id='word_1_367' title='bbox 1007 2081 1140 2120; x_wconf 73' lang='lat' dir='ltr'>periisse</span> <span class='ocrx_word' id='word_1_368' title='bbox 1166 2079 1303 2109; x_wconf 85' lang='lat' dir='ltr'>videtur.</span> <span class='ocrx_word' id='word_1_369' title='bbox 1356 2081 1449 2110; x_wconf 87' lang='lat' dir='ltr'>Hune</span> <span class='ocrx_word' id='word_1_370' title='bbox 1486 2090 1548 2121; x_wconf 83' lang='lat' dir='ltr'>ego</span> <span class='ocrx_word' id='word_1_371' title='bbox 1582 2091 1712 2111; x_wconf 85' lang='lat' dir='ltr'>sensum</span> <span class='ocrx_word' id='word_1_372' title='bbox 1745 2081 1930 2120; x_wconf 84' lang='lat' dir='ltr'>praeferen-</span> 
     </span>
     <span class='ocr_line' id='line_1_31' title="bbox 147 2142 1930 2183; baseline -0.001 -9"><span class='ocrx_word' id='word_1_373' title='bbox 147 2144 219 2174; x_wconf 86' lang='lat' dir='ltr'>dum</span> <span class='ocrx_word' id='word_1_374' title='bbox 248 2149 346 2183; x_wconf 51' lang='lat' dir='ltr'>puto&gt;</span> <span class='ocrx_word' id='word_1_375' title='bbox 375 2153 443 2173; x_wconf 85' lang='lat' dir='ltr'>nam</span> <span class='ocrx_word' id='word_1_376' title='bbox 470 2143 672 2183; x_wconf 82' lang='lat' dir='ltr'>desperantis</span> <span class='ocrx_word' id='word_1_377' title='bbox 701 2143 845 2182; x_wconf 88' lang='lat' dir='ltr'>loquendi</span> <span class='ocrx_word' id='word_1_378' title='bbox 880 2144 989 2172; x_wconf 90' lang='lat' dir='ltr'>modus</span> <span class='ocrx_word' id='word_1_379' title='bbox 1026 2148 1086 2174; x_wconf 87' lang='lat' dir='ltr'>est.</span> <span class='ocrx_word' id='word_1_380' title='bbox 1148 2143 1366 2172; x_wconf 78' lang='lat' dir='ltr'>Accusativus</span> <span class='ocrx_word' id='word_1_381' title='bbox 1401 2143 1493 2172; x_wconf 82' lang='lat' dir='ltr'>vocis</span> <span class='ocrx_word' id='word_1_382' title='bbox 1527 2142 1652 2180; x_wconf 44' lang='lat' dir='ltr'>bxjx-zm</span> <span class='ocrx_word' id='word_1_383' title='bbox 1677 2146 1776 2175; x_wconf 87' lang='lat' dir='ltr'>statui</span> <span class='ocrx_word' id='word_1_384' title='bbox 1804 2145 1930 2175; x_wconf 85' lang='lat' dir='ltr'>descri-</span> 
     </span>
     <span class='ocr_line' id='line_1_32' title="bbox 147 2205 1929 2244; baseline 0 -9"><span class='ocrx_word' id='word_1_385' title='bbox 147 2206 248 2235; x_wconf 82' lang='lat' dir='ltr'>bendo</span> <span class='ocrx_word' id='word_1_386' title='bbox 292 2207 436 2236; x_wconf 76' lang='lat' dir='ltr'>inservit.</span> <span class='ocrx_word' id='word_1_387' title='bbox 500 2206 534 2234; x_wconf 85' lang='lat' dir='ltr'>ln</span> <span class='ocrx_word' id='word_1_388' title='bbox 573 2205 864 2235; x_wconf 82' lang='lat' dir='ltr'>Ebu-Cliallieani</span> <span class='ocrx_word' id='word_1_389' title='bbox 903 2214 1000 2244; x_wconf 85' lang='lat' dir='ltr'>opere</span> <span class='ocrx_word' id='word_1_390' title='bbox 1038 2205 1148 2234; x_wconf 82' lang='lat' dir='ltr'>tertius</span> <span class='ocrx_word' id='word_1_391' title='bbox 1186 2205 1236 2235; x_wconf 88' lang='lat' dir='ltr'>hic</span> <span class='ocrx_word' id='word_1_392' title='bbox 1277 2205 1386 2234; x_wconf 89' lang='lat' dir='ltr'>ordine</span> <span class='ocrx_word' id='word_1_393' title='bbox 1431 2214 1547 2235; x_wconf 88' lang='lat' dir='ltr'>versus</span> <span class='ocrx_word' id='word_1_394' title='bbox 1586 2211 1648 2236; x_wconf 87' lang='lat' dir='ltr'>est.</span> <span class='ocrx_word' id='word_1_395' title='bbox 1710 2207 1798 2236; x_wconf 85' lang='lat' dir='ltr'>Loco</span> <span class='ocrx_word' id='word_1_396' title='bbox 1837 2206 1929 2235; x_wconf 81' lang='lat' dir='ltr'>vocis</span> 
     </span>
    </p>
   </div>
   <div class='ocr_carea' id='block_1_8' title="bbox 147 2265 1443 2313">
    <p class='ocr_par' dir='ltr' id='par_1_9' title="bbox 147 2265 1443 2313">
     <span class='ocr_line' id='line_1_33' title="bbox 147 2265 1443 2313; baseline 0 -17"><span class='ocrx_word' id='word_1_397' title='bbox 147 2266 289 2299; x_wconf 49' lang='grc' dir='ltr'>λ’.)-ωιὼ</span> <span class='ocrx_word' id='word_1_398' title='bbox 320 2268 436 2308; x_wconf 85' lang='lat' dir='ltr'>legitur</span> <span class='ocrx_word' id='word_1_399' title='bbox 464 2265 587 2313; x_wconf 53' lang='lat' dir='ltr'>lojsK-LJ</span> <span class='ocrx_word' id='word_1_400' title='bbox 615 2269 811 2307; x_wconf 79' lang='lat' dir='ltr'>(actionibus</span> <span class='ocrx_word' id='word_1_401' title='bbox 839 2268 1038 2309; x_wconf 81' lang='lat' dir='ltr'>generosis).</span> <span class='ocrx_word' id='word_1_402' title='bbox 1066 2268 1201 2308; x_wconf 83' lang='lat' dir='ltr'>Legitur</span> <span class='ocrx_word' id='word_1_403' title='bbox 1228 2276 1354 2307; x_wconf 81' lang='lat' dir='ltr'>quoque</span> <span class='ocrx_word' id='word_1_404' title='bbox 1384 2268 1443 2304; x_wconf 55' lang='grc' dir='ltr'>ᾤ.</span> 
     </span>
    </p>
   </div>
   <div class='ocr_carea' id='block_1_9' title="bbox 145 2377 1929 2417">
    <p class='ocr_par' dir='ltr' id='par_1_10' title="bbox 145 2377 1929 2417">
     <span class='ocr_line' id='line_1_34' title="bbox 145 2377 1929 2417; baseline 0.001 -10"><span class='ocrx_word' id='word_1_405' title='bbox 145 2379 178 2407; x_wconf 90' lang='grc'>3.</span> <span class='ocrx_word' id='word_1_406' title='bbox 201 2378 248 2407; x_wconf 80' lang='grc' dir='ltr'>ΕΙ</span> <span class='ocrx_word' id='word_1_407' title='bbox 267 2388 283 2407; x_wconf 92' lang='lat' dir='ltr'>o</span> <span class='ocrx_word' id='word_1_408' title='bbox 299 2377 418 2406; x_wconf 64' lang='lat' dir='ltr'>Malim·</span> <span class='ocrx_word' id='word_1_409' title='bbox 428 2377 632 2414; x_wconf 62' lang='lat' dir='ltr'>sepulcrum!</span> <span class='ocrx_word' id='word_1_410' title='bbox 651 2380 798 2417; x_wconf 78' lang='lat' dir='ltr'>quomodo</span> <span class='ocrx_word' id='word_1_411' title='bbox 813 2381 880 2408; x_wconf 74' lang='lat' dir='ltr'>eius</span> <span class='ocrx_word' id='word_1_412' title='bbox 894 2380 1126 2417; x_wconf 81' lang='lat' dir='ltr'>beneficentiam</span> <span class='ocrx_word' id='word_1_413' title='bbox 1139 2387 1213 2406; x_wconf 80' lang='lat' dir='ltr'>occu</span> <span class='ocrx_word' id='word_1_414' title='bbox 1220 2378 1318 2412; x_wconf 82' lang='lat' dir='ltr'>(lasti,</span> <span class='ocrx_word' id='word_1_415' title='bbox 1342 2387 1404 2415; x_wconf 80' lang='lat' dir='ltr'>qua</span> <span class='ocrx_word' id='word_1_416' title='bbox 1420 2380 1505 2405; x_wconf 76' lang='lat' dir='ltr'>terra</span> <span class='ocrx_word' id='word_1_417' title='bbox 1520 2386 1666 2414; x_wconf 80' lang='lat' dir='ltr'>mareque</span> <span class='ocrx_word' id='word_1_418' title='bbox 1680 2377 1805 2413; x_wconf 74' lang='lat' dir='ltr'>impleta</span> <span class='ocrx_word' id='word_1_419' title='bbox 1816 2380 1929 2408; x_wconf 80' lang='lat' dir='ltr'>erant?</span> 
     </span>
    </p>
   </div>
   <div class='ocr_carea' id='block_1_10' title="bbox 146 2454 1927 2561">
    <p class='ocr_par' dir='ltr' id='par_1_11' title="bbox 146 2454 1927 2561">
     <span class='ocr_line' id='line_1_35' title="bbox 245 2454 1926 2498; baseline 0.001 -10"><span class='ocrx_word' id='word_1_420' title='bbox 245 2459 278 2488; x_wconf 83' lang='lat' dir='ltr'>ln</span> <span class='ocrx_word' id='word_1_421' title='bbox 294 2458 561 2488; x_wconf 84' lang='lat' dir='ltr'>Ebu—Challicani</span> <span class='ocrx_word' id='word_1_422' title='bbox 579 2468 673 2498; x_wconf 86' lang='lat' dir='ltr'>opere</span> <span class='ocrx_word' id='word_1_423' title='bbox 688 2460 852 2490; x_wconf 88' lang='lat' dir='ltr'>secundus</span> <span class='ocrx_word' id='word_1_424' title='bbox 871 2460 978 2489; x_wconf 84' lang='lat' dir='ltr'>ordine</span> <span class='ocrx_word' id='word_1_425' title='bbox 995 2468 1111 2489; x_wconf 82' lang='lat' dir='ltr'>versus</span> <span class='ocrx_word' id='word_1_426' title='bbox 1127 2463 1186 2488; x_wconf 85' lang='lat' dir='ltr'>est.</span> <span class='ocrx_word' id='word_1_427' title='bbox 1216 2459 1352 2498; x_wconf 81' lang='lat' dir='ltr'>Legitur</span> <span class='ocrx_word' id='word_1_428' title='bbox 1368 2458 1408 2487; x_wconf 87' lang='lat' dir='ltr'>ibi</span> <span class='ocrx_word' id='word_1_429' title='bbox 1428 2454 1486 2486; x_wconf 63' lang='lat' dir='ltr'>bd</span> <span class='ocrx_word' id='word_1_430' title='bbox 1515 2458 1631 2487; x_wconf 89' lang='lat' dir='ltr'>lterum</span> <span class='ocrx_word' id='word_1_431' title='bbox 1651 2458 1759 2488; x_wconf 87' lang='lat' dir='ltr'>dolore</span> <span class='ocrx_word' id='word_1_432' title='bbox 1779 2459 1926 2489; x_wconf 83' lang='lat' dir='ltr'>adfectus</span> 
     </span>
     <span class='ocr_line' id='line_1_36' title="bbox 146 2520 1927 2561; baseline 0.001 -11"><span class='ocrx_word' id='word_1_433' title='bbox 146 2521 326 2560; x_wconf 85' lang='lat' dir='ltr'>sepulcrum</span> <span class='ocrx_word' id='word_1_434' title='bbox 356 2521 544 2561; x_wconf 82' lang='lat' dir='ltr'>alloquitur,</span> <span class='ocrx_word' id='word_1_435' title='bbox 582 2527 614 2551; x_wconf 90' lang='lat' dir='ltr'>ut</span> <span class='ocrx_word' id='word_1_436' title='bbox 643 2521 876 2552; x_wconf 85' lang='lat' dir='ltr'>admirationem</span> <span class='ocrx_word' id='word_1_437' title='bbox 913 2532 1002 2552; x_wconf 85' lang='lat' dir='ltr'>suam</span> <span class='ocrx_word' id='word_1_438' title='bbox 1036 2521 1192 2552; x_wconf 86' lang='lat' dir='ltr'>ostendat.</span> <span class='ocrx_word' id='word_1_439' title='bbox 1250 2522 1349 2550; x_wconf 85' lang='lat' dir='ltr'>Terra</span> <span class='ocrx_word' id='word_1_440' title='bbox 1377 2529 1525 2558; x_wconf 83' lang='lat' dir='ltr'>mareque</span> <span class='ocrx_word' id='word_1_441' title='bbox 1552 2529 1585 2549; x_wconf 87' lang='lat' dir='ltr'>re</span> <span class='ocrx_word' id='word_1_442' title='bbox 1611 2529 1690 2550; x_wconf 80' lang='lat' dir='ltr'>vera</span> <span class='ocrx_word' id='word_1_443' title='bbox 1716 2520 1927 2552; x_wconf 70' lang='lat' dir='ltr'>beneficentia</span> 
     </span>
    </p>
   </div>
   <div class='ocr_carea' id='block_1_11' title="bbox 148 2581 1926 2674">
    <p class='ocr_par' dir='ltr' id='par_1_12' title="bbox 148 2581 1926 2674">
     <span class='ocr_line' id='line_1_37' title="bbox 148 2581 1926 2624; baseline 0.001 -13"><span class='ocrx_word' id='word_1_444' title='bbox 148 2581 257 2611; x_wconf 76' lang='lat' dir='ltr'>Mahni</span> <span class='ocrx_word' id='word_1_445' title='bbox 281 2582 405 2622; x_wconf 82' lang='lat' dir='ltr'>repleta</span> <span class='ocrx_word' id='word_1_446' title='bbox 438 2591 499 2612; x_wconf 92' lang='lat' dir='ltr'>non</span> <span class='ocrx_word' id='word_1_447' title='bbox 534 2588 642 2623; x_wconf 78' lang='lat' dir='ltr'>erant,</span> <span class='ocrx_word' id='word_1_448' title='bbox 680 2581 739 2611; x_wconf 82' lang='lat' dir='ltr'>sed</span> <span class='ocrx_word' id='word_1_449' title='bbox 766 2587 882 2613; x_wconf 83' lang='lat' dir='ltr'>terram</span> <span class='ocrx_word' id='word_1_450' title='bbox 910 2592 1059 2622; x_wconf 85' lang='lat' dir='ltr'>mareque</span> <span class='ocrx_word' id='word_1_451' title='bbox 1087 2583 1250 2623; x_wconf 86' lang='lat' dir='ltr'>opposuit,</span> <span class='ocrx_word' id='word_1_452' title='bbox 1289 2587 1322 2611; x_wconf 90' lang='lat' dir='ltr'>ut</span> <span class='ocrx_word' id='word_1_453' title='bbox 1350 2582 1452 2611; x_wconf 86' lang='lat' dir='ltr'>omnia</span> <span class='ocrx_word' id='word_1_454' title='bbox 1478 2581 1549 2611; x_wconf 83' lang='lat' dir='ltr'>loca</span> <span class='ocrx_word' id='word_1_455' title='bbox 1574 2581 1780 2624; x_wconf 74' lang='lat' dir='ltr'>significaret,</span> <span class='ocrx_word' id='word_1_456' title='bbox 1807 2592 1868 2622; x_wconf 83' lang='lat' dir='ltr'>qua</span> <span class='ocrx_word' id='word_1_457' title='bbox 1896 2585 1926 2613; x_wconf 87' lang='lat' dir='ltr'>iu</span> 
     </span>
     <span class='ocr_line' id='line_1_38' title="bbox 1677 2644 1720 2674; baseline 0 0"><span class='ocrx_word' id='word_1_458' title='bbox 1677 2644 1720 2674; x_wconf 81' lang='lat'>15</span> 
     </span>
    </p>
   </div>
  </div>
 </body>
</html>
