2155 2892
900 142 1165 173 —564—

142 255 281 277 currere.
333 244 426 279 Eum,
455 252 548 282 quum
575 240 739 271 beneficiis
767 240 896 272 aliorum
923 242 1045 272 animos
1073 250 1134 271 non
1161 242 1398 282 constrinxerit,
1424 242 1580 273 neminem
1608 243 1810 276 adiuvantem
1836 246 1927 277 habi-

139 315 239 340 turum
275 316 351 336 esse
386 306 472 336 dicit.
536 304 603 335 Sed
640 305 828 344 posterior-Is
863 306 966 346 partis
1002 305 1101 335 verba
1134 306 1282 346 ambigua
1317 312 1392 337 sunt
1428 310 1460 336 et
1486 306 1681 337 scholiastes
1707 307 1803 349 dicit,
1828 311 1928 340 verba

137 368 320 411 significare
349 377 460 408 posse,
488 368 595 406 plures
630 367 661 396 in
696 376 751 397 eos
779 368 957 407 irrupturos
985 377 1081 407 esse,
1108 372 1143 397 ut
1167 368 1249 397 inter
1276 370 1382 408 plures
1410 370 1521 399 cameli
1549 369 1822 401 distribuerentur.
1858 371 1928 402 Tali

139 436 246 462 autem
274 430 367 460 modo
395 429 507 459 cameli
535 428 648 468 direpti
678 433 711 458 et
737 429 766 458 in
794 430 903 460 varias
932 430 1084 471 regiones
1112 430 1215 460 abacti
1243 430 1425 469 recuperari
1451 440 1512 461 non
1539 435 1686 471 possunt.

136 528 168 556 4.
217 527 295 556 Tum
318 526 451 564 resperd
473 526 516 554 ad
537 526 661 554 domum
685 527 745 554 riri
769 527 860 564 probi
882 528 965 561 veni,
1001 526 1102 564 ibique
1135 528 1256 556 circum
1285 536 1382 565 equos
1409 528 1566 565 adligatos
1589 532 1620 557 et
1639 530 1767 557 iuvenes
1788 528 1932 559 ludentes

979 583 1093 610 ini-eni.

233 650 279 680 Illi
306 653 408 681 virum
436 650 579 689 opponit,
609 649 660 688 qui
689 649 891 687 equestribus
920 649 1038 679 artibus
1068 654 1100 679 et
1127 650 1224 679 rebus
1254 649 1346 679 laude
1374 649 1570 690 dignissimis
1597 656 1773 691 occupatus
1800 655 1858 682 est.
1895 652 1930 681 ln

133 713 303 752 proverbio
331 717 392 750 est,
420 712 568 741 honorem
599 711 629 740 in
659 711 753 740 antiis
781 720 929 749 equorum
957 720 1033 741 esse
1061 711 1159 741 Meid.
1190 712 1242 742 18.
1273 711 1354 744 292.
1386 711 1525 741 Iuvenes
1556 717 1660 743 autem
1687 713 1772 753 apud
1798 723 1871 744 eum
1889 714 1927 744 ob

135 774 356 804 liberalitatem
385 774 576 814 congregati
605 777 704 804 erant.

133 871 164 900 5.
209 871 254 899 Et
276 871 318 899 ibi
338 871 427 899 locus
450 872 527 904 erat,
554 869 607 898 ubi
628 868 748 897 camela
767 870 874 906 pullos
893 872 1041 908 feminini
1061 880 1162 900 sexus
1182 872 1312 908 pariens
1333 871 1539 907 mactabatur,
1565 872 1656 900 cuius
1677 870 1786 908 pullus
1806 872 1838 900 τί
1866 881 1929 900 ea:-

591 922 664 951 trult
674 923 784 951 ebatur
806 927 837 952 et
855 925 995 962 fratrum
1018 925 1106 954 locus
1129 925 1171 953 ad
1191 924 1276 953 lalus
1295 925 1445 962 fratrum.

232 994 313 1024 Eius
341 992 560 1023 liberalitatem
588 991 748 1031 describit,
778 992 906 1035 dicens,¹
934 1003 1006 1023 eum
1034 994 1185 1024 camelam
1212 998 1381 1032 mactasse,
1396 998 1429 1024 ut
1446 994 1539 1033 epula
1563 993 1710 1024 fratribus
1738 992 1927 1022 instrueret.

133 1055 294 1087 Camelam
322 1055 489 1096 gravidam
518 1059 657 1085 mactare
684 1063 784 1094 aegre
811 1054 974 1093 ferebant,
1001 1055 1059 1086 sed
1087 1065 1181 1095 quum
1209 1057 1290 1086 tales
1318 1058 1458 1087 camelae
1485 1057 1669 1098 pinguiores
1698 1059 1821 1096 essent,
1849 1056 1928 1086 libe-

132 1118 267 1147 ralitatis
297 1118 367 1147 laus
392 1118 422 1146 in
450 1117 504 1146 tali
531 1117 648 1158 agendi
675 1118 797 1147 ratione
824 1122 883 1148 est.
935 1118 1070 1149 Silentio
1097 1119 1414 1158 praetermittendum
1442 1129 1503 1150 non
1533 1125 1596 1161 est,
1615 1120 1757 1150 camelas
1788 1117 1929 1149 feminini

131 1188 234 1209 sexus
261 1178 363 1218 pullos
391 1178 554 1218 parientes
582 1180 720 1208 maximo
749 1178 778 1208 in
806 1179 905 1218 pretio
934 1178 1045 1209 fuisse.

131 1276 164 1305 6.
207 1276 252 1304 Ei
273 1278 376 1304 aulem
398 1275 484 1303 dimi:
519 1273 759 1303 Desideratum
789 1284 837 1302 me
871 1275 990 1303 camela
1022 1276 1134 1304 celeris
1166 1279 1323 1313 sanquine
1346 1276 1485 1314 unyulas
1507 1281 1674 1307 manantes
1695 1278 1817 1306 habens·
1839 1277 1882 1306 ad
1901 1280 1931 1306 te

732 1329 878 1364 adduxit,
905 1337 977 1357 nam
1002 1332 1047 1358 τίν
1070 1331 1216 1368 adflictus
1239 1340 1319 1359 sum.

244 1398 288 1429 Ut
314 1397 383 1427 eius
410 1396 630 1426 liberalitatem
656 1395 797 1435 pluribus
825 1397 943 1436 laudet,
971 1408 1009 1428 se
1036 1399 1142 1439 ipsum
1169 1399 1315 1430 beneficii
1343 1400 1499 1430 obtinendi
1528 1410 1628 1431 causa
1653 1399 1774 1430 adiisse
1809 1403 1925 1431 narrat.

131 1462 174 1492 Ut
194 1462 254 1492 iter
279 1462 404 1500 longum
431 1464 464 1489 et
490 1459 654 1489 molestum
681 1456 841 1500 designet,
869 1460 1007 1501 ungulas
1028 1462 1168 1491 camelae
1184 1463 1342 1502 sauguine
1361 1466 1525 1492 manantes
1551 1462 1711 1499 describit,
1727 1471 1812 1502 nam,
1831 1470 1928 1501 quum

131 1522 320 1552 camelorum
357 1521 499 1562 ungulae
537 1522 624 1551 corio
663 1525 774 1550 contra
809 1520 930 1560 lapides
973 1521 1127 1552 defensae
1155 1528 1276 1562 essent,
1305 1524 1425 1566 ungula
1451 1524 1576 1554 nonnisi
1603 1525 1700 1566 longa
1729 1528 1785 1554 aut
1811 1524 1928 1564 aspera

133 1584 186 1614 via
212 1584 294 1614 laedi
320 1588 456 1623 poterat.
494 1583 624 1614 Corium
651 1592 764 1613 nomen
800 1594 888 1634 {ql-w
915 1583 1054 1614 habebat
1083 1585 1168 1615 conf.
1197 1586 1296 1617 Caab.
1326 1587 1355 1616 b.
1385 1586 1502 1617 Sobair
1527 1596 1561 1617 v.
1591 1586 1648 1617 27.

136 1695 166 1723 7.
211 1694 247 1723 Is
269 1694 448 1730 respondit.-
491 1694 594 1727 Bene,
630 1694 725 1728 bene,
762 1694 838 1722 bene
858 1697 980 1724 venisti.
1025 1695 1072 1724 Et
1092 1698 1166 1725 que
1187 1705 1240 1724 res
1262 1704 1326 1724 non
1346 1697 1462 1724 minori
1485 1705 1582 1725 curae
1601 1695 1680 1724 milti
1704 1699 1806 1732 emant,
1834 1705 1929 1735 quam

133 1745 197 1788 (11.
221 1745 339 1787 ’,13)
970 1747 1080 1778 meae!

249 1816 359 1857 Modo,
388 1824 447 1854 quo
476 1825 547 1845 eum
575 1817 752 1856 exceperit,
779 1816 840 1846 viri
866 1817 1124 1848 benevolentiam
1154 1817 1296 1848 ostendit
1322 1822 1367 1855 et,
1397 1821 1432 1848 ut
1458 1818 1590 1849 hilarem
1619 1817 1678 1847 viri
1704 1819 1841 1848 animum
1868 1816 1928 1847 de-

129 1881 258 1921 scribat,
287 1881 347 1910 tria
374 1880 486 1920 verba,
504 1881 618 1919 quibus
646 1881 674 1910 ei
703 1881 917 1921 responderit,
934 1879 1066 1921 profert,
1086 1889 1214 1919 quorum
1234 1890 1328 1911 unum
1349 1882 1404 1911 vel
1434 1881 1495 1912 duo
1525 1880 1732 1920 respondenti
1752 1879 1926 1910 sufficiunt.

130 1943 212 1973 'l'res
228 1947 333 1973 autem
350 1942 421 1973 illae
448 1952 549 1973 voces
569 1953 586 1973 e
602 1943 702 1973 verbo
730 1944 848 1972 omisso
877 1942 966 1980 μρἱ
995 1945 1049 1972 aut
1076 1941 1169 1971 simili
1197 1941 1345 1981 pendent.
1374 1941 1482 1981 Saepe
1502 1943 1533 1972 in
1551 1941 1756 1980 carminibus,
1771 1940 1801 1970 iu
1816 1940 1927 1979 quibus

131 2004 332 2044 hospitalitas
351 2010 517 2043 tractatur,
529 2010 699 2035 occurrunt
715 2014 730 2035 c
743 2004 818 2035 ons.
834 2004 1003 2035 Rasmnss.
1026 2003 1186 2034 Additam.
1202 2004 1240 2033 ἣν
1253 2003 1347 2034 Ham.
1363 2003 1420 2035 vri.
1431 2002 1620 2044 Significant
1632 2002 1672 2032 ad
1690 2002 1833 2042 verbum,
1852 2011 1926 2032 eum

135 2066 174 2096 ad
202 2071 345 2108 gentem,
372 2077 432 2096 non
460 2067 498 2097 ad
524 2069 727 2108 peregrinos,
755 2067 795 2098 ad
822 2067 984 2108 regionem
1012 2066 1210 2106 aequabilem
1237 2070 1269 2097 et
1293 2076 1356 2096 non
1382 2075 1543 2106 asperam,
1570 2065 1621 2094 nbi
1649 2064 1729 2094 bene
1755 2063 1925 2101 inceditur,

131 2126 171 2158 ad
197 2128 362 2168 regionem
390 2128 537 2167 amplam,
552 2127 582 2157 in
610 2138 670 2167 qua
696 2128 813 2159 homini
840 2129 963 2168 amplus
990 2127 1142 2168 pascendi
1170 2128 1261 2158 locus
1278 2129 1332 2166 sit,
1346 2131 1381 2158 ut
1395 2127 1425 2157 in
1452 2126 1633 2168 augustiam
1648 2125 1733 2156 haud
1749 2124 1924 2167 redigatur,

131 2191 274 2222 venisse.
328 2191 404 2221 Vox
430 2189 555 2227 &2122
583 2196 635 2221 est
660 2201 716 2231 pro
742 2191 872 2229 κλᾷκώ
896 2188 1020 2227 &aa

131 2303 164 2332 8.
207 2301 251 2331 Ei
272 2304 375 2330 autem
397 2301 485 2329 dixi:
515 2299 625 2329 Nubes
656 2309 753 2337 super
775 2303 804 2328 te
823 2300 963 2336 pluviam
987 2300 1158 2330 liberaliter
1179 2298 1328 2338 effundat,
1351 2297 1416 2336 qud
1439 2307 1547 2327 onmes
1567 2298 1670 2336 flores
1693 2298 1785 2336 cypri
1805 2296 1919 2325 herbae

790 2357 821 2382 et
834 2363 975 2391 ocymum
998 2355 1220 2383 humectantur
1229 2352 1244 2382 l

229 2424 273 2455 Ut
300 2423 421 2464 gratias
447 2427 541 2462 poeta
567 2428 656 2465 agat,
684 2424 764 2454 bene
791 2423 820 2453 ei
851 2426 1012 2462 precatur.
1065 2422 1124 2452 Vir
1152 2431 1222 2452 cum
1250 2421 1358 2461 planta
1382 2425 1586 2460 comparatus
1613 2423 1675 2450 est.
1728 2417 1828 2457 Optat
1855 2417 1919 2458 igi-

131 2491 193 2525 tur,
208 2490 240 2517 ut
255 2487 345 2516 Deus
365 2496 437 2516 eum
463 2486 573 2525 pluvia
602 2486 794 2517 fecundante
814 2485 929 2527 irriget
944 2488 1010 2522 aut,
1027 2493 1119 2523 quum
1147 2489 1263 2523 poetae
1289 2482 1428 2523 pluviam
1456 2482 1526 2512 loco
1554 2479 1777 2511 beneficiorum
1799 2484 1918 2518 ponant

132 2548 211 2579 conf.
251 2549 344 2578 Ham.
382 2549 445 2577 ΝΡ
479 2557 511 2577 v.
540 2548 573 2578 7.
600 2552 634 2578 et
657 2550 691 2577 ‘tu
719 2557 751 2578 v.
781 2547 810 2577 1.
839 2547 921 2577 conf.
949 2545 1006 2576 cel.
1035 2546 1166 2576 Vullers
1193 2545 1233 2575 ad
1260 2545 1391 2574 Harets.
1420 2554 1451 2574 v.
1481 2544 1538 2584 57,
1569 2548 1602 2572 ut
1628 2542 1718 2571 Deus
1757 2540 1916 2571 beneficiis

131 2609 363 2639 abundantibus
390 2618 458 2639 eum
485 2609 569 2639 beet.
623 2610 697 2640 Vox
725 2610 773 2650 ‘5³
800 2611 927 2648 proprie
952 2608 1054 2648 sidus,
1081 2617 1153 2638 cum
1180 2607 1273 2637 cuius
1304 2606 1446 2636 adventu
1475 2605 1581 2644 pluvia
1609 2604 1776 2634 coniuncta
1801 2608 1853 2634 est
1881 2607 1913 2633 et
