<?xml version="1.0" encoding="UTF-8"?>
<!DOCTYPE html PUBLIC "-//W3C//DTD XHTML 1.0 Transitional//EN"
    "http://www.w3.org/TR/xhtml1/DTD/xhtml1-transitional.dtd">
<html xmlns="http://www.w3.org/1999/xhtml" xml:lang="en" lang="en">
 <head>
  <title>
</title>
<meta http-equiv="Content-Type" content="text/html;charset=utf-8" />
  <meta name='ocr-system' content='tesseract 3.04.00' />
  <meta name='ocr-capabilities' content='ocr_page ocr_carea ocr_par ocr_line ocrx_word'/>
</head>
<body>
  <div class='ocr_page' id='page_1' title='image "./p2hamassaecarmin02abbiuoft_0422.png"; bbox 0 0 2155 2892; ppageno 0'>
   <div class='ocr_carea' id='block_1_1' title="bbox 897 120 1165 151">
    <p class='ocr_par' dir='ltr' id='par_1_1' title="bbox 897 120 1165 151">
     <span class='ocr_line' id='line_1_1' title="bbox 897 120 1165 151; baseline 0.007 -2"><span class='ocrx_word' id='word_1_1' title='bbox 897 120 1165 151; x_wconf 86' lang='lat'><strong>-410—</strong></span> 
     </span>
    </p>
   </div>
   <div class='ocr_carea' id='block_1_2' title="bbox 137 218 1917 387">
    <p class='ocr_par' dir='ltr' id='par_1_2' title="bbox 137 218 1917 387">
     <span class='ocr_line' id='line_1_2' title="bbox 138 218 1917 261; baseline 0 -13"><span class='ocrx_word' id='word_1_2' title='bbox 138 219 190 258; x_wconf 89' lang='lat' dir='ltr'><strong>qui</strong></span> <span class='ocrx_word' id='word_1_3' title='bbox 218 228 295 258; x_wconf 88' lang='lat' dir='ltr'><strong>opes</strong></span> <span class='ocrx_word' id='word_1_4' title='bbox 323 218 439 248; x_wconf 85' lang='lat' dir='ltr'><strong>multas</strong></span> <span class='ocrx_word' id='word_1_5' title='bbox 466 221 591 258; x_wconf 82' lang='lat' dir='ltr'><strong>eroget,</strong></span> <span class='ocrx_word' id='word_1_6' title='bbox 618 223 784 249; x_wconf 79' lang='lat' dir='ltr'><strong>certiorem</strong></span> <span class='ocrx_word' id='word_1_7' title='bbox 811 228 879 250; x_wconf 90' lang='lat' dir='ltr'><strong>eum</strong></span> <span class='ocrx_word' id='word_1_8' title='bbox 907 219 1050 260; x_wconf 83' lang='lat' dir='ltr'><strong>fecisset,</strong></span> <span class='ocrx_word' id='word_1_9' title='bbox 1078 221 1164 251; x_wconf 90' lang='lat' dir='ltr'><strong>illum</strong></span> <span class='ocrx_word' id='word_1_10' title='bbox 1191 220 1252 252; x_wconf 90' lang='lat' dir='ltr'><strong>hoc</strong></span> <span class='ocrx_word' id='word_1_11' title='bbox 1278 221 1461 261; x_wconf 84' lang='lat' dir='ltr'>probantem</span> <span class='ocrx_word' id='word_1_12' title='bbox 1489 220 1650 260; x_wconf 86' lang='lat' dir='ltr'><strong>proverbii</strong></span> <span class='ocrx_word' id='word_1_13' title='bbox 1674 220 1781 250; x_wconf 84' lang='lat' dir='ltr'><strong>verbis</strong></span> <span class='ocrx_word' id='word_1_14' title='bbox 1808 220 1917 258; x_wconf 86' lang='lat' dir='ltr'><strong>(metr.</strong></span> 
     </span>
     <span class='ocr_line' id='line_1_3' title="bbox 141 281 1915 325; baseline -0.001 -12"><span class='ocrx_word' id='word_1_15' title='bbox 141 282 284 321; x_wconf 71' lang='lat' dir='ltr'><strong>WafirJ:</strong></span> <span class='ocrx_word' id='word_1_16' title='bbox 318 282 366 311; x_wconf 92' lang='lat' dir='ltr'><strong>Si</strong></span> <span class='ocrx_word' id='word_1_17' title='bbox 394 281 598 311; x_wconf 85' lang='lat' dir='ltr'><strong>Hadsami</strong></span> <span class='ocrx_word' id='word_1_18' title='bbox 633 281 831 323; x_wconf 84' lang='lat' dir='ltr'><strong>loquitur,</strong></span> <span class='ocrx_word' id='word_1_19' title='bbox 859 283 988 314; x_wconf 89' lang='lat' dir='ltr'><strong>fidem</strong></span> <span class='ocrx_word' id='word_1_20' title='bbox 1015 286 1051 314; x_wconf 91' lang='lat' dir='ltr'><strong>ei</strong></span> <span class='ocrx_word' id='word_1_21' title='bbox 1077 285 1258 325; x_wconf 86' lang='lat' dir='ltr'><strong>habete,</strong></span> <span class='ocrx_word' id='word_1_22' title='bbox 1295 294 1380 314; x_wconf 88' lang='lat' dir='ltr'><strong>nam</strong></span> <span class='ocrx_word' id='word_1_23' title='bbox 1408 282 1519 325; x_wconf 86' lang='lat' dir='ltr'><strong>quod</strong></span> <span class='ocrx_word' id='word_1_24' title='bbox 1547 282 1755 313; x_wconf 79' lang='lat' dir='ltr'><strong>Hadsami</strong></span> <span class='ocrx_word' id='word_1_25' title='bbox 1781 283 1915 322; x_wconf 86' lang='lat' dir='ltr'>dixit,</span> 
     </span>
     <span class='ocr_line' id='line_1_4' title="bbox 137 341 1281 387; baseline 0.003 -13"><span class='ocrx_word' id='word_1_26' title='bbox 137 354 289 375; x_wconf 87' lang='lat' dir='ltr'><strong>verum</strong></span> <span class='ocrx_word' id='word_1_27' title='bbox 317 348 389 374; x_wconf 84' lang='lat' dir='ltr'><strong>est</strong></span> <span class='ocrx_word' id='word_1_28' title='bbox 416 341 570 387; x_wconf 84' lang='lat' dir='ltr'><strong>(Meidan.</strong></span> <span class='ocrx_word' id='word_1_29' title='bbox 598 345 634 377; x_wconf 81' lang='lat' dir='ltr'><strong>T.</strong></span> <span class='ocrx_word' id='word_1_30' title='bbox 662 346 684 375; x_wconf 90' lang='lat'><strong>1.</strong></span> <span class='ocrx_word' id='word_1_31' title='bbox 713 356 741 385; x_wconf 90' lang='lat' dir='ltr'><strong>p.</strong></span> <span class='ocrx_word' id='word_1_32' title='bbox 770 346 869 386; x_wconf 77' lang='lat'>321.)</span> <span class='ocrx_word' id='word_1_33' title='bbox 896 347 1116 387; x_wconf 78' lang='lat' dir='ltr'><strong>respondisse,</strong></span> <span class='ocrx_word' id='word_1_34' title='bbox 1143 346 1281 387; x_wconf 86' lang='lat' dir='ltr'><strong>scripsit.</strong></span> 
     </span>
    </p>
   </div>
   <div class='ocr_carea' id='block_1_3' title="bbox 136 441 1914 482">
    <p class='ocr_par' dir='ltr' id='par_1_3' title="bbox 136 441 1914 482">
     <span class='ocr_line' id='line_1_5' title="bbox 136 441 1914 482; baseline 0.002 -13"><span class='ocrx_word' id='word_1_35' title='bbox 136 441 167 470; x_wconf 91' lang='lat'><strong>5.</strong></span> <span class='ocrx_word' id='word_1_36' title='bbox 211 442 366 475; x_wconf 79' lang='lat' dir='ltr'><strong>Potentes,</strong></span> <span class='ocrx_word' id='word_1_37' title='bbox 382 443 627 480; x_wconf 80' lang='lat' dir='ltr'><strong><em>quotiescunque</em></strong></span> <span class='ocrx_word' id='word_1_38' title='bbox 650 442 734 471; x_wconf 79' lang='lat' dir='ltr'><strong>alius</strong></span> <span class='ocrx_word' id='word_1_39' title='bbox 756 453 845 472; x_wconf 82' lang='lat' dir='ltr'><strong>suam</strong></span> <span class='ocrx_word' id='word_1_40' title='bbox 865 447 989 480; x_wconf 73' lang='lat' dir='ltr'><strong>yentem</strong></span> <span class='ocrx_word' id='word_1_41' title='bbox 1011 447 1138 473; x_wconf 77' lang='lat' dir='ltr'><strong>crimine</strong></span> <span class='ocrx_word' id='word_1_42' title='bbox 1156 446 1306 481; x_wconf 76' lang='lat' dir='ltr'><strong>oneravit,</strong></span> <span class='ocrx_word' id='word_1_43' title='bbox 1321 445 1502 474; x_wconf 77' lang='lat' dir='ltr'><em>criminibus</em></span> <span class='ocrx_word' id='word_1_44' title='bbox 1516 448 1619 474; x_wconf 76' lang='lat' dir='ltr'><strong>autem</strong></span> <span class='ocrx_word' id='word_1_45' title='bbox 1634 445 1703 473; x_wconf 79' lang='lat' dir='ltr'><strong>suis</strong></span> <span class='ocrx_word' id='word_1_46' title='bbox 1715 445 1914 482; x_wconf 76' lang='lat' dir='ltr'><strong>sufficientes,</strong></span> 
     </span>
    </p>
   </div>
   <div class='ocr_carea' id='block_1_4' title="bbox 135 514 1919 872">
    <p class='ocr_par' dir='ltr' id='par_1_4' title="bbox 135 514 1919 872">
     <span class='ocr_line' id='line_1_6' title="bbox 236 514 1917 559; baseline 0.001 -13"><span class='ocrx_word' id='word_1_47' title='bbox 236 514 374 546; x_wconf 86' lang='lat' dir='ltr'><strong>Gentem</strong></span> <span class='ocrx_word' id='word_1_48' title='bbox 400 525 491 546; x_wconf 89' lang='lat' dir='ltr'><strong>suam</strong></span> <span class='ocrx_word' id='word_1_49' title='bbox 521 516 559 546; x_wconf 93' lang='lat' dir='ltr'><strong>ob</strong></span> <span class='ocrx_word' id='word_1_50' title='bbox 586 516 756 555; x_wconf 87' lang='lat' dir='ltr'><strong>potentiam</strong></span> <span class='ocrx_word' id='word_1_51' title='bbox 784 517 899 557; x_wconf 83' lang='lat' dir='ltr'><strong>laudat,</strong></span> <span class='ocrx_word' id='word_1_52' title='bbox 916 527 994 556; x_wconf 88' lang='lat' dir='ltr'><strong>quae</strong></span> <span class='ocrx_word' id='word_1_53' title='bbox 1022 523 1084 549; x_wconf 90' lang='lat' dir='ltr'><strong>tam</strong></span> <span class='ocrx_word' id='word_1_54' title='bbox 1111 521 1143 549; x_wconf 88' lang='lat' dir='ltr'><strong>in</strong></span> <span class='ocrx_word' id='word_1_55' title='bbox 1170 528 1230 549; x_wconf 89' lang='lat' dir='ltr'><strong>sua</strong></span> <span class='ocrx_word' id='word_1_56' title='bbox 1256 528 1348 558; x_wconf 88' lang='lat' dir='ltr'><strong>quam</strong></span> <span class='ocrx_word' id='word_1_57' title='bbox 1375 519 1435 548; x_wconf 88' lang='lat' dir='ltr'><strong>alia</strong></span> <span class='ocrx_word' id='word_1_58' title='bbox 1461 524 1557 559; x_wconf 82' lang='lat' dir='ltr'><strong>gente</strong></span> <span class='ocrx_word' id='word_1_59' title='bbox 1576 518 1773 548; x_wconf 87' lang='lat' dir='ltr'><strong>defendenda</strong></span> <span class='ocrx_word' id='word_1_60' title='bbox 1787 517 1917 548; x_wconf 84' lang='lat' dir='ltr'><strong>sufficit·</strong></span> 
     </span>
     <span class='ocr_line' id='line_1_7' title="bbox 137 577 1918 623; baseline 0.001 -16"><span class='ocrx_word' id='word_1_61' title='bbox 137 577 217 607; x_wconf 86' lang='lat' dir='ltr'><strong>Rem</strong></span> <span class='ocrx_word' id='word_1_62' title='bbox 234 578 281 608; x_wconf 89' lang='lat' dir='ltr'><strong>sic</strong></span> <span class='ocrx_word' id='word_1_63' title='bbox 298 587 335 607; x_wconf 88' lang='lat' dir='ltr'><strong>se</strong></span> <span class='ocrx_word' id='word_1_64' title='bbox 350 579 468 608; x_wconf 85' lang='lat' dir='ltr'><strong>habere</strong></span> <span class='ocrx_word' id='word_1_65' title='bbox 487 583 574 618; x_wconf 91' lang='lat' dir='ltr'><strong>puto.</strong></span> <span class='ocrx_word' id='word_1_66' title='bbox 603 579 637 609; x_wconf 90' lang='lat' dir='ltr'><strong>Si</strong></span> <span class='ocrx_word' id='word_1_67' title='bbox 656 580 706 609; x_wconf 88' lang='lat' dir='ltr'><strong>vir</strong></span> <span class='ocrx_word' id='word_1_68' title='bbox 731 582 838 620; x_wconf 79' lang='lat' dir='ltr'><strong>gentis</strong></span> <span class='ocrx_word' id='word_1_69' title='bbox 855 580 934 610; x_wconf 86' lang='lat' dir='ltr'><strong>alius</strong></span> <span class='ocrx_word' id='word_1_70' title='bbox 955 581 1062 621; x_wconf 86' lang='lat' dir='ltr'><strong>gentis</strong></span> <span class='ocrx_word' id='word_1_71' title='bbox 1088 583 1188 612; x_wconf 88' lang='lat' dir='ltr'><strong>virum</strong></span> <span class='ocrx_word' id='word_1_72' title='bbox 1215 582 1388 619; x_wconf 85' lang='lat' dir='ltr'><strong>occiderat,</strong></span> <span class='ocrx_word' id='word_1_73' title='bbox 1407 582 1533 623; x_wconf 81' lang='lat' dir='ltr'>cognati</span> <span class='ocrx_word' id='word_1_74' title='bbox 1559 582 1656 612; x_wconf 85' lang='lat' dir='ltr'><strong>occisi</strong></span> <span class='ocrx_word' id='word_1_75' title='bbox 1672 591 1782 612; x_wconf 87' lang='lat' dir='ltr'><strong>necem</strong></span> <span class='ocrx_word' id='word_1_76' title='bbox 1807 581 1918 612; x_wconf 86' lang='lat' dir='ltr'><strong>ulcisci</strong></span> 
     </span>
     <span class='ocr_line' id='line_1_8' title="bbox 136 641 1918 686; baseline 0.003 -16"><span class='ocrx_word' id='word_1_77' title='bbox 136 641 298 681; x_wconf 80' lang='lat' dir='ltr'><strong>solebam3</strong></span> <span class='ocrx_word' id='word_1_78' title='bbox 314 643 445 680; x_wconf 84' lang='lat' dir='ltr'><strong>saepius</strong></span> <span class='ocrx_word' id='word_1_79' title='bbox 462 647 564 672; x_wconf 88' lang='lat' dir='ltr'><strong>autem</strong></span> <span class='ocrx_word' id='word_1_80' title='bbox 580 641 687 679; x_wconf 84' lang='lat' dir='ltr'><strong>fiebat,</strong></span> <span class='ocrx_word' id='word_1_81' title='bbox 703 646 736 672; x_wconf 89' lang='lat' dir='ltr'><strong>ut</strong></span> <span class='ocrx_word' id='word_1_82' title='bbox 765 642 845 672; x_wconf 54' lang='lat' dir='ltr'><strong>alttr</strong></span> <span class='ocrx_word' id='word_1_83' title='bbox 869 652 886 672; x_wconf 86' lang='lat' dir='ltr'><strong>a</strong></span> <span class='ocrx_word' id='word_1_84' title='bbox 900 647 996 684; x_wconf 85' lang='lat' dir='ltr'><strong>gente</strong></span> <span class='ocrx_word' id='word_1_85' title='bbox 1024 653 1083 673; x_wconf 89' lang='lat' dir='ltr'><strong>sua</strong></span> <span class='ocrx_word' id='word_1_86' title='bbox 1104 643 1340 683; x_wconf 79' lang='lat' dir='ltr'><strong>defenderetur,</strong></span> <span class='ocrx_word' id='word_1_87' title='bbox 1357 654 1438 682; x_wconf 86' lang='lat' dir='ltr'><strong>quae</strong></span> <span class='ocrx_word' id='word_1_88' title='bbox 1454 653 1506 673; x_wconf 86' lang='lat' dir='ltr'><strong>res</strong></span> <span class='ocrx_word' id='word_1_89' title='bbox 1534 654 1632 675; x_wconf 85' lang='lat' dir='ltr'><strong>causa</strong></span> <span class='ocrx_word' id='word_1_90' title='bbox 1658 650 1739 686; x_wconf 82' lang='lat' dir='ltr'><strong>erat,</strong></span> <span class='ocrx_word' id='word_1_91' title='bbox 1755 649 1788 674; x_wconf 90' lang='lat' dir='ltr'><strong>ut</strong></span> <span class='ocrx_word' id='word_1_92' title='bbox 1804 645 1918 675; x_wconf 86' lang='lat' dir='ltr'><strong>bellum</strong></span> 
     </span>
     <span class='ocr_line' id='line_1_9' title="bbox 135 703 1919 748; baseline 0.002 -15"><span class='ocrx_word' id='word_1_93' title='bbox 135 704 217 734; x_wconf 88' lang='lat' dir='ltr'><strong>inter</strong></span> <span class='ocrx_word' id='word_1_94' title='bbox 244 710 409 745; x_wconf 88' lang='lat' dir='ltr'><strong>utramque</strong></span> <span class='ocrx_word' id='word_1_95' title='bbox 424 709 552 747; x_wconf 81' lang='lat' dir='ltr'><strong>gentem</strong></span> <span class='ocrx_word' id='word_1_96' title='bbox 581 705 725 734; x_wconf 89' lang='lat' dir='ltr'><strong>oriretur.</strong></span> <span class='ocrx_word' id='word_1_97' title='bbox 755 703 815 741; x_wconf 85' lang='lat' dir='ltr'><strong>Qui</strong></span> <span class='ocrx_word' id='word_1_98' title='bbox 842 704 938 745; x_wconf 84' lang='lat' dir='ltr'><strong>igitur</strong></span> <span class='ocrx_word' id='word_1_99' title='bbox 964 705 1065 735; x_wconf 87' lang='lat' dir='ltr'><strong>virum</strong></span> <span class='ocrx_word' id='word_1_100' title='bbox 1092 706 1262 747; x_wconf 89' lang='lat' dir='ltr'><strong>occiderat,</strong></span> <span class='ocrx_word' id='word_1_101' title='bbox 1277 706 1410 736; x_wconf 86' lang='lat' dir='ltr'><strong>insuam</strong></span> <span class='ocrx_word' id='word_1_102' title='bbox 1427 711 1555 748; x_wconf 83' lang='lat' dir='ltr'><strong>gentem</strong></span> <span class='ocrx_word' id='word_1_103' title='bbox 1583 707 1672 737; x_wconf 88' lang='lat' dir='ltr'><strong>necis</strong></span> <span class='ocrx_word' id='word_1_104' title='bbox 1699 708 1815 738; x_wconf 82' lang='lat' dir='ltr'><strong>crimen</strong></span> <span class='ocrx_word' id='word_1_105' title='bbox 1841 716 1919 737; x_wconf 89' lang='lat' dir='ltr'><strong>con-</strong></span> 
     </span>
     <span class='ocr_line' id='line_1_10' title="bbox 137 767 1918 810; baseline 0.001 -13"><span class='ocrx_word' id='word_1_106' title='bbox 137 767 216 798; x_wconf 83' lang='lat' dir='ltr'><strong>tulit.</strong></span> <span class='ocrx_word' id='word_1_107' title='bbox 245 768 343 797; x_wconf 88' lang='lat' dir='ltr'><strong>Poeta</strong></span> <span class='ocrx_word' id='word_1_108' title='bbox 371 773 480 797; x_wconf 80' lang='lat' dir='ltr'><strong>noster</strong></span> <span class='ocrx_word' id='word_1_109' title='bbox 509 767 592 804; x_wconf 88' lang='lat' dir='ltr'><strong>dicit,</strong></span> <span class='ocrx_word' id='word_1_110' title='bbox 621 776 709 796; x_wconf 84' lang='lat' dir='ltr'><strong>suam</strong></span> <span class='ocrx_word' id='word_1_111' title='bbox 739 771 867 807; x_wconf 84' lang='lat' dir='ltr'><strong>gentem</strong></span> <span class='ocrx_word' id='word_1_112' title='bbox 895 767 1023 806; x_wconf 76' lang='lat' dir='ltr'><strong>auxilio,</strong></span> <span class='ocrx_word' id='word_1_113' title='bbox 1048 768 1129 806; x_wconf 91' lang='lat' dir='ltr'><strong>quod</strong></span> <span class='ocrx_word' id='word_1_114' title='bbox 1157 769 1195 799; x_wconf 88' lang='lat' dir='ltr'><strong>ab</strong></span> <span class='ocrx_word' id='word_1_115' title='bbox 1223 769 1260 799; x_wconf 87' lang='lat' dir='ltr'><strong>iis</strong></span> <span class='ocrx_word' id='word_1_116' title='bbox 1286 779 1304 800; x_wconf 90' lang='lat' dir='ltr'><strong>a</strong></span> <span class='ocrx_word' id='word_1_117' title='bbox 1334 769 1387 799; x_wconf 84' lang='lat' dir='ltr'><strong>tali</strong></span> <span class='ocrx_word' id='word_1_118' title='bbox 1415 774 1511 810; x_wconf 82' lang='lat' dir='ltr'><strong>gente</strong></span> <span class='ocrx_word' id='word_1_119' title='bbox 1539 774 1678 809; x_wconf 82' lang='lat' dir='ltr'><strong>petatur,</strong></span> <span class='ocrx_word' id='word_1_120' title='bbox 1694 770 1775 800; x_wconf 85' lang='lat' dir='ltr'><strong>haud</strong></span> <span class='ocrx_word' id='word_1_121' title='bbox 1801 769 1918 800; x_wconf 89' lang='lat' dir='ltr'><strong>deesse</strong></span> 
     </span>
     <span class='ocr_line' id='line_1_11' title="bbox 136 830 1916 872; baseline 0.002 -14"><span class='ocrx_word' id='word_1_122' title='bbox 136 833 168 859; x_wconf 84' lang='lat' dir='ltr'><strong>et</strong></span> <span class='ocrx_word' id='word_1_123' title='bbox 193 830 252 860; x_wconf 87' lang='lat' dir='ltr'><strong>hac</strong></span> <span class='ocrx_word' id='word_1_124' title='bbox 281 832 311 859; x_wconf 90' lang='lat' dir='ltr'><strong>in</strong></span> <span class='ocrx_word' id='word_1_125' title='bbox 339 840 371 859; x_wconf 88' lang='lat' dir='ltr'><strong>re</strong></span> <span class='ocrx_word' id='word_1_126' title='bbox 397 840 484 860; x_wconf 84' lang='lat' dir='ltr'><strong>suam</strong></span> <span class='ocrx_word' id='word_1_127' title='bbox 513 830 683 870; x_wconf 86' lang='lat' dir='ltr'><strong>potentiam</strong></span> <span class='ocrx_word' id='word_1_128' title='bbox 712 830 906 870; x_wconf 81' lang='lat' dir='ltr'><strong>ostendere3</strong></span> <span class='ocrx_word' id='word_1_129' title='bbox 935 831 983 860; x_wconf 84' lang='lat' dir='ltr'><strong>sin</strong></span> <span class='ocrx_word' id='word_1_130' title='bbox 1011 841 1089 861; x_wconf 85' lang='lat' dir='ltr'><strong>vero</strong></span> <span class='ocrx_word' id='word_1_131' title='bbox 1117 832 1166 860; x_wconf 86' lang='lat' dir='ltr'><strong>vir</strong></span> <span class='ocrx_word' id='word_1_132' title='bbox 1193 831 1317 870; x_wconf 87' lang='lat' dir='ltr'><strong>quidam</strong></span> <span class='ocrx_word' id='word_1_133' title='bbox 1344 842 1361 861; x_wconf 95' lang='lat' dir='ltr'><strong>e</strong></span> <span class='ocrx_word' id='word_1_134' title='bbox 1389 841 1446 861; x_wconf 91' lang='lat' dir='ltr'><strong>sua</strong></span> <span class='ocrx_word' id='word_1_135' title='bbox 1473 835 1568 872; x_wconf 80' lang='lat' dir='ltr'><strong>gente</strong></span> <span class='ocrx_word' id='word_1_136' title='bbox 1599 831 1728 862; x_wconf 83' lang='lat' dir='ltr'><strong>alterum</strong></span> <span class='ocrx_word' id='word_1_137' title='bbox 1756 832 1916 871; x_wconf 83' lang='lat' dir='ltr'><strong>occiderit,</strong></span> 
     </span>
    </p>
   </div>
   <div class='ocr_carea' id='block_1_5' title="bbox 135 892 1917 938">
    <p class='ocr_par' dir='ltr' id='par_1_5' title="bbox 135 892 1917 938">
     <span class='ocr_line' id='line_1_12' title="bbox 135 892 1917 938; baseline 0.003 -17"><span class='ocrx_word' id='word_1_138' title='bbox 135 902 225 922; x_wconf 86' lang='lat' dir='ltr'><strong>suam</strong></span> <span class='ocrx_word' id='word_1_139' title='bbox 253 898 379 933; x_wconf 80' lang='lat' dir='ltr'><strong>gentem</strong></span> <span class='ocrx_word' id='word_1_140' title='bbox 407 892 490 923; x_wconf 87' lang='lat' dir='ltr'><strong>hunc</strong></span> <span class='ocrx_word' id='word_1_141' title='bbox 517 892 687 923; x_wconf 85' lang='lat' dir='ltr'><strong>defendere</strong></span> <span class='ocrx_word' id='word_1_142' title='bbox 715 898 746 923; x_wconf 89' lang='lat' dir='ltr'><strong>et</strong></span> <span class='ocrx_word' id='word_1_143' title='bbox 772 893 834 923; x_wconf 84' lang='lat' dir='ltr'><strong>ista</strong></span> <span class='ocrx_word' id='word_1_144' title='bbox 860 894 889 922; x_wconf 82' lang='lat' dir='ltr'><strong>in</strong></span> <span class='ocrx_word' id='word_1_145' title='bbox 917 904 951 923; x_wconf 91' lang='lat' dir='ltr'><strong>re</strong></span> <span class='ocrx_word' id='word_1_146' title='bbox 980 895 1018 924; x_wconf 93' lang='lat' dir='ltr'><strong>ob</strong></span> <span class='ocrx_word' id='word_1_147' title='bbox 1044 896 1214 935; x_wconf 87' lang='lat' dir='ltr'><strong>potentiam</strong></span> <span class='ocrx_word' id='word_1_148' title='bbox 1242 904 1332 925; x_wconf 85' lang='lat' dir='ltr'><strong>suam</strong></span> <span class='ocrx_word' id='word_1_149' title='bbox 1360 895 1398 925; x_wconf 87' lang='lat' dir='ltr'><strong>ab</strong></span> <span class='ocrx_word' id='word_1_150' title='bbox 1425 895 1494 925; x_wconf 81' lang='lat' dir='ltr'><strong>aliis</strong></span> <span class='ocrx_word' id='word_1_151' title='bbox 1521 895 1674 925; x_wconf 81' lang='lat' dir='ltr'><strong>auxilium</strong></span> <span class='ocrx_word' id='word_1_152' title='bbox 1703 906 1763 927; x_wconf 88' lang='lat' dir='ltr'><strong>non</strong></span> <span class='ocrx_word' id='word_1_153' title='bbox 1792 906 1917 938; x_wconf 86' lang='lat' dir='ltr'><strong>rogare.</strong></span> 
     </span>
    </p>
   </div>
   <div class='ocr_carea' id='block_1_6' title="bbox 134 1001 1918 1090">
    <p class='ocr_par' dir='ltr' id='par_1_6' title="bbox 134 1001 1918 1090">
     <span class='ocr_line' id='line_1_13' title="bbox 134 1001 1918 1045; baseline 0.005 -14"><span class='ocrx_word' id='word_1_154' title='bbox 134 1001 167 1032; x_wconf 85' lang='lat'><strong>6.</strong></span> <span class='ocrx_word' id='word_1_155' title='bbox 211 1001 320 1031; x_wconf 77' lang='lat' dir='ltr'><strong>Cibum</strong></span> <span class='ocrx_word' id='word_1_156' title='bbox 341 1003 462 1033; x_wconf 76' lang='lat' dir='ltr'><strong>dautes.</strong></span> <span class='ocrx_word' id='word_1_157' title='bbox 486 1013 582 1041; x_wconf 79' lang='lat' dir='ltr'><strong>quum</strong></span> <span class='ocrx_word' id='word_1_158' title='bbox 605 1007 715 1033; x_wconf 76' lang='lat' dir='ltr'><strong>ventres</strong></span> <span class='ocrx_word' id='word_1_159' title='bbox 740 1003 896 1042; x_wconf 71' lang='lat' dir='ltr'><strong>Syriacas</strong></span> <span class='ocrx_word' id='word_1_160' title='bbox 920 1006 980 1043; x_wconf 77' lang='lat' dir='ltr'><strong>flul</strong></span> <span class='ocrx_word' id='word_1_161' title='bbox 1006 1008 1037 1034; x_wconf 83' lang='lat' dir='ltr'><strong>el</strong></span> <span class='ocrx_word' id='word_1_162' title='bbox 1057 1007 1099 1035; x_wconf 80' lang='lat' dir='ltr'><strong>ml</strong></span> <span class='ocrx_word' id='word_1_163' title='bbox 1115 1010 1238 1043; x_wconf 49' lang='lat' dir='ltr'><strong>,amntem</strong></span> <span class='ocrx_word' id='word_1_164' title='bbox 1261 1017 1373 1045; x_wconf 75' lang='lat' dir='ltr'><strong>aqmen</strong></span> <span class='ocrx_word' id='word_1_165' title='bbox 1395 1009 1524 1038; x_wconf 80' lang='lat' dir='ltr'><strong>nubium</strong></span> <span class='ocrx_word' id='word_1_166' title='bbox 1547 1012 1687 1039; x_wconf 80' lang='lat' dir='ltr'><strong>tenuium</strong></span> <span class='ocrx_word' id='word_1_167' title='bbox 1710 1011 1747 1039; x_wconf 78' lang='lat' dir='ltr'><strong>ab</strong></span> <span class='ocrx_word' id='word_1_168' title='bbox 1769 1020 1804 1039; x_wconf 85' lang='lat' dir='ltr'><strong>eo</strong></span> <span class='ocrx_word' id='word_1_169' title='bbox 1827 1011 1918 1039; x_wconf 79' lang='lat' dir='ltr'><strong>adla-</strong></span> 
     </span>
     <span class='ocr_line' id='line_1_14' title="bbox 857 1062 1189 1090; baseline 0.009 -4"><span class='ocrx_word' id='word_1_170' title='bbox 857 1062 960 1087; x_wconf 83' lang='lat' dir='ltr'><strong>tarum</strong></span> <span class='ocrx_word' id='word_1_171' title='bbox 984 1069 1075 1088; x_wconf 81' lang='lat' dir='ltr'><strong>mane</strong></span> <span class='ocrx_word' id='word_1_172' title='bbox 1096 1062 1189 1090; x_wconf 79' lang='lat' dir='ltr'><strong>venit.</strong></span> 
     </span>
    </p>
   </div>
   <div class='ocr_carea' id='block_1_7' title="bbox 133 1124 1918 1422">
    <p class='ocr_par' dir='ltr' id='par_1_7' title="bbox 133 1124 1918 1422">
     <span class='ocr_line' id='line_1_15' title="bbox 207 1124 1918 1173; baseline 0.006 -20"><span class='ocrx_word' id='word_1_173' title='bbox 207 1124 443 1155; x_wconf 78' lang='lat' dir='ltr'><strong>Liberalitatem</strong></span> <span class='ocrx_word' id='word_1_174' title='bbox 471 1130 503 1154; x_wconf 86' lang='lat' dir='ltr'><strong>et</strong></span> <span class='ocrx_word' id='word_1_175' title='bbox 529 1125 778 1165; x_wconf 78' lang='lat' dir='ltr'><strong>hospitalitatem</strong></span> <span class='ocrx_word' id='word_1_176' title='bbox 806 1128 910 1168; x_wconf 86' lang='lat' dir='ltr'><strong>gentis</strong></span> <span class='ocrx_word' id='word_1_177' title='bbox 938 1138 1017 1159; x_wconf 84' lang='lat' dir='ltr'><strong>suae</strong></span> <span class='ocrx_word' id='word_1_178' title='bbox 1046 1128 1159 1159; x_wconf 85' lang='lat' dir='ltr'><strong>laudat.</strong></span> <span class='ocrx_word' id='word_1_179' title='bbox 1196 1130 1434 1162; x_wconf 79' lang='lat' dir='ltr'><strong>Liberalitatem</strong></span> <span class='ocrx_word' id='word_1_180' title='bbox 1464 1134 1601 1164; x_wconf 85' lang='lat' dir='ltr'><strong>maxime</strong></span> <span class='ocrx_word' id='word_1_181' title='bbox 1624 1139 1767 1173; x_wconf 86' lang='lat' dir='ltr'><strong>tempore</strong></span> <span class='ocrx_word' id='word_1_182' title='bbox 1794 1134 1918 1173; x_wconf 80' lang='lat' dir='ltr'><strong>inopiae</strong></span> 
     </span>
     <span class='ocr_line' id='line_1_16' title="bbox 134 1189 1918 1234; baseline 0.004 -18"><span class='ocrx_word' id='word_1_183' title='bbox 134 1196 289 1217; x_wconf 86' lang='lat' dir='ltr'><strong>exercere</strong></span> <span class='ocrx_word' id='word_1_184' title='bbox 316 1196 397 1226; x_wconf 90' lang='lat' dir='ltr'><strong>opus</strong></span> <span class='ocrx_word' id='word_1_185' title='bbox 426 1192 504 1217; x_wconf 79' lang='lat' dir='ltr'><strong>erat.</strong></span> <span class='ocrx_word' id='word_1_186' title='bbox 556 1189 697 1228; x_wconf 81' lang='lat' dir='ltr'><strong>Tempus</strong></span> <span class='ocrx_word' id='word_1_187' title='bbox 724 1190 901 1220; x_wconf 82' lang='lat' dir='ltr'><strong>sterilitatis</strong></span> <span class='ocrx_word' id='word_1_188' title='bbox 936 1196 1032 1221; x_wconf 88' lang='lat' dir='ltr'><strong>vento</strong></span> <span class='ocrx_word' id='word_1_189' title='bbox 1060 1192 1195 1231; x_wconf 86' lang='lat' dir='ltr'><strong>Syriaco</strong></span> <span class='ocrx_word' id='word_1_190' title='bbox 1223 1192 1418 1232; x_wconf 83' lang='lat' dir='ltr'><strong>designatur,</strong></span> <span class='ocrx_word' id='word_1_191' title='bbox 1446 1195 1498 1234; x_wconf 90' lang='lat' dir='ltr'><strong>qui</strong></span> <span class='ocrx_word' id='word_1_192' title='bbox 1525 1196 1672 1226; x_wconf 81' lang='lat' dir='ltr'><strong>Arabiam</strong></span> <span class='ocrx_word' id='word_1_193' title='bbox 1709 1195 1918 1226; x_wconf 82' lang='lat' dir='ltr'><strong>incolentibus</strong></span> 
     </span>
     <span class='ocr_line' id='line_1_17' title="bbox 134 1250 1917 1307; baseline 0.005 -28"><span class='ocrx_word' id='word_1_194' title='bbox 134 1250 271 1280; x_wconf 87' lang='lat' dir='ltr'><strong>borealis</strong></span> <span class='ocrx_word' id='word_1_195' title='bbox 306 1255 338 1280; x_wconf 92' lang='lat' dir='ltr'><strong>et</strong></span> <span class='ocrx_word' id='word_1_196' title='bbox 366 1250 511 1281; x_wconf 90' lang='lat' dir='ltr'><strong>humidus</strong></span> <span class='ocrx_word' id='word_1_197' title='bbox 550 1251 602 1280; x_wconf 87' lang='lat' dir='ltr'><strong>sit.</strong></span> <span class='ocrx_word' id='word_1_198' title='bbox 654 1251 762 1281; x_wconf 82' lang='lat' dir='ltr'><strong>conf.</strong></span> <span class='ocrx_word' id='word_1_199' title='bbox 800 1253 891 1282; x_wconf 87' lang='lat' dir='ltr'><strong>Ham.</strong></span> <span class='ocrx_word' id='word_1_200' title='bbox 928 1255 980 1284; x_wconf 63' lang='lat' dir='ltr'><strong>‘W&#39;l‘</strong></span> <span class='ocrx_word' id='word_1_201' title='bbox 1014 1263 1046 1284; x_wconf 88' lang='lat' dir='ltr'><strong>v.</strong></span> <span class='ocrx_word' id='word_1_202' title='bbox 1082 1254 1114 1284; x_wconf 77' lang='lat'><strong>2.</strong></span> <span class='ocrx_word' id='word_1_203' title='bbox 1180 1255 1320 1284; x_wconf 82' lang='lat' dir='ltr'><strong>Verbum</strong></span> <span class='ocrx_word' id='word_1_204' title='bbox 1360 1260 1443 1293; x_wconf 33' lang='grc' dir='ltr'><strong>..ι-,ΨΦ</strong></span> <span class='ocrx_word' id='word_1_205' title='bbox 1469 1267 1511 1287; x_wconf 89' lang='lat' dir='ltr'><strong>ex</strong></span> <span class='ocrx_word' id='word_1_206' title='bbox 1537 1258 1656 1287; x_wconf 85' lang='lat' dir='ltr'><strong>omisso</strong></span> <span class='ocrx_word' id='word_1_207' title='bbox 1683 1258 1807 1287; x_wconf 89' lang='lat' dir='ltr'><strong>nomine</strong></span> <span class='ocrx_word' id='word_1_208' title='bbox 1834 1254 1917 1307; x_wconf 53' lang='grc' dir='ltr'><strong>ῗυρἲ</strong></span> 
     </span>
     <span class='ocr_line' id='line_1_18' title="bbox 135 1313 1918 1353; baseline 0.004 -13"><span class='ocrx_word' id='word_1_209' title='bbox 135 1313 290 1351; x_wconf 80' lang='lat' dir='ltr'><strong>(ventus)</strong></span> <span class='ocrx_word' id='word_1_210' title='bbox 318 1313 453 1352; x_wconf 87' lang='lat' dir='ltr'><strong>pendet,</strong></span> <span class='ocrx_word' id='word_1_211' title='bbox 491 1314 579 1342; x_wconf 89' lang='lat' dir='ltr'><strong>cuius</strong></span> <span class='ocrx_word' id='word_1_212' title='bbox 614 1313 711 1343; x_wconf 86' lang='lat' dir='ltr'><strong>flatus</strong></span> <span class='ocrx_word' id='word_1_213' title='bbox 752 1314 948 1345; x_wconf 77' lang='lat' dir='ltr'><strong>describendi</strong></span> <span class='ocrx_word' id='word_1_214' title='bbox 984 1326 1083 1346; x_wconf 77' lang='lat' dir='ltr'><strong>causa</strong></span> <span class='ocrx_word' id='word_1_215' title='bbox 1120 1327 1184 1347; x_wconf 85' lang='lat' dir='ltr'><strong>vox</strong></span> <span class='ocrx_word' id='word_1_216' title='bbox 1215 1317 1322 1353; x_wconf 36' lang='lat' dir='ltr'><strong>&amp;stalla</strong></span> <span class='ocrx_word' id='word_1_217' title='bbox 1349 1318 1377 1347; x_wconf 93' lang='lat' dir='ltr'><strong>in</strong></span> <span class='ocrx_word' id='word_1_218' title='bbox 1406 1328 1481 1350; x_wconf 86' lang='lat' dir='ltr'><strong>casu</strong></span> <span class='ocrx_word' id='word_1_219' title='bbox 1509 1320 1696 1350; x_wconf 82' lang='lat' dir='ltr'><strong>accusativo</strong></span> <span class='ocrx_word' id='word_1_220' title='bbox 1724 1319 1830 1350; x_wconf 81' lang='lat' dir='ltr'><strong>addita</strong></span> <span class='ocrx_word' id='word_1_221' title='bbox 1856 1325 1918 1350; x_wconf 87' lang='lat' dir='ltr'><strong>est.</strong></span> 
     </span>
     <span class='ocr_line' id='line_1_19' title="bbox 133 1373 1916 1422; baseline 0.006 -20"><span class='ocrx_word' id='word_1_222' title='bbox 133 1373 226 1403; x_wconf 88' lang='lat' dir='ltr'><strong>Hunc</strong></span> <span class='ocrx_word' id='word_1_223' title='bbox 252 1378 378 1403; x_wconf 88' lang='lat' dir='ltr'><strong>ventum</strong></span> <span class='ocrx_word' id='word_1_224' title='bbox 407 1379 553 1413; x_wconf 85' lang='lat' dir='ltr'><strong>tanquam</strong></span> <span class='ocrx_word' id='word_1_225' title='bbox 582 1376 676 1405; x_wconf 87' lang='lat' dir='ltr'><strong>talem</strong></span> <span class='ocrx_word' id='word_1_226' title='bbox 706 1376 866 1417; x_wconf 77' lang='lat' dir='ltr'><strong>describit,</strong></span> <span class='ocrx_word' id='word_1_227' title='bbox 895 1378 943 1416; x_wconf 90' lang='lat' dir='ltr'><strong>qui</strong></span> <span class='ocrx_word' id='word_1_228' title='bbox 975 1378 1076 1419; x_wconf 78' lang='lat' dir='ltr'><strong>frigus</strong></span> <span class='ocrx_word' id='word_1_229' title='bbox 1104 1379 1251 1409; x_wconf 77' lang='lat' dir='ltr'><strong>adserens</strong></span> <span class='ocrx_word' id='word_1_230' title='bbox 1280 1380 1389 1419; x_wconf 73' lang='lat' dir='ltr'><strong>pluvia</strong></span> <span class='ocrx_word' id='word_1_231' title='bbox 1415 1386 1516 1422; x_wconf 80' lang='lat' dir='ltr'><strong>caret,</strong></span> <span class='ocrx_word' id='word_1_232' title='bbox 1536 1391 1606 1411; x_wconf 87' lang='lat' dir='ltr'><strong>eum</strong></span> <span class='ocrx_word' id='word_1_233' title='bbox 1634 1382 1758 1422; x_wconf 84' lang='lat' dir='ltr'><strong>agmina</strong></span> <span class='ocrx_word' id='word_1_234' title='bbox 1792 1382 1916 1412; x_wconf 90' lang='lat' dir='ltr'><strong>nubium</strong></span> 
     </span>
    </p>
   </div>
   <div class='ocr_carea' id='block_1_8' title="bbox 134 1436 1918 1537">
    <p class='ocr_par' dir='ltr' id='par_1_8' title="bbox 134 1436 1918 1537">
     <span class='ocr_line' id='line_1_20' title="bbox 134 1436 1918 1490; baseline 0.004 -26"><span class='ocrx_word' id='word_1_235' title='bbox 134 1436 274 1465; x_wconf 90' lang='lat' dir='ltr'><strong>tenuium</strong></span> <span class='ocrx_word' id='word_1_236' title='bbox 302 1436 426 1466; x_wconf 86' lang='lat' dir='ltr'><strong>adferre</strong></span> <span class='ocrx_word' id='word_1_237' title='bbox 453 1437 574 1467; x_wconf 85' lang='lat' dir='ltr'><strong>dicens.</strong></span> <span class='ocrx_word' id='word_1_238' title='bbox 603 1439 715 1469; x_wconf 82' lang='lat' dir='ltr'><strong>Nubes</strong></span> <span class='ocrx_word' id='word_1_239' title='bbox 742 1444 848 1469; x_wconf 78' lang='lat' dir='ltr'><strong>autem</strong></span> <span class='ocrx_word' id='word_1_240' title='bbox 877 1450 942 1471; x_wconf 90' lang='lat' dir='ltr'><strong>cum</strong></span> <span class='ocrx_word' id='word_1_241' title='bbox 970 1442 1161 1472; x_wconf 85' lang='lat' dir='ltr'><strong>camelorum</strong></span> <span class='ocrx_word' id='word_1_242' title='bbox 1189 1443 1383 1483; x_wconf 82' lang='lat' dir='ltr'><strong>agminibuS,</strong></span> <span class='ocrx_word' id='word_1_243' title='bbox 1412 1452 1492 1483; x_wconf 88' lang='lat' dir='ltr'><strong>quae</strong></span> <span class='ocrx_word' id='word_1_244' title='bbox 1518 1442 1709 1484; x_wconf 82' lang='lat' dir='ltr'><strong>significatio</strong></span> <span class='ocrx_word' id='word_1_245' title='bbox 1737 1443 1811 1473; x_wconf 87' lang='lat' dir='ltr'><strong>voci</strong></span> <span class='ocrx_word' id='word_1_246' title='bbox 1836 1446 1918 1490; x_wconf 50' lang='lat' dir='ltr'><strong>{uso</strong></span> 
     </span>
     <span class='ocr_line' id='line_1_21' title="bbox 134 1502 542 1537; baseline 0.007 -11"><span class='ocrx_word' id='word_1_247' title='bbox 134 1502 196 1537; x_wconf 83' lang='lat' dir='ltr'><strong>est,</strong></span> <span class='ocrx_word' id='word_1_248' title='bbox 225 1504 429 1537; x_wconf 81' lang='lat' dir='ltr'><strong>comparatae</strong></span> <span class='ocrx_word' id='word_1_249' title='bbox 457 1504 542 1529; x_wconf 88' lang='lat' dir='ltr'><strong>sunt.</strong></span> 
     </span>
    </p>
   </div>
   <div class='ocr_carea' id='block_1_9' title="bbox 134 1595 1918 2079">
    <p class='ocr_par' dir='ltr' id='par_1_9' title="bbox 134 1595 1918 1684">
     <span class='ocr_line' id='line_1_22' title="bbox 134 1595 1918 1640; baseline 0.004 -17"><span class='ocrx_word' id='word_1_250' title='bbox 134 1595 165 1626; x_wconf 88' lang='lat'><strong>7.</strong></span> <span class='ocrx_word' id='word_1_251' title='bbox 209 1596 254 1624; x_wconf 83' lang='lat' dir='ltr'><strong>Et</strong></span> <span class='ocrx_word' id='word_1_252' title='bbox 275 1599 394 1635; x_wconf 74' lang='lat' dir='ltr'><strong>qaolc&#39;es</strong></span> <span class='ocrx_word' id='word_1_253' title='bbox 417 1598 527 1626; x_wconf 76' lang='lat' dir='ltr'><strong>hiemis</strong></span> <span class='ocrx_word' id='word_1_254' title='bbox 555 1602 690 1635; x_wconf 76' lang='lat' dir='ltr'><strong>tempore</strong></span> <span class='ocrx_word' id='word_1_255' title='bbox 719 1601 840 1637; x_wconf 76' lang='lat' dir='ltr'><strong>inopiae</strong></span> <span class='ocrx_word' id='word_1_256' title='bbox 863 1601 985 1634; x_wconf 76' lang='lat' dir='ltr'><strong>dentes,</strong></span> <span class='ocrx_word' id='word_1_257' title='bbox 1021 1611 1060 1630; x_wconf 76' lang='lat' dir='ltr'><strong>ne</strong></span> <span class='ocrx_word' id='word_1_258' title='bbox 1087 1612 1139 1630; x_wconf 66' lang='lat' dir='ltr'><strong>eos</strong></span> <span class='ocrx_word' id='word_1_259' title='bbox 1169 1602 1345 1639; x_wconf 77' lang='lat' dir='ltr'><strong>laederent,</strong></span> <span class='ocrx_word' id='word_1_260' title='bbox 1374 1603 1550 1640; x_wconf 72' lang='lat' dir='ltr'><strong>freqerzmt,</strong></span> <span class='ocrx_word' id='word_1_261' title='bbox 1576 1603 1700 1640; x_wconf 77' lang='lat' dir='ltr'><strong>quando</strong></span> <span class='ocrx_word' id='word_1_262' title='bbox 1723 1603 1830 1630; x_wconf 79' lang='lat' dir='ltr'><strong>dentes</strong></span> <span class='ocrx_word' id='word_1_263' title='bbox 1850 1604 1918 1631; x_wconf 69' lang='lat' dir='ltr'><strong>eiu-3</strong></span> 
     </span>
     <span class='ocr_line' id='line_1_23' title="bbox 821 1655 1224 1684; baseline 0.007 -3"><span class='ocrx_word' id='word_1_264' title='bbox 821 1655 997 1682; x_wconf 79' lang='lat' dir='ltr'><strong>mordentes</strong></span> <span class='ocrx_word' id='word_1_265' title='bbox 1016 1656 1090 1683; x_wconf 78' lang='lat' dir='ltr'><strong>duri</strong></span> <span class='ocrx_word' id='word_1_266' title='bbox 1111 1656 1224 1684; x_wconf 79' lang='lat' dir='ltr'><strong>erant!</strong></span> 
     </span>
    </p>

    <p class='ocr_par' dir='ltr' id='par_1_10' title="bbox 134 1720 1916 2079">
     <span class='ocr_line' id='line_1_24' title="bbox 231 1720 1916 1766; baseline 0.004 -17"><span class='ocrx_word' id='word_1_267' title='bbox 231 1720 371 1760; x_wconf 86' lang='lat' dir='ltr'><strong>Tempus</strong></span> <span class='ocrx_word' id='word_1_268' title='bbox 397 1721 509 1752; x_wconf 90' lang='lat' dir='ltr'><strong>hiemis</strong></span> <span class='ocrx_word' id='word_1_269' title='bbox 536 1728 662 1765; x_wconf 84' lang='lat' dir='ltr'><strong>tempus</strong></span> <span class='ocrx_word' id='word_1_270' title='bbox 690 1723 884 1753; x_wconf 83' lang='lat' dir='ltr'><strong>liberalitatis</strong></span> <span class='ocrx_word' id='word_1_271' title='bbox 914 1722 1111 1753; x_wconf 81' lang='lat' dir='ltr'><strong>exercendae</strong></span> <span class='ocrx_word' id='word_1_272' title='bbox 1139 1730 1216 1755; x_wconf 83' lang='lat' dir='ltr'><strong>erat.</strong></span> <span class='ocrx_word' id='word_1_273' title='bbox 1244 1727 1347 1756; x_wconf 88' lang='lat' dir='ltr'><strong>Hiemi</strong></span> <span class='ocrx_word' id='word_1_274' title='bbox 1374 1731 1490 1764; x_wconf 86' lang='lat' dir='ltr'><strong>antem,</strong></span> <span class='ocrx_word' id='word_1_275' title='bbox 1519 1735 1606 1766; x_wconf 87' lang='lat' dir='ltr'><strong>quam</strong></span> <span class='ocrx_word' id='word_1_276' title='bbox 1637 1736 1706 1756; x_wconf 83' lang='lat' dir='ltr'><strong>cum</strong></span> <span class='ocrx_word' id='word_1_277' title='bbox 1732 1726 1802 1756; x_wconf 83' lang='lat' dir='ltr'><strong>fera</strong></span> <span class='ocrx_word' id='word_1_278' title='bbox 1827 1735 1916 1756; x_wconf 89' lang='lat' dir='ltr'><strong>com-</strong></span> 
     </span>
     <span class='ocr_line' id='line_1_25' title="bbox 134 1784 1916 1828; baseline 0.003 -16"><span class='ocrx_word' id='word_1_279' title='bbox 134 1784 270 1823; x_wconf 88' lang='lat' dir='ltr'><strong>paravit,</strong></span> <span class='ocrx_word' id='word_1_280' title='bbox 298 1790 329 1814; x_wconf 90' lang='lat' dir='ltr'><strong>et</strong></span> <span class='ocrx_word' id='word_1_281' title='bbox 356 1785 503 1825; x_wconf 85' lang='lat' dir='ltr'><strong>inopiam,</strong></span> <span class='ocrx_word' id='word_1_282' title='bbox 532 1796 591 1825; x_wconf 85' lang='lat' dir='ltr'><strong>qua</strong></span> <span class='ocrx_word' id='word_1_283' title='bbox 619 1787 761 1817; x_wconf 86' lang='lat' dir='ltr'><strong>homines</strong></span> <span class='ocrx_word' id='word_1_284' title='bbox 789 1790 911 1828; x_wconf 77' lang='lat' dir='ltr'><strong>premit,</strong></span> <span class='ocrx_word' id='word_1_285' title='bbox 939 1787 1050 1817; x_wconf 81' lang='lat' dir='ltr'><strong>dentes</strong></span> <span class='ocrx_word' id='word_1_286' title='bbox 1078 1790 1257 1818; x_wconf 82' lang='lat' dir='ltr'><strong>lacerantes</strong></span> <span class='ocrx_word' id='word_1_287' title='bbox 1285 1790 1398 1819; x_wconf 85' lang='lat' dir='ltr'><strong>tribuit.</strong></span> <span class='ocrx_word' id='word_1_288' title='bbox 1429 1790 1504 1819; x_wconf 75' lang='lat' dir='ltr'><strong>Vox</strong></span> <span class='ocrx_word' id='word_1_289' title='bbox 1525 1793 1624 1828; x_wconf 51' lang='lat' dir='ltr'><strong>sog-Le</strong></span> <span class='ocrx_word' id='word_1_290' title='bbox 1650 1798 1668 1818; x_wconf 84' lang='lat' dir='ltr'><strong>e</strong></span> <span class='ocrx_word' id='word_1_291' title='bbox 1695 1797 1774 1818; x_wconf 87' lang='lat' dir='ltr'><strong>voce</strong></span> <span class='ocrx_word' id='word_1_292' title='bbox 1795 1790 1916 1818; x_wconf 86' lang='lat' dir='ltr'><strong>omissa</strong></span> 
     </span>
     <span class='ocr_line' id='line_1_26' title="bbox 134 1845 1915 1892; baseline 0.002 -18"><span class='ocrx_word' id='word_1_293' title='bbox 134 1845 199 1883; x_wconf 88' lang='lat' dir='ltr'><strong>(sc.</strong></span> <span class='ocrx_word' id='word_1_294' title='bbox 228 1848 447 1886; x_wconf 86' lang='lat' dir='ltr'><strong>removentes)</strong></span> <span class='ocrx_word' id='word_1_295' title='bbox 478 1849 594 1887; x_wconf 80' lang='lat' dir='ltr'><strong>pendet</strong></span> <span class='ocrx_word' id='word_1_296' title='bbox 621 1850 749 1887; x_wconf 84' lang='lat' dir='ltr'><strong>(conf.</strong></span> <span class='ocrx_word' id='word_1_297' title='bbox 779 1849 886 1880; x_wconf 87' lang='lat' dir='ltr'><strong>Gram.</strong></span> <span class='ocrx_word' id='word_1_298' title='bbox 915 1850 970 1878; x_wconf 88' lang='lat' dir='ltr'><strong>Ar.</strong></span> <span class='ocrx_word' id='word_1_299' title='bbox 999 1850 1063 1878; x_wconf 82' lang='lat' dir='ltr'><strong>&#39;l&#39;.I</strong></span> <span class='ocrx_word' id='word_1_300' title='bbox 1082 1861 1108 1889; x_wconf 90' lang='lat' dir='ltr'><strong>p.</strong></span> <span class='ocrx_word' id='word_1_301' title='bbox 1138 1851 1249 1889; x_wconf 54' lang='lat'><strong>4860,</strong></span> <span class='ocrx_word' id='word_1_302' title='bbox 1278 1851 1392 1890; x_wconf 86' lang='lat' dir='ltr'><strong>quippe</strong></span> <span class='ocrx_word' id='word_1_303' title='bbox 1420 1861 1513 1891; x_wconf 88' lang='lat' dir='ltr'><strong>quam</strong></span> <span class='ocrx_word' id='word_1_304' title='bbox 1541 1861 1612 1881; x_wconf 85' lang='lat' dir='ltr'><strong>cum</strong></span> <span class='ocrx_word' id='word_1_305' title='bbox 1643 1852 1712 1890; x_wconf 87' lang='lat' dir='ltr'><strong>ipso</strong></span> <span class='ocrx_word' id='word_1_306' title='bbox 1741 1849 1915 1892; x_wconf 47' lang='lat' dir='ltr'><strong>verbojlls</strong></span> 
     </span>
     <span class='ocr_line' id='line_1_27' title="bbox 134 1908 1915 1951; baseline 0.004 -17"><span class='ocrx_word' id='word_1_307' title='bbox 134 1908 281 1947; x_wconf 85' lang='lat' dir='ltr'><strong>coniungi</strong></span> <span class='ocrx_word' id='word_1_308' title='bbox 310 1918 418 1948; x_wconf 73' lang='lat' dir='ltr'><strong>posse,</strong></span> <span class='ocrx_word' id='word_1_309' title='bbox 437 1909 519 1940; x_wconf 85' lang='lat' dir='ltr'><strong>haud</strong></span> <span class='ocrx_word' id='word_1_310' title='bbox 548 1912 737 1949; x_wconf 83' lang='lat' dir='ltr'><strong>putaverim.</strong></span> <span class='ocrx_word' id='word_1_311' title='bbox 766 1912 926 1942; x_wconf 78' lang='lat' dir='ltr'><strong>Sufffxum</strong></span> <span class='ocrx_word' id='word_1_312' title='bbox 956 1917 1056 1951; x_wconf 44' lang='grc' dir='ltr'><strong>Λέλε-</strong></span> <span class='ocrx_word' id='word_1_313' title='bbox 1083 1913 1121 1942; x_wconf 88' lang='lat' dir='ltr'><strong>ad</strong></span> <span class='ocrx_word' id='word_1_314' title='bbox 1150 1922 1306 1951; x_wconf 83' lang='lat' dir='ltr'><strong>pauperes</strong></span> <span class='ocrx_word' id='word_1_315' title='bbox 1334 1913 1532 1943; x_wconf 80' lang='lat' dir='ltr'><strong>referendum</strong></span> <span class='ocrx_word' id='word_1_316' title='bbox 1560 1919 1620 1946; x_wconf 77' lang='lat' dir='ltr'><strong>est.</strong></span> <span class='ocrx_word' id='word_1_317' title='bbox 1655 1913 1755 1943; x_wconf 88' lang='lat' dir='ltr'><strong>Poeta</strong></span> <span class='ocrx_word' id='word_1_318' title='bbox 1783 1914 1915 1942; x_wconf 83' lang='lat' dir='ltr'><strong>verbum</strong></span> 
     </span>
     <span class='ocr_line' id='line_1_28' title="bbox 134 1967 1914 2014; baseline 0.003 -15"><span class='ocrx_word' id='word_1_319' title='bbox 134 1967 272 2005; x_wconf 43' lang='lat' dir='ltr'><strong>casus,</strong></span> <span class='ocrx_word' id='word_1_320' title='bbox 311 1970 393 2008; x_wconf 90' lang='lat' dir='ltr'><strong>quod</strong></span> <span class='ocrx_word' id='word_1_321' title='bbox 421 1973 542 2001; x_wconf 83' lang='lat' dir='ltr'><strong>nonnisi</strong></span> <span class='ocrx_word' id='word_1_322' title='bbox 571 1973 599 2002; x_wconf 87' lang='lat' dir='ltr'><strong>in</strong></span> <span class='ocrx_word' id='word_1_323' title='bbox 629 1974 719 2003; x_wconf 83' lang='lat' dir='ltr'><strong>vultu</strong></span> <span class='ocrx_word' id='word_1_324' title='bbox 749 1974 888 2005; x_wconf 87' lang='lat' dir='ltr'><strong>adhiberi</strong></span> <span class='ocrx_word' id='word_1_325' title='bbox 915 1979 1030 2014; x_wconf 73' lang='lat' dir='ltr'><strong>potest,</strong></span> <span class='ocrx_word' id='word_1_326' title='bbox 1058 1976 1140 2005; x_wconf 89' lang='lat' dir='ltr'><strong>haud</strong></span> <span class='ocrx_word' id='word_1_327' title='bbox 1171 1976 1252 2005; x_wconf 85' lang='lat' dir='ltr'><strong>bene</strong></span> <span class='ocrx_word' id='word_1_328' title='bbox 1281 1985 1353 2006; x_wconf 88' lang='lat' dir='ltr'><strong>cum</strong></span> <span class='ocrx_word' id='word_1_329' title='bbox 1380 1976 1526 2006; x_wconf 84' lang='lat' dir='ltr'><strong>dentibus</strong></span> <span class='ocrx_word' id='word_1_330' title='bbox 1554 1976 1727 2006; x_wconf 84' lang='lat' dir='ltr'><strong>coniunxit.</strong></span> <span class='ocrx_word' id='word_1_331' title='bbox 1779 1976 1914 2006; x_wconf 90' lang='lat' dir='ltr'><strong>Nimium</strong></span> 
     </span>
     <span class='ocr_line' id='line_1_29' title="bbox 135 2031 1914 2079; baseline 0.006 -21"><span class='ocrx_word' id='word_1_332' title='bbox 135 2034 208 2069; x_wconf 86' lang='lat' dir='ltr'><strong>est,</strong></span> <span class='ocrx_word' id='word_1_333' title='bbox 249 2031 331 2069; x_wconf 86' lang='lat' dir='ltr'><strong>quod</strong></span> <span class='ocrx_word' id='word_1_334' title='bbox 366 2032 513 2063; x_wconf 88' lang='lat' dir='ltr'><strong>dentibus</strong></span> <span class='ocrx_word' id='word_1_335' title='bbox 541 2035 751 2065; x_wconf 85' lang='lat' dir='ltr'><strong>mordentibus</strong></span> <span class='ocrx_word' id='word_1_336' title='bbox 780 2037 897 2066; x_wconf 85' lang='lat' dir='ltr'><strong>vultum</strong></span> <span class='ocrx_word' id='word_1_337' title='bbox 930 2042 1089 2068; x_wconf 82' lang='lat' dir='ltr'><strong>austerum</strong></span> <span class='ocrx_word' id='word_1_338' title='bbox 1117 2039 1334 2079; x_wconf 83' lang='lat' dir='ltr'><strong>adscripserit.</strong></span> <span class='ocrx_word' id='word_1_339' title='bbox 1389 2038 1482 2077; x_wconf 84' lang='lat' dir='ltr'><strong>Quod</strong></span> <span class='ocrx_word' id='word_1_340' title='bbox 1506 2048 1584 2068; x_wconf 88' lang='lat' dir='ltr'><strong>vero</strong></span> <span class='ocrx_word' id='word_1_341' title='bbox 1614 2040 1645 2068; x_wconf 89' lang='lat' dir='ltr'><strong>in</strong></span> <span class='ocrx_word' id='word_1_342' title='bbox 1678 2047 1774 2068; x_wconf 86' lang='lat' dir='ltr'><strong>versu</strong></span> <span class='ocrx_word' id='word_1_343' title='bbox 1802 2048 1914 2069; x_wconf 89' lang='lat' dir='ltr'><strong>vocem</strong></span> 
     </span>
    </p>
   </div>
   <div class='ocr_carea' id='block_1_10' title="bbox 133 2089 906 2140">
    <p class='ocr_par' dir='ltr' id='par_1_11' title="bbox 133 2089 906 2140">
     <span class='ocr_line' id='line_1_30' title="bbox 133 2089 906 2140; baseline 0.013 -20"><span class='ocrx_word' id='word_1_344' title='bbox 133 2089 222 2128; x_wconf 36' lang='lat' dir='ltr'><strong>*aka-il</strong></span> <span class='ocrx_word' id='word_1_345' title='bbox 247 2095 407 2134; x_wconf 86' lang='lat' dir='ltr'><strong>repetivit,</strong></span> <span class='ocrx_word' id='word_1_346' title='bbox 435 2105 473 2125; x_wconf 92' lang='lat' dir='ltr'><strong>eo</strong></span> <span class='ocrx_word' id='word_1_347' title='bbox 501 2098 656 2127; x_wconf 84' lang='lat' dir='ltr'><strong>sermonis</strong></span> <span class='ocrx_word' id='word_1_348' title='bbox 685 2099 734 2128; x_wconf 87' lang='lat' dir='ltr'><strong>vis</strong></span> <span class='ocrx_word' id='word_1_349' title='bbox 763 2105 906 2140; x_wconf 85' lang='lat' dir='ltr'><strong>augetur.</strong></span> 
     </span>
    </p>
   </div>
   <div class='ocr_carea' id='block_1_11' title="bbox 133 2204 1913 2250">
    <p class='ocr_par' dir='ltr' id='par_1_12' title="bbox 133 2204 1913 2250">
     <span class='ocr_line' id='line_1_31' title="bbox 133 2204 1913 2250; baseline 0.004 -17"><span class='ocrx_word' id='word_1_350' title='bbox 133 2204 166 2234; x_wconf 85' lang='grc'><strong>8.</strong></span> <span class='ocrx_word' id='word_1_351' title='bbox 213 2204 257 2233; x_wconf 76' lang='lat' dir='ltr'><strong>Ut</strong></span> <span class='ocrx_word' id='word_1_352' title='bbox 275 2206 359 2233; x_wconf 78' lang='lat' dir='ltr'><strong>acies</strong></span> <span class='ocrx_word' id='word_1_353' title='bbox 380 2206 448 2234; x_wconf 74' lang='lat' dir='ltr'><strong>eius</strong></span> <span class='ocrx_word' id='word_1_354' title='bbox 470 2207 507 2235; x_wconf 76' lang='lat' dir='ltr'><strong>ab</strong></span> <span class='ocrx_word' id='word_1_355' title='bbox 529 2208 568 2235; x_wconf 74' lang='lat' dir='ltr'><strong>iis</strong></span> <span class='ocrx_word' id='word_1_356' title='bbox 590 2212 800 2238; x_wconf 76' lang='lat' dir='ltr'><strong>removeretur</strong></span> <span class='ocrx_word' id='word_1_357' title='bbox 820 2214 851 2239; x_wconf 83' lang='lat' dir='ltr'><strong>e!</strong></span> <span class='ocrx_word' id='word_1_358' title='bbox 870 2213 991 2240; x_wconf 78' lang='lat' dir='ltr'><strong>vicinus</strong></span> <span class='ocrx_word' id='word_1_359' title='bbox 1013 2222 1118 2241; x_wconf 79' lang='lat' dir='ltr'><strong>eorum</strong></span> <span class='ocrx_word' id='word_1_360' title='bbox 1135 2215 1166 2241; x_wconf 82' lang='lat' dir='ltr'><strong>t&#39;n</strong></span> <span class='ocrx_word' id='word_1_361' title='bbox 1181 2212 1267 2248; x_wconf 67' lang='lat' dir='ltr'><strong>colle,</strong></span> <span class='ocrx_word' id='word_1_362' title='bbox 1279 2221 1338 2250; x_wconf 79' lang='lat' dir='ltr'><strong>quo</strong></span> <span class='ocrx_word' id='word_1_363' title='bbox 1355 2211 1471 2240; x_wconf 79' lang='lat' dir='ltr'><strong>malum</strong></span> <span class='ocrx_word' id='word_1_364' title='bbox 1485 2212 1641 2247; x_wconf 67' lang='lat' dir='ltr'><strong>cavebant,</strong></span> <span class='ocrx_word' id='word_1_365' title='bbox 1658 2212 1807 2250; x_wconf 77' lang='lat' dir='ltr'><strong>defensus</strong></span> <span class='ocrx_word' id='word_1_366' title='bbox 1823 2216 1913 2241; x_wconf 67' lang='lat' dir='ltr'><strong>esset-</strong></span> 
     </span>
    </p>
   </div>
   <div class='ocr_carea' id='block_1_12' title="bbox 135 2266 1913 2634">
    <p class='ocr_par' dir='ltr' id='par_1_13' title="bbox 135 2266 1913 2634">
     <span class='ocr_line' id='line_1_32' title="bbox 135 2266 1913 2322; baseline 0.007 -23"><span class='ocrx_word' id='word_1_367' title='bbox 135 2266 347 2312; x_wconf 56' lang='lat'><strong>(11820.)</strong></span> <span class='ocrx_word' id='word_1_368' title='bbox 365 2273 456 2311; x_wconf 83' lang='lat' dir='ltr'><strong>Quae</strong></span> <span class='ocrx_word' id='word_1_369' title='bbox 483 2275 512 2304; x_wconf 92' lang='lat' dir='ltr'><strong>in</strong></span> <span class='ocrx_word' id='word_1_370' title='bbox 538 2276 704 2315; x_wconf 90' lang='lat' dir='ltr'><strong>superiore</strong></span> <span class='ocrx_word' id='word_1_371' title='bbox 729 2287 826 2307; x_wconf 87' lang='lat' dir='ltr'><strong>versu</strong></span> <span class='ocrx_word' id='word_1_372' title='bbox 856 2279 990 2321; x_wconf 80' lang='lat' dir='ltr'><strong>dixerat,</strong></span> <span class='ocrx_word' id='word_1_373' title='bbox 1018 2282 1121 2322; x_wconf 84' lang='lat' dir='ltr'><strong>magis</strong></span> <span class='ocrx_word' id='word_1_374' title='bbox 1148 2286 1291 2311; x_wconf 87' lang='lat' dir='ltr'><strong>exornat.</strong></span> <span class='ocrx_word' id='word_1_375' title='bbox 1320 2281 1394 2310; x_wconf 84' lang='lat' dir='ltr'><strong>Vox</strong></span> <span class='ocrx_word' id='word_1_376' title='bbox 1410 2283 1488 2320; x_wconf 65' lang='grc' dir='ltr'><strong>ιλ&gt;,</strong></span> <span class='ocrx_word' id='word_1_377' title='bbox 1516 2290 1596 2320; x_wconf 89' lang='lat' dir='ltr'><strong>quae</strong></span> <span class='ocrx_word' id='word_1_378' title='bbox 1622 2281 1723 2310; x_wconf 83' lang='lat' dir='ltr'><strong>aciem</strong></span> <span class='ocrx_word' id='word_1_379' title='bbox 1750 2285 1782 2310; x_wconf 90' lang='lat' dir='ltr'><strong>et</strong></span> <span class='ocrx_word' id='word_1_380' title='bbox 1808 2280 1913 2311; x_wconf 88' lang='lat' dir='ltr'><strong>vehe-</strong></span> 
     </span>
     <span class='ocr_line' id='line_1_33' title="bbox 135 2336 1910 2382; baseline 0.005 -18"><span class='ocrx_word' id='word_1_381' title='bbox 135 2336 283 2366; x_wconf 86' lang='lat' dir='ltr'><strong>mentiam</strong></span> <span class='ocrx_word' id='word_1_382' title='bbox 319 2336 488 2378; x_wconf 82' lang='lat' dir='ltr'><strong>designat,</strong></span> <span class='ocrx_word' id='word_1_383' title='bbox 516 2342 578 2368; x_wconf 88' lang='lat' dir='ltr'><strong>tam</strong></span> <span class='ocrx_word' id='word_1_384' title='bbox 606 2339 645 2369; x_wconf 88' lang='lat' dir='ltr'><strong>ad</strong></span> <span class='ocrx_word' id='word_1_385' title='bbox 670 2339 816 2381; x_wconf 77' lang='lat' dir='ltr'><strong>hiemem,</strong></span> <span class='ocrx_word' id='word_1_386' title='bbox 846 2351 939 2380; x_wconf 86' lang='lat' dir='ltr'><strong>quam</strong></span> <span class='ocrx_word' id='word_1_387' title='bbox 965 2342 1003 2372; x_wconf 81' lang='lat' dir='ltr'><strong>ad</strong></span> <span class='ocrx_word' id='word_1_388' title='bbox 1032 2342 1145 2372; x_wconf 86' lang='lat' dir='ltr'><strong>dentes</strong></span> <span class='ocrx_word' id='word_1_389' title='bbox 1172 2341 1282 2372; x_wconf 82' lang='lat' dir='ltr'><strong>referri</strong></span> <span class='ocrx_word' id='word_1_390' title='bbox 1310 2347 1443 2382; x_wconf 81' lang='lat' dir='ltr'><strong>potest3</strong></span> <span class='ocrx_word' id='word_1_391' title='bbox 1472 2341 1530 2371; x_wconf 84' lang='lat' dir='ltr'><strong>sed</strong></span> <span class='ocrx_word' id='word_1_392' title='bbox 1553 2342 1640 2381; x_wconf 89' lang='lat' dir='ltr'><strong>prius</strong></span> <span class='ocrx_word' id='word_1_393' title='bbox 1666 2342 1769 2382; x_wconf 86' lang='lat' dir='ltr'><strong>magis</strong></span> <span class='ocrx_word' id='word_1_394' title='bbox 1795 2341 1910 2380; x_wconf 85' lang='lat' dir='ltr'><strong>placet.</strong></span> 
     </span>
     <span class='ocr_line' id='line_1_34' title="bbox 135 2399 1911 2447; baseline 0.004 -19"><span class='ocrx_word' id='word_1_395' title='bbox 135 2399 168 2429; x_wconf 88' lang='lat' dir='ltr'><strong>In</strong></span> <span class='ocrx_word' id='word_1_396' title='bbox 184 2400 359 2439; x_wconf 85' lang='lat' dir='ltr'><strong>posteriore</strong></span> <span class='ocrx_word' id='word_1_397' title='bbox 379 2405 469 2440; x_wconf 88' lang='lat' dir='ltr'><strong>parte</strong></span> <span class='ocrx_word' id='word_1_398' title='bbox 496 2404 609 2432; x_wconf 78' lang='lat' dir='ltr'><strong>statum</strong></span> <span class='ocrx_word' id='word_1_399' title='bbox 636 2403 808 2433; x_wconf 89' lang='lat' dir='ltr'><strong>vicinorum</strong></span> <span class='ocrx_word' id='word_1_400' title='bbox 826 2404 932 2445; x_wconf 85' lang='lat' dir='ltr'><strong>gentis</strong></span> <span class='ocrx_word' id='word_1_401' title='bbox 959 2414 1038 2435; x_wconf 83' lang='lat' dir='ltr'><strong>suae</strong></span> <span class='ocrx_word' id='word_1_402' title='bbox 1063 2405 1219 2435; x_wconf 84' lang='lat' dir='ltr'><strong>describit.</strong></span> <span class='ocrx_word' id='word_1_403' title='bbox 1249 2406 1390 2435; x_wconf 88' lang='lat' dir='ltr'><strong>Tutelam</strong></span> <span class='ocrx_word' id='word_1_404' title='bbox 1416 2406 1522 2447; x_wconf 82' lang='lat' dir='ltr'><strong>gentis</strong></span> <span class='ocrx_word' id='word_1_405' title='bbox 1548 2414 1620 2435; x_wconf 92' lang='lat' dir='ltr'><strong>cum</strong></span> <span class='ocrx_word' id='word_1_406' title='bbox 1647 2405 1737 2441; x_wconf 90' lang='lat' dir='ltr'><strong>colle,</strong></span> <span class='ocrx_word' id='word_1_407' title='bbox 1764 2404 1792 2433; x_wconf 87' lang='lat' dir='ltr'><strong>in</strong></span> <span class='ocrx_word' id='word_1_408' title='bbox 1819 2414 1911 2443; x_wconf 84' lang='lat' dir='ltr'><strong>quem</strong></span> 
     </span>
     <span class='ocr_line' id='line_1_35' title="bbox 135 2460 1913 2509; baseline 0.004 -21"><span class='ocrx_word' id='word_1_409' title='bbox 135 2461 228 2490; x_wconf 79' lang='lat' dir='ltr'><strong>vicini</strong></span> <span class='ocrx_word' id='word_1_410' title='bbox 256 2462 450 2503; x_wconf 79' lang='lat' dir='ltr'><strong>confugiunt,</strong></span> <span class='ocrx_word' id='word_1_411' title='bbox 479 2465 684 2503; x_wconf 82' lang='lat' dir='ltr'><strong>comparavit.</strong></span> <span class='ocrx_word' id='word_1_412' title='bbox 723 2466 830 2495; x_wconf 87' lang='lat' dir='ltr'><strong>conf.</strong></span> <span class='ocrx_word' id='word_1_413' title='bbox 858 2467 950 2496; x_wconf 88' lang='lat' dir='ltr'><strong>Ham.</strong></span> <span class='ocrx_word' id='word_1_414' title='bbox 978 2467 1002 2496; x_wconf 68' lang='grc' dir='ltr'><strong>οἳ</strong></span> <span class='ocrx_word' id='word_1_415' title='bbox 1033 2477 1062 2497; x_wconf 86' lang='grc' dir='ltr'><strong>ν.</strong></span> <span class='ocrx_word' id='word_1_416' title='bbox 1094 2468 1120 2497; x_wconf 91' lang='lat' dir='ltr'><strong>l.</strong></span> <span class='ocrx_word' id='word_1_417' title='bbox 1142 2467 1178 2496; x_wconf 63' lang='lat'><strong>⁸¹1²</strong></span> <span class='ocrx_word' id='word_1_418' title='bbox 1206 2478 1235 2496; x_wconf 89' lang='lat' dir='ltr'><strong>v.</strong></span> <span class='ocrx_word' id='word_1_419' title='bbox 1258 2468 1289 2497; x_wconf 79' lang='lat'><strong>4.</strong></span> <span class='ocrx_word' id='word_1_420' title='bbox 1315 2467 1367 2496; x_wconf 55' lang='grc' dir='ltr'><strong>ἦθ’</strong></span> <span class='ocrx_word' id='word_1_421' title='bbox 1393 2468 1472 2497; x_wconf 79' lang='lat' dir='ltr'><strong>v.1.</strong></span> <span class='ocrx_word' id='word_1_422' title='bbox 1500 2468 1607 2498; x_wconf 79' lang='lat' dir='ltr'><strong>Verba</strong></span> <span class='ocrx_word' id='word_1_423' title='bbox 1633 2471 1736 2496; x_wconf 79' lang='lat' dir='ltr'><strong>autem</strong></span> <span class='ocrx_word' id='word_1_424' title='bbox 1763 2460 1913 2509; x_wconf 37' lang='lat' dir='ltr'><strong>„QU-</strong></span> 
     </span>
     <span class='ocr_line' id='line_1_36' title="bbox 138 2521 1911 2572; baseline 0.003 -20"><span class='ocrx_word' id='word_1_425' title='bbox 138 2521 201 2563; x_wconf 51' lang='lat' dir='ltr'><strong>,adl</strong></span> <span class='ocrx_word' id='word_1_426' title='bbox 238 2526 329 2553; x_wconf 87' lang='lat' dir='ltr'><strong>vocis</strong></span> <span class='ocrx_word' id='word_1_427' title='bbox 357 2525 428 2565; x_wconf 50' lang='lat'><strong>³³:5¹</strong></span> <span class='ocrx_word' id='word_1_428' title='bbox 467 2526 672 2565; x_wconf 84' lang='lat' dir='ltr'><strong>explicandae</strong></span> <span class='ocrx_word' id='word_1_429' title='bbox 701 2528 799 2567; x_wconf 87' lang='lat' dir='ltr'><strong>gratia</strong></span> <span class='ocrx_word' id='word_1_430' title='bbox 827 2528 933 2559; x_wconf 81' lang='lat' dir='ltr'><strong>addita</strong></span> <span class='ocrx_word' id='word_1_431' title='bbox 967 2534 1042 2559; x_wconf 89' lang='lat' dir='ltr'><strong>sunt</strong></span> <span class='ocrx_word' id='word_1_432' title='bbox 1069 2533 1097 2559; x_wconf 85' lang='lat' dir='ltr'><strong>et</strong></span> <span class='ocrx_word' id='word_1_433' title='bbox 1126 2530 1235 2560; x_wconf 82' lang='lat' dir='ltr'><strong>collem</strong></span> <span class='ocrx_word' id='word_1_434' title='bbox 1263 2530 1452 2572; x_wconf 84' lang='lat' dir='ltr'><strong>designant,</strong></span> <span class='ocrx_word' id='word_1_435' title='bbox 1480 2530 1508 2559; x_wconf 88' lang='lat' dir='ltr'><strong>in</strong></span> <span class='ocrx_word' id='word_1_436' title='bbox 1535 2537 1596 2568; x_wconf 87' lang='lat' dir='ltr'><strong>quo</strong></span> <span class='ocrx_word' id='word_1_437' title='bbox 1628 2528 1741 2558; x_wconf 83' lang='lat' dir='ltr'><strong>malum</strong></span> <span class='ocrx_word' id='word_1_438' title='bbox 1768 2534 1911 2560; x_wconf 79' lang='lat' dir='ltr'><strong>cavetur.</strong></span> 
     </span>
     <span class='ocr_line' id='line_1_37' title="bbox 137 2583 1098 2634; baseline 0.009 -21"><span class='ocrx_word' id='word_1_439' title='bbox 137 2583 267 2615; x_wconf 85' lang='lat' dir='ltr'><strong>Phrasis</strong></span> <span class='ocrx_word' id='word_1_440' title='bbox 295 2592 398 2617; x_wconf 87' lang='lat' dir='ltr'><strong>autem</strong></span> <span class='ocrx_word' id='word_1_441' title='bbox 426 2588 567 2634; x_wconf 52' lang='lat' dir='ltr'><strong>st9)k?·&gt;</strong></span> <span class='ocrx_word' id='word_1_442' title='bbox 596 2589 694 2619; x_wconf 84' lang='lat' dir='ltr'><strong>statui</strong></span> <span class='ocrx_word' id='word_1_443' title='bbox 722 2589 928 2621; x_wconf 79' lang='lat' dir='ltr'><strong>describendo</strong></span> <span class='ocrx_word' id='word_1_444' title='bbox 955 2591 1098 2622; x_wconf 84' lang='lat' dir='ltr'><strong>inservit.</strong></span> 
     </span>
    </p>
   </div>
  </div>
 </body>
</html>
