2155 2892
915 187 1187 218 —633—

159 283 303 326 Hedjrae
333 289 446 326 quarto
476 285 676 316 scribendam
705 292 828 316 curavit
856 286 916 316 ibid
944 296 972 326 p.
1004 287 1083 317 100.
1112 288 1204 318 Anno
1231 297 1326 321 sexto
1355 296 1442 332 pacis
1462 300 1585 334 'iactum
1613 298 1651 328 ab
1680 299 1772 329 Atilio
1799 302 1949 342 scriptum

160 354 210 380 est
238 349 277 378 ib.
306 357 336 388 p.
368 349 446 379 126.
475 348 661 379 Abu-Becri
687 348 790 378 scriba
820 348 1017 380 Ohtsmnnus
1044 351 1112 384 suit.
1138 350 1280 383 Abutsar.
1304 365 1332 394 p.
1358 356 1434 386 171.
1465 357 1533 386 infr.
1559 359 1754 398 scripturum
1782 362 1949 394 Svrincam

160 412 285 443 Arabes
314 411 398 441 initio
426 410 507 441 haud
536 415 688 440 mutatam
715 411 854 440 imitatos
883 421 975 448 esso,
1003 414 1031 442 in
1059 414 1230 453 scriptura.
1251 424 1343 453 quain
1372 418 1516 448 (ssuficam
1545 420 1749 459 adpellainus,
1779 396 1817 453 in·
1836 435 1950 456 exem-

159 476 298 516 plaribus
325 476 442 506 Coroni
469 474 605 513 antiquis
633 474 727 503 obvii!
755 483 956 514 cognoscere
986 475 1069 506 licet.
1097 477 1244 507 Decursu
1273 481 1424 518 temporis
1453 491 1507 520 per
1535 483 1593 513 tria
1620 486 1750 515 sueonia
1778 496 1845 516 euru
1876 498 1948 528 usu,

158 537 421 578 quemadmodum
450 536 518 566 fieri
546 537 640 575 solet,
669 534 774 577 magis
802 538 967 577 magisque
994 543 1146 568 mutatam
1174 538 1289 580 fuisse,
1305 541 1436 573 dubitari
1464 544 1545 574 band
1574 546 1656 586 iicet,
1673 546 1774 578 donee
1801 550 1838 578 ab
1862 550 1949 580 Εὔη-

160 599 324 639 Moktuho,
353 601 404 638 qui
431 604 526 628 natus
554 608 634 628 anno
664 599 734 631 272
763 608 843 628 anno
871 600 941 629 3⁶2&
972 600 1054 630 diem
1083 602 1169 642 obiit,
1199 602 1319 633 facilior
1343 607 1499 637 scribendi
1529 610 1637 638 modus
1665 611 1870 653 inveniretur,
1896 615 1948 655 qui

160 667 233 701 post
260 661 381 691 saeculi
409 661 534 690 circiter
551 661 686 700 spatium
701 661 739 691 ab
759 662 1036 703 Ebn-Bawwnlm,
1055 665 1157 694 scriba
1176 666 1389 701 celeberrimo,
1407 671 1576 708 perfectior
1596 673 1735 704 redditus
1763 681 1824 704 est.
1840 686 1854 705 c
1867 688 1883 705 o
1897 677 1947 707 ns.

159 724 299 755 l‘ocock.
327 733 415 763 spec.
443 733 472 762 p.
504 723 586 754 363.
614 724 836 757 Ebn-Chaliic.
864 725 942 755 Nro.
971 725 1053 756 468.
1108 727 1237 758 Praeter
1266 740 1400 769 pannum
1429 733 1569 772 politum,
1598 737 1800 777 gossypinin,
1821 750 1861 768 ex
1888 750 1948 779 quo

159 787 268 818 charta
297 787 406 827 xylina
433 793 502 817 orta
530 793 601 827 est,
635 788 734 817 Amru
752 787 925 817 -1·Kaisus
963 789 1174 821 membranam
1202 794 1339 832 (QB)
1368 796 1470 825 conf.
1503 797 1628 827 Diwan.
1657 808 1685 837 p.
1717 802 1766 839 t‘ssv,
1796 811 1826 829 v.
1857 801 1888 830 3.
1917 808 1949 833 et

157 848 333 889 palmarum
363 849 456 889 solia,
483 849 513 879 in
539 849 651 889 quibus
678 850 875 880 scribebatur
910 851 1000 889 (ibid.
1035 862 1065 892 p.
1096 855 1127 881 r*-
1154 864 1185 884 v.
1218 855 1290 894 13.)
1318 860 1590 890 commemoravit.
1642 861 1704 891 liiis
1729 862 1948 895 deficientibus

159 921 235 942 ossa
263 912 350 951 larga
376 911 502 941 Arabes
530 921 654 952 qnoque
680 914 710 942 in
738 912 822 942 hunc
848 922 940 943 usum
969 915 1154 946 adhibuisse
1180 918 1317 958 legimus
1346 920 1484 952 l'oeock.
1514 932 1600 962 spec.
1629 934 1658 963 p.
1691 925 1768 955 162.
1806 927 1948 957 Lebidus

157 978 187 1006 in
215 976 356 1007 Mollaka
382 987 414 1007 v.
443 977 474 1008 2.
504 979 656 1008 materiae
683 977 795 1017 lapidis
822 978 1008 1008 mentionem
1035 978 1121 1009 fecit.

157 1075 190 1104 ⁶.
233 1077 279 1106 Et
300 1079 330 1106 si
350 1077 430 1114 lepor
438 1078 466 1106 is
489 1085 562 1105 caro
585 1078 618 1104 in
638 1079 731 1112 pacto
753 1078 860 1103 nostro
882 1079 985 1104 semila
1007 1080 1098 1111 esset.
1120 1080 1287 1115 promissis
1309 1089 1367 1108 nos
1389 1083 1604 1120 stetisse1111c3;
1632 1087 1663 1112 el
1684 1085 1744 1113 hoc
1763 1090 1889 1122 pactum
1913 1091 1948 1117 tu

778 1129 832 1157 tibi
858 1130 1049 1158 serrandum
1074 1133 1278 1168 imposueras.

257 1201 292 1230 ln
318 1200 379 1230 boc
407 1208 504 1230 versu
531 1198 725 1238 vituperatio
754 1199 840 1240 regis
867 1203 936 1240 est3
965 1199 1072 1230 obiicit
1101 1200 1195 1241 enim,
1223 1210 1331 1241 regem
1358 1208 1484 1242 pactum
1510 1205 1571 1234 sibi
1592 1206 1772 1244 impositum
1793 1218 1854 1237 non
1872 1218 1948 1238 ser-

159 1274 270 1295 vasse.
323 1264 406 1293 Huic
431 1264 536 1304 gentis
566 1270 643 1292 suae
670 1264 785 1304 agendi
815 1263 987 1301 rationein,
1017 1273 1096 1302 quae
1123 1269 1154 1294 et
1183 1265 1213 1293 iu
1240 1266 1350 1304 parvis
1378 1266 1473 1295 rebus
1502 1266 1595 1296 fidem
1623 1273 1793 1299 servatura
1824 1270 1946 1308 suisset,

157 1327 298 1366 opponit,
327 1332 360 1356 ut
388 1336 494 1366 regem
523 1326 562 1356 ad
590 1326 701 1355 vitium
730 1325 892 1356 beneficiis
921 1325 1130 1365 reparandum
1160 1326 1302 1366 instiget.
1355 1327 1397 1357 L‘t
1424 1337 1555 1366 parvam
1583 1338 1649 1358 rem
1678 1329 1877 1370 designaret,
1899 1332 1948 1361 ie-

158 1388 259 1429 poris,
289 1397 379 1427 quem
415 1389 547 1428 quisque
582 1387 692 1418 venari
722 1392 847 1426 potest,
882 1398 1006 1418 caruem
1035 1389 1304 1420 commemoravit.
1357 1389 1390 1418 In
1418 1399 1515 1421 versu
1543 1389 1661 1429 duplex
1684 1391 1809 1432 legendi
1839 1393 1948 1423 modus

155 1447 255 1479 *istu
281 1456 312 1480 et
339 1447 438 1478 ssi-'m
465 1451 604 1481 exsistit.
657 1450 746 1481 l’rior
774 1450 900 1492 legendi
927 1449 1038 1481 modus
1066 1452 1246 1492 significat,
1274 1457 1401 1491 pactum
1428 1452 1501 1482 iilud
1527 1453 1555 1482 ei
1579 1453 1765 1492 adhaerere,
1793 1455 1892 1485 donec
1919 1456 1947 1485 ei

155 1512 375 1552 satisfecerit3
414 1513 574 1551 posterior
601 1518 720 1550 autem,
749 1521 858 1553 regem
886 1512 958 1543 illud
984 1518 1113 1553 pactum
1141 1519 1289 1554 tanquam
1316 1515 1446 1557 pignus,
1474 1516 1557 1555 quod
1582 1525 1645 1546 non
1669 1517 1833 1559 reddatur,
1863 1518 1947 1558 apud

154 1582 192 1603 se
219 1574 355 1604 retinere
382 1576 474 1613 eique
500 1573 584 1605 haud
613 1574 816 1605 satisfacere.

159 1684 190 1716 7.
233 1681 321 1711 Num
343 1684 445 1711 omnis
466 1686 641 1720 eoeercilus,
665 1688 720 1723 qui
739 1685 837 1713 semel
855 1686 977 1722 praeda
998 1686 1168 1714 destitutus
1187 1689 1312 1723 gentem
1332 1687 1520 1715 submissam
1543 1689 1671 1724 incenit,
1693 1686 1948 1728 ea111(!atiquam

794 1736 968 1779 praedam)
989 1740 1165 1777 propellere
1184 1741 1308 1778 p01est?
1743 1740 1803 1780 (p.
1827 1740 1946 1780 761.)

251 1811 333 1842 Rem
360 1820 379 1841 a
406 1818 484 1851 rege
512 1807 647 1847 turpiter
674 1812 837 1848 peractam
865 1809 1006 1847 respicit.
1059 1808 1163 1850 Regis
1192 1809 1375 1840 iniustitiam
1404 1807 1529 1838 indicat.

153 1910 185 1939 8.
231 1907 382 1938 Homines
404 1914 532 1935 eramus
555 1913 624 1933 cum
644 1904 760 1941 gaudie)
783 1905 963 1943 obsequium
984 1907 1197 1942 praeshmſtrs,
1221 1907 1276 1944 qui
1296 1908 1329 1934 in
1351 1906 1470 1934 deserti
1489 1907 1565 1934 ritis
1587 1908 1617 1934 el
1638 1905 1715 1933 Iocis
1738 1908 1839 1942 niqris
1861 1906 1946 1943 lapi-

792 1959 883 1987 dibus
905 1960 1040 1996 implelis
1061 1961 1290 1989 incedebamus.

279 2033 384 2072 Quum
418 2037 514 2071 turpe
540 2034 590 2060 est
617 2028 796 2060 hominibus
826 2029 1012 2066 obsequium
1039 2028 1273 2067 praestantibus
1302 2028 1417 2057 matum
1444 2027 1572 2068 inserte,
1600 2033 1666 2058 tuin
1695 2029 1815 2068 turpius
1850 2029 1945 2059 etiam

156 2097 346 2134 habendum,
374 2096 402 2125 si
429 2093 570 2124 homiues
597 2093 740 2123 lubenter
779 2093 1014 2130 obsequuntur,
1041 2096 1075 2120 ut
1106 2090 1147 2120 nii
1173 2091 1245 2120 maii
1274 2091 1383 2120 timere
1411 2092 1541 2130 possint.
1595 2091 1795 2122 Scholiastes
1831 2101 1944 2122 vocem

154 2156 262 2198 xia-52,
289 2166 370 2196 quae
397 2155 497 2184 statui
525 2154 732 2184 describendo
761 2153 928 2193 inserviat,
954 2155 1088 2184 vocibus
1117 2151 1202 2190 &5143
1229 2149 1370 2194 &aaa
1389 2153 1571 2194 explicavit,
1588 2158 1621 2183 ut
1639 2163 1758 2183 sensus
1785 2156 1843 2183 sit:
1872 2153 1944 2183 dum

154 2231 213 2252 nos
250 2219 418 2260 pecoribus
457 2217 577 2247 nostris
614 2216 811 2246 laetabamur
856 2221 888 2246 et
922 2217 1026 2246 securi
1061 2226 1199 2246 eramus.
1264 2215 1355 2254 Quae
1388 2222 1494 2246 autem
1531 2216 1667 2255 addidit,
1695 2227 1733 2246 ea
1760 2219 1944 2246 securitatis

155 2286 272 2313 statum
300 2280 491 2311 describunt.
529 2280 563 2308 ln
589 2279 726 2309 vallibus
754 2279 795 2308 nil
823 2279 971 2308 timentes
998 2277 1160 2319 degebant
1187 2286 1289 2316 neque
1314 2278 1393 2307 altos
1419 2282 1539 2307 montes
1566 2286 1655 2316 suos,
1683 2278 1795 2317 quibus
1823 2286 1858 2306 se
1885 2277 1944 2307 de-

154 2344 334 2383 fenderent,
363 2343 523 2383 petebant.
576 2341 686 2372 Voces
723 2338 774 2371 >Ut
801 2341 854 2390 eh
875 2341 915 2380 kq
941 2339 1034 2376 &et-“2¹⁵
1065 2337 1248 2369 »fluxerunt
1276 2339 1442 2369 nobiscum
1468 2339 1572 2368 valles
1599 2339 1731 2375 deserti,
1765 2339 1793 2368 in
1829 2340 1944 2379 qulbus

155 2414 237 2444 aqua
266 2408 354 2434 erat«
394 2403 588 2444 significant,
623 2413 679 2435 eos
713 2405 743 2434 in
771 2405 886 2436 tatibus
919 2405 997 2436 iocis
1024 2404 1212 2444 incessisse,
1251 2408 1285 2433 ut
1311 2412 1392 2442 aqua
1419 2410 1476 2430 eos
1503 2401 1542 2430 ab
1570 2410 1630 2430 uno
1654 2401 1725 2430 loco
1753 2401 1782 2430 in
1809 2401 1944 2432 alterum

154 2467 241 2506 quasi
268 2465 466 2496 transferret.

154 2561 186 2590 9.
231 2562 359 2596 Iurat-i,
384 2572 431 2590 me
454 2561 667 2591 lmbilalrerum
690 2570 752 2590 nou
776 2571 846 2591 esse
867 2565 931 2592 m'si
949 2565 981 2591 in
1004 2566 1119 2591 mouns
1141 2564 1229 2598 iuqo,
1254 2562 1346 2590 cuius
1369 2570 1486 2590 arenae
1507 2563 1537 2588 el
1559 2569 1727 2589 arenarum
1748 2563 1867 2590 tractus
1890 2561 1946 2589 libi

909 2617 1066 2645 inlerdicli
1093 2619 1177 2644 s1mt.
