2155 2892
898 121 1165 153 —360—

143 233 205 254 non
226 224 339 263 possit.
366 223 554 254 Sententiae
579 222 757 262 probandae
784 231 878 253 causa
904 226 1091 263 sequentem
1117 232 1245 253 versum
1266 223 1457 253 scholiastes
1476 222 1655 253 adnotavit:
1672 220 1779 265 (metr.
1800 221 1923 266 Wafir)

144 286 244 316 Eius
280 285 415 326 imago
442 295 502 315 me
534 285 753 316 visitatum
790 285 929 324 venit;
963 285 1038 315 sed
1068 295 1186 325 quum
1221 285 1408 315 iniustus
1436 289 1572 325 esset,
1599 285 1828 324 imaginem
1855 286 1922 315 im-

143 347 325 387 pedivit.
383 348 541 378 Particula
575 345 614 392 Oi
646 348 811 387 superflua
844 352 902 377 est.
978 347 1037 378 Cui
1067 352 1171 378 autem
1199 347 1376 377 sententiae
1404 356 1465 376 non
1491 356 1532 376 ex
1559 346 1638 376 omui
1665 351 1753 386 parte
1780 347 1924 376 assentiri

145 418 300 448 possum,
332 408 401 439 fieri
436 410 516 440 enim
553 410 708 440 interdum
743 410 838 450 solet,
866 414 909 448 ut,
946 410 974 439 si
1009 410 1076 449 quis
1103 410 1132 439 in
1159 419 1266 440 amore
1295 414 1351 439 aut
1377 410 1438 440 alia
1464 419 1499 439 re
1525 409 1635 439 infelix
1662 418 1803 438 somnum
1830 409 1923 448 capit,

143 471 295 501 somnium
322 471 350 501 ei
376 481 455 502 vero
481 473 578 503 statui
604 472 789 502 contrariam
817 482 882 502 rem
911 472 1044 503 adferat.

954 610 1115 643 an.

858 675 1041 709 Nozaib
1069 675 1205 708 dixit.

827 747 953 785 (conf.
982 748 1073 776 Ham.
1102 757 1131 786 p.
1152 746 1228 787 0‘tv.]

139 820 169 855 1,
213 819 314 856 Quasi
334 829 386 848 cor
408 822 513 854 nocte,
538 828 600 857 qua
622 820 737 848 dictum
760 821 822 847 est:
844 818 944 847 Mune
966 821 1022 847 aut
1042 820 1173 854 vespert}
1194 818 1287 847 Lnilu
1311 817 1506 847 Alema-ilica
1528 818 1706 855 abducitur,

142 888 171 916 2.
215 885 294 914 Avis
326 886 435 914 Kutlza
461 887 517 919 sit,
550 895 642 924 quam
672 888 737 914 rete
774 885 904 921 subegit.
965 885 1037 917 Illa,
1072 886 1143 913 dum
1166 885 1218 913 ala
1247 887 1276 913 ei
1304 884 1462 917 inhaeret,
1497 893 1554 921 per
1576 887 1696 912 noctem
1718 884 1751 911 id
1770 883 1921 911 trahendo

881 939 1034 976 franyere
1063 939 1175 967 studet.

235 1006 280 1037 Se
307 1011 395 1037 tanto
422 1016 526 1036 amore
553 1007 635 1037 illius
662 1007 796 1037 feminae
823 1012 951 1046 captum
979 1006 1141 1046 describit,
1170 1011 1203 1036 ut
1230 1016 1284 1036 eor
1311 1016 1416 1046 suum,
1438 1006 1640 1045 profectionis
1667 1006 1775 1035 nuntio
1803 1006 1920 1038 adlato>

140 1074 228 1099 tanta
255 1070 468 1109 inquietudine
495 1075 744 1110 commoveatur,
775 1075 890 1108 quanta
917 1070 987 1099 avis
1015 1069 1145 1109 irretita,
1174 1075 1208 1099 ut
1233 1078 1270 1098 se
1299 1067 1419 1106 lffieret,
1440 1074 1507 1098 tota
1534 1075 1629 1099 nocte
1647 1078 1684 1098 se
1710 1074 1922 1106 commoveat,

138 1132 337 1162 Scholiastes
365 1132 540 1171 adnotavit,
554 1141 665 1160 vocem
687 1129 746 1167 ζώω
768 1133 933 1161 verborum
961 1141 1031 1161 cum
1057 1132 1129 1170 ipsa
1157 1132 1470 1168 coniunctorum&
1497 1137 1559 1162 etc.
1586 1131 1718 1171 tempori
1746 1131 1921 1161 definiendo

137 1193 293 1223 inservire
319 1203 380 1222 non
407 1202 524 1232 posse,
560 1193 674 1232 quippe
700 1202 823 1234 voces,
868 1194 1051 1232 quibuscum
1090 1194 1258 1224 coniuncta
1283 1194 1336 1234 sit,
1366 1195 1430 1224 vim
1456 1205 1518 1224 non
1544 1200 1727 1235 exerceant,
1755 1199 1790 1225 ut
1816 1195 1921 1233 potius

138 1256 372 1295 comparationi,
400 1265 482 1295 quae
508 1255 639 1285 vocibus
666 1252 759 1294 *ad-'ib
785 1253 850 1300 υἱέ
877 1255 1042 1295 indicetur,
1069 1256 1234 1286 inserviat.
1264 1256 1411 1286 Formam
1440 1258 1563 1287 tertiam
1595 1258 1683 1287 verbi
1708 1253 1820 1295 ψιλῷ,
1841 1266 1921 1296 quae

137 1318 271 1348 maxime
304 1318 334 1347 iu
369 1318 491 1348 duabus
527 1318 673 1357 personis
708 1317 911 1357 adhibeatur,
946 1328 965 1348 a
998 1322 1093 1357 poeta
1127 1318 1240 1349 hocin
1266 1328 1365 1348 versu
1393 1319 1561 1349 adhibitam
1600 1329 1698 1360 esse,
1734 1318 1816 1358 quod
1852 1324 1921 1348 rete

138 1381 316 1410 trahentem
354 1390 445 1410 avem
478 1380 675 1420 impediendo
711 1385 857 1420 tanquam
884 1381 1014 1412 alteram
1043 1390 1208 1420 personam
1237 1381 1413 1412 trahentem
1445 1383 1648 1423 cogitaverit.
1701 1382 1811 1411 Lailae
1837 1390 1920 1422 cog-

137 1450 251 1471 nomen
278 1442 491 1472 Ahmeriticae
525 1452 544 1472 a
576 1446 673 1483 geute
699 1442 877 1473 derivatum
914 1443 1021 1474 datum
1064 1449 1132 1483 est,
1168 1448 1199 1474 ut
1233 1445 1271 1475 ab
1304 1445 1403 1475 altera
1440 1444 1664 1484 Alachjalijjah
1699 1444 1919 1485 cognominata

138 1504 400 1546 distingueretur.

136 1600 168 1629 3.
212 1600 273 1630 Cui
292 1602 352 1630 duo
369 1602 452 1638 pulli
467 1606 543 1630 sunt
562 1604 595 1630 in
617 1604 689 1632 m'tlo
712 1614 730 1632 a
754 1606 853 1632 ventis
875 1606 991 1641 ctqt'tato
1013 1605 1131 1642 relicti,

138 1655 169 1683 4.
214 1654 287 1693 Qui,
310 1665 404 1693 quum
425 1660 547 1685 rentum
569 1658 713 1696 audiunt,
736 1658 816 1687 colla
837 1658 1003 1693 attollunt,
1028 1659 1101 1687 dum
1124 1668 1189 1687 eam
1209 1659 1312 1696 fatum
1335 1659 1396 1686 iam
1416 1657 1559 1694 perdidit.

236 1725 271 1753 In
297 1725 386 1755 hisce
412 1726 582 1765 versibus,
607 1728 658 1766 qui
685 1728 715 1756 in
744 1728 901 1756 Mersukii
931 1727 1042 1757 codice
1068 1727 1300 1766 desiderantur,
1332 1731 1446 1756 statum
1474 1726 1558 1755 illius
1587 1725 1658 1755 avis
1690 1726 1828 1765 pluribus
1858 1726 1917 1755 de-

137 1785 253 1816 scribit.
305 1787 339 1815 In
366 1785 437 1815 nido
467 1786 547 1816 duos
574 1788 676 1826 pullos
707 1788 841 1828 reliquit.
896 1787 966 1825 Quo
1000 1788 1115 1817 maiore
1141 1793 1246 1818 autem
1274 1797 1380 1817 eorum
1407 1787 1567 1816 desiderio
1585 1792 1722 1828 tenetur,
1742 1797 1779 1817 eo
1799 1791 1917 1818 maiore

136 1848 349 1886 inquietudine
378 1853 448 1878 acta
474 1849 504 1878 iu
531 1850 589 1879 reti
616 1859 653 1879 se
680 1853 868 1880 commovet.
919 1850 953 1878 In
980 1850 1158 1888 posteriore
1186 1859 1285 1879 versu
1312 1849 1468 1888 pullorum
1496 1852 1610 1878 statum
1638 1849 1763 1878 indicat.
1804 1850 1917 1879 Matris

138 1911 271 1941 reditum
307 1916 555 1951 exspectantes,
591 1914 839 1952 quotiescunque
873 1912 959 1942 venti
995 1921 1107 1941 sonum
1144 1911 1290 1948 audiunt,
1319 1916 1463 1947 matrem,
1492 1920 1571 1950 quae
1596 1912 1656 1941 iam
1686 1913 1789 1952 periit,
1816 1912 1918 1942 redire

139 1979 263 2012 putant.
316 1975 458 2004 Verbum
485 1975 545 2012 0⁵25
574 1974 612 2004 de
639 1975 718 2005 coilo
745 1974 896 2015 erigendo
926 1974 1077 2014 adhiberi,
1106 1985 1147 2004 ex
1173 1984 1270 2004 versu
1299 1980 1425 2014 poetae,
1453 1982 1514 2013 quo
1542 1973 1709 2003 dorcadem
1736 1984 1806 2004 eum
1834 1975 1918 2013 pullo

138 2030 341 2074 (11.5ἳ8.)
369 2037 526 2075 describit,
557 2038 666 2067 videre
693 2038 767 2067 licet
794 2038 901 2076 (metr.
929 2037 1137 2076 Mousarih)z
1166 2037 1263 2067 Cum
1290 2046 1338 2066 eo
1365 2034 1515 2076 (pullo)
1544 2041 1749 2076 peragrat
1771 2035 1916 2066 deser-

139 2103 218 2128 tum
246 2101 379 2129 omnis
407 2099 602 2129 meridiei
629 2100 759 2139 longo
787 2099 901 2128 colio
928 2098 1138 2137 praedita
1172 2099 1366 2138 (dorcas)
1400 2107 1613 2127 arenarum
1647 2102 1687 2127 et
1718 2098 1915 2128 arborum

138 2161 246 2191 Dhal
281 2165 324 2190 et
357 2161 512 2202 Salam,
548 2171 651 2200 quae
687 2171 807 2201 quum
837 2162 931 2190 soni
957 2161 1121 2190 occulti
1147 2163 1338 2191 nuntium
1366 2159 1513 2199 accipit
1540 2160 1806 2198 (venatorem
1834 2168 1915 2189 me-

138 2224 278 2262 tuens)
305 2223 341 2252 ei
368 2223 522 2253 collum
549 2223 678 2264 erigit
708 2228 778 2253 aut
811 2232 922 2252 voce
949 2222 1036 2254 Ma
1063 2232 1147 2252 eum
1185 2227 1322 2253 vocat.
1350 2223 1458 2252 Voces
1487 2220 1561 2273 Chi.-
1577 2225 1641 2268 )ιλὲ
1668 2223 1829 2253 decretum
1857 2222 1916 2252 Dei

136 2284 309 2326 definitum,
339 2284 421 2324 quod
449 2285 572 2314 Arabes
599 2284 752 2314 neminem
778 2284 922 2325 effugere
948 2293 1048 2324 posse
1075 2285 1218 2323 creduut,
1244 2284 1424 2325 designant.
1451 2286 1486 2314 In
1511 2285 1627 2316 codicis
1645 2285 1788 2315 Tebresii
1814 2285 1914 2314 latere

137 2356 203 2377 vox
230 2346 271 2386 kp.
299 2351 352 2378 aut
379 2352 530 2387 tanquam
560 2349 640 2377 alter
665 2345 790 2386 legendi
816 2345 939 2384 modus,
958 2351 1024 2384 aut,
1052 2349 1085 2375 ut
1114 2355 1180 2376 vox
1206 2356 1235 2384 ις
1262 2349 1490 2388 corrigeretur,
1517 2347 1678 2387 adscripta
1703 2352 1764 2379 est.

139 2457 171 2486 5.
214 2457 280 2487 Sed
299 2466 399 2495 neque
419 2459 521 2486 noctis
543 2460 680 2494 tempore
700 2458 784 2495 quod
804 2461 920 2494 sperat,
943 2460 1024 2495 cepit
1044 2467 1143 2496 neque
1165 2460 1300 2494 tempore
1320 2460 1472 2487 matutino
1493 2468 1510 2486 e
1531 2457 1597 2486 loco
1618 2466 1675 2485 suo
1693 2457 1818 2493 prodiit.

237 2527 270 2555 In
297 2526 357 2556 hoc
384 2536 500 2565 versu,
538 2526 591 2566 qui
630 2527 659 2556 in
694 2527 850 2556 Mersukii
887 2527 998 2557 codiee
1039 2536 1100 2556 non
1139 2527 1320 2568 invenitur,
1355 2527 1426 2557 avis
1461 2526 1578 2557 inutilis
1609 2524 1755 2554 movendi
1794 2526 1909 2556 modus

139 2585 334 2627 designatur.
387 2589 463 2619 Eam
489 2598 592 2630 neque
620 2599 676 2628 per
702 2594 828 2620 noctem
855 2599 957 2630 neque
984 2600 1075 2620 mane
1101 2601 1120 2621 e
1145 2591 1204 2621 reti
1231 2599 1266 2621 se
1292 2589 1426 2620 liberare
1452 2597 1549 2629 posse
1575 2587 1661 2618 dicit.
