2155 2892
891 123 1163 155 —372—

139 232 244 258 autem
273 231 385 265 turpes
412 233 480 254 cum
518 223 598 264 lupis
632 228 854 263 comparantur
887 222 968 255 conf.
1001 223 1096 252 Ham.
1128 232 1159 262 p.
1185 219 1219 252 il*-
1245 231 1276 255 v.
1306 222 1338 252 3.
1366 222 1411 253 limi
1439 223 1470 252 4.
1523 223 1595 253 Hoc
1621 232 1744 263 quoque
1768 225 1797 256 in
1824 234 1919 257 versu

137 291 220 331 lupis
255 289 397 318 inimicos
435 292 608 326 turpesque
642 286 815 326 significari
852 290 948 325 puto,
984 295 1055 315 nam
1091 284 1130 315 de
1165 285 1247 324 lupis
1282 295 1396 315 revera
1429 296 1499 316 cum
1527 286 1642 316 femina
1667 290 1810 328 cognatis
1835 298 1876 319 ne
1902 298 1920 318 a

133 358 229 394 poeta
255 351 380 391 quidem
408 350 543 391 cogitari
571 353 688 388 potest.
740 349 841 378 Poeta
867 353 972 379 autem
999 349 1092 378 huius
1119 347 1177 388 rei,
1204 357 1286 387 quae
1315 351 1462 386 tanquam
1489 349 1652 388 possibilis
1679 358 1834 388 nunquam
1861 360 1919 381 co-

133 416 225 457 gitari
253 419 369 454 potest,
397 413 587 443 mentionem
613 412 702 449 fecit,
732 416 766 441 ut
793 420 886 441 suum
915 412 1086 442 maximum
1111 421 1250 442 amorem
1280 411 1473 452 designaret.
1526 412 1648 442 Vocem
1677 408 1740 441 >tait
1764 416 1819 442 aut
1845 421 1916 443 ser-

140 479 242 507 monis
270 475 442 507 exornandi
469 483 564 505 causa
594 478 648 504 aut
675 473 759 513 quod
788 473 852 512 lupi
879 473 1000 503 deserti
1026 473 1094 503 aliis
1124 474 1302 504 ferociores
1330 474 1522 515 cogitentur,
1552 475 1679 505 addidit.
1707 476 1798 506 Voce
1817 479 1922 504 antem

132 538 207 578 ῳὶἐό
241 540 377 579 repetita
414 536 574 568 sententia
609 536 820 566 confirmatur.
886 536 1026 566 Verbum
1063 536 1165 573 „amsi
1193 538 1376 577 iuramenti,
1413 537 1502 567 cuius
1529 538 1689 568 sententia
1721 546 1922 576 consequens

133 605 244 635 verbis
270 613 365 640 vu>
392 606 451 632 etc.
480 601 697 637 contineatur,
732 599 835 628 vicem
864 608 962 638 agere
988 599 1179 629 scholiastes
1206 598 1348 628 adnotat.
1407 599 1498 629 Haec
1525 606 1630 630 autem
1662 601 1821 632 sententia
1841 610 1921 631 con-

134 677 275 709 sequens
303 675 372 697 cum
399 664 588 703 conditione,
616 667 650 692 ut
678 672 716 692 ea
742 672 812 692 cum
839 662 874 692 iis
900 665 1035 701 cognata
1061 660 1103 690 sit
1130 659 1212 699 (leg.
1241 657 1280 699 lg]
1309 657 1420 697 manta„
1444 657 1535 704 0:8³-
1561 662 1599 706 Οἱ
1617 663 1718 704 39)),
1753 665 1923 694 coniuncta

136 737 213 772 est,
253 730 325 760 dum
352 728 513 759 sententia
547 734 745 766 consequens
780 724 946 754 iuramenti
985 723 1094 753 eadem
1131 727 1183 752 est
1220 731 1259 752 ac
1293 724 1452 753 sententia
1483 734 1684 764 consequens
1720 726 1919 757 conditionis.

522 785 528 795 9
1303 781 1335 793 >-

134 807 269 847 Legitur
299 813 422 844 quoque
448 812 544 838 w>
571 811 642 830 cum
670 799 771 829 forma
798 798 940 839 passivi,
967 797 1050 837 quod
1076 798 1127 827 alii
1155 807 1211 836 pro
1239 808 1350 835 Qu>
1364 797 1483 828 dictum
1510 808 1586 828 esse
1612 799 1723 830 volunt
1749 806 1919 843 negantes,

135 885 255 921 primae
284 880 404 909 formae
431 876 629 907 transitivam
657 874 789 905 formam
816 883 904 914 esse,
932 882 1012 912 quae
1038 873 1160 902 nonnisi
1188 877 1319 912 quartae
1346 872 1524 914 conveniat,
1551 877 1604 903 aut
1630 884 1726 906 ω·
1682 862 1736 914 ju,
1757 877 1839 915 quod
1866 886 1920 916 pro

132 940 244 992 „vo-:L
272 963 348 984 esse
375 953 491 982 dicunt.

132 1054 167 1082 4.
212 1053 276 1081 Per
299 1054 394 1080 visam
423 1052 526 1088 patris
549 1049 683 1078 Lailae!
712 1048 875 1088 profecto!
903 1050 934 1079 si
954 1052 985 1078 in
1007 1050 1073 1078 Ioco
1110 1046 1230 1076 Wadln·
1244 1062 1262 1068 -
1276 1046 1387 1075 l'Jsora
1410 1050 1473 1082 est,
1505 1049 1624 1076 nemini
1641 1052 1768 1085 praeter
1789 1059 1837 1078 me
1857 1051 1924 1079 eius

860 1104 1072 1140 peregrinum)
1098 1105 1198 1131 nocet.

233 1175 334 1204 Poeta
361 1183 417 1213 per
442 1173 540 1202 vitam
570 1174 670 1211 patris
701 1175 823 1202 amatae
853 1174 959 1202 iurans
987 1171 1138 1212 ostendit,
1169 1180 1206 1201 se
1233 1171 1352 1201 Lailam
1380 1171 1487 1212 magni
1513 1171 1632 1202 facere.
1661 1173 1720 1203 Vir
1748 1182 1803 1212 per
1827 1173 1925 1204 vitam

134 1237 231 1278 patris
259 1237 364 1277 iurat,
402 1236 485 1277 quod
515 1241 605 1275 pater
632 1236 691 1275 ipsi
719 1234 904 1265 carissimus
942 1239 1003 1265 est.
1065 1235 1166 1265 Poeta
1193 1224 1312 1275 igitur,
1340 1243 1377 1263 se
1405 1234 1516 1264 Lailae
1543 1239 1664 1273 patrem
1690 1244 1748 1265 suo
1776 1235 1926 1266 cariorem

132 1300 270 1337 habere,
307 1301 484 1329 iuramento
522 1298 683 1338 patefacit.
747 1298 814 1328 Cur
846 1302 953 1328 autem
983 1302 1080 1338 poeta
1108 1297 1234 1337 dixerit,
1261 1297 1438 1327 absentiam
1464 1297 1534 1327 eius
1561 1297 1682 1327 nonnisi
1709 1297 1771 1337 ipsi
1796 1307 1924 1339 nocere,

133 1363 215 1393 haud
245 1363 352 1401 liquet.
404 1362 487 1391 Rem
525 1364 574 1392 sic
610 1361 765 1402 intelligo.
818 1360 922 1399 Quum
950 1360 1066 1391 femina
1092 1359 1216 1399 aliquod
1243 1359 1394 1398 temporis
1424 1359 1561 1398 spatium
1589 1359 1619 1388 in
1646 1359 1706 1389 alia
1731 1369 1820 1398 quam
1848 1368 1925 1390 suo—

133 1436 200 1457 rum
229 1426 359 1467 regione
387 1428 579 1456 commorata
606 1424 636 1454 in
664 1424 825 1463 regionem
851 1423 1093 1461 WVadi-l‘Kora,
1122 1423 1172 1453 ubi
1200 1422 1267 1452 eius
1295 1421 1423 1462 cognati
1449 1425 1666 1460 versarentur,
1685 1421 1847 1462 rediisset,
1874 1422 1926 1452 hic

132 1490 255 1520 reditus
282 1488 405 1518 nonnisi
434 1492 550 1527 poetae
578 1487 694 1516 amanti
725 1486 841 1516 nocuit.
894 1486 1001 1516 Locus
1029 1483 1281 1516 Wadi-1·K0ra11
1308 1484 1337 1514 in
1366 1483 1529 1523 provincia
1554 1483 1770 1514 Jemamah
1797 1483 1827 1512 in
1853 1482 1926 1513 fini-

132 1552 192 1582 bus
218 1551 363 1592 regionis
393 1549 525 1589 Badijah
552 1549 700 1589 Djesirah
728 1550 908 1588 (desertum
925 1548 1124 1587 Aldjesirae)
1152 1547 1233 1576 situs
1259 1549 1319 1575 est.
1354 1545 1554 1575 scholiastes
1582 1544 1668 1583 dixit,
1697 1549 1822 1584 poetam
1841 1554 1924 1574 voce

135 1610 250 1657 Lffijtizi
278 1616 331 1642 aut
359 1612 462 1651 ipsum
500 1621 518 1641 a
545 1611 658 1641 femina
686 1611 792 1641 amata
819 1611 982 1641 absentem
1008 1620 1084 1640 esse
1114 1614 1169 1640 aut
1195 1608 1328 1639 feminae
1355 1612 1478 1638 amatae
1504 1608 1681 1638 abseutIam
1708 1606 1899 1648 significare.

919 1751 1136 1784 Lxxlx.

883 1829 1025 1863 Alius
1055 1827 1186 1862 «lixit.

139 1916 168 1943 1.
213 1915 276 1944 Per
300 1916 395 1943 vitam
418 1917 503 1942 luam
520 1912 533 1941 !
568 1912 676 1941 Locus
696 1914 873 1949 promissus
894 1911 1056 1940 oculorum
1085 1915 1209 1940 tuorum
1231 1913 1262 1938 et
1280 1908 1425 1945 ploratus
1445 1910 1478 1937 in
1506 1908 1573 1937 loco
1597 1908 1688 1937 Dara
1710 1916 1774 1936 non
1796 1910 1844 1936 est
1866 1907 1930 1936 nisi

880 1966 964 2003 quod
981 1965 1101 1994 Auster
1120 1967 1187 2003 flul.

242 2037 343 2066 Poeta
380 2045 417 2065 se
455 2037 556 2075 ipsum
582 2035 747 2075 alloquens
775 2035 867 2073 dicit,
896 2044 1038 2075 causam,
1065 2044 1119 2064 cur
1146 2043 1271 2073 semper
1298 2036 1328 2063 in
1355 2034 1417 2062 isto
1444 2031 1514 2061 loco
1542 2031 1655 2071 ploret,
1683 2030 1711 2059 in
1738 2035 1849 2069 vento,
1875 2030 1926 2069 qui

139 2099 285 2129 seminam
313 2104 444 2128 amatam
471 2099 532 2137 ipsi
559 2099 589 2128 in
616 2100 796 2127 memoriam
824 2102 969 2135 revocet,
997 2106 1083 2127 esse.
1143 2096 1240 2127 Venti
1268 2099 1372 2125 autem
1399 2094 1547 2124 australis
1574 2094 1643 2122 sine
1670 2093 1763 2123 dublo
1790 2103 1859 2123 eam
1887 2093 1926 2122 ob

138 2172 264 2193 causam
295 2162 480 2191 mentionem
510 2160 602 2201 fecit,
629 2160 709 2198 quod
739 2155 983 2201 seminaffamata
1008 2159 1037 2188 in
1067 2159 1210 2200 regione,
1238 2156 1321 2187 unde
1346 2162 1464 2186 ventus
1492 2157 1542 2186 ille
1570 2156 1673 2196 flaret,
1710 2164 1926 2186 commorare-

140 2231 199 2257 tur.
265 2226 503 2257 Grammaticus
532 2225 600 2254 Ebu
613 2219 758 2263 -2Djiuni,
788 2223 958 2253 adnotante
984 2223 1076 2252 beato
1104 2221 1142 2250 de
1169 2221 1290 2260 SacyO,
1318 2219 1389 2248 voci
1420 2216 1490 2256 [ἡδὶ
1518 2219 1671 2258 triplicem
1698 2227 1803 2248 casum
1831 2217 1923 2247 tribui

136 2299 237 2329 posse
265 2289 342 2318 dixit
369 2292 423 2318 aut
450 2288 639 2328 genitivum,
668 2291 702 2315 ut
730 2295 802 2315 cum
828 2294 909 2315 voce
923 2282 1036 2321 εἰμές
1062 2283 1296 2313 constructione
1324 2283 1489 2312 coniuncta
1515 2282 1578 2321 sit,
1603 2285 1658 2311 aut
1683 2279 1925 2317 Accusativum,

139 2358 173 2383 ut
200 2353 306 2395 littera
326 2368 345 2391 >
373 2350 636 2391 significationem
663 2349 755 2378 vocis
791 2360 832 2395 ἐκ
866 2348 982 2377 habeat
1012 2346 1141 2385 (Gram.
1169 2346 1224 2374 Ar.
1252 2346 1288 2374 T.
1317 2345 1328 2373 l
1356 2356 1385 2385 p.
1415 2345 1516 2383 556.)
1544 2347 1600 2373 aut
1625 2340 1864 2376 nominativum,
1891 2344 1926 2368 ut

137 2424 207 2444 cum
239 2423 322 2444 voce
348 2411 436 2449 ὸὶῳ
463 2412 701 2442 constructione
728 2410 910 2441 cohaereat.
963 2410 1084 2438 Horum
1114 2409 1245 2448 primum
1279 2408 1454 2447 explicandi
1483 2406 1604 2437 modum
1634 2405 1770 2437 caeteris
1797 2405 1926 2444 praefe-

138 2477 269 2507 rendum
297 2482 385 2517 put0,
413 2476 495 2516 quod
519 2480 580 2506 tam
608 2485 705 2505 sensu
732 2484 822 2513 quam
850 2472 1089 2501 constructione
1116 2473 1218 2510 aptior
1237 2470 1373 2500 videtur.
1402 2471 1476 2501 Vox
1503 2472 1582 2499 enim
1608 2466 1697 2504 &kasta
1712 2476 1804 2506 quum
1822 2466 1924 2496 locum

137 2544 192 2568 aut
219 2545 344 2578 tempus
374 2539 561 2578 promissum
588 2538 756 2578 designet,
784 2536 952 2565 verborum
980 2543 1097 2564 sensus
1125 2533 1198 2562 mihi
1225 2532 1360 2573 videtur,
1388 2534 1498 2563 oculos
1526 2537 1559 2561 et
1586 2532 1739 2570 ploratuS,
1767 2529 1818 2567 qui
1845 2539 1920 2567 per-

140 2608 237 2628 sonas
265 2605 372 2640 agant,
401 2609 438 2629 se
463 2604 681 2630 conventuros
709 2608 785 2628 esse
811 2598 873 2627 isto
903 2597 983 2636 loco,
999 2596 1193 2635 promisisse.
1220 2596 1254 2624 In
1280 2595 1391 2625 scholii
1418 2595 1500 2624 linea
1526 2593 1633 2632 quinta
1661 2601 1731 2621 cum
1753 2591 1924 2621 Mersukio
