2155 2892
892 133 955 161 —-'
994 140 1064 171 654
1119 157 1162 163 —

142 239 191 270 die
222 239 339 269 maiora
367 237 490 267 fuerint.
544 237 611 267 Diei
638 242 743 268 autem
772 238 864 268 modo
891 239 1051 269 Arabibus
1078 240 1224 280 loquendi
1251 241 1336 271 haud
1362 244 1548 274 inconsueto
1576 244 1749 275 liberalitas
1776 247 1933 287 tribuitur,

135 307 168 332 ut
196 302 224 330 in
252 300 371 330 Corani
397 300 505 329 verbis
533 300 625 338 (Sur.
654 299 713 340 34,
741 299 806 340 32)
838 301 952 331 »immo
980 301 1073 331 dolus
1100 303 1203 332 noctis
1231 310 1263 335 et
1288 305 1372 336 diei«
1403 303 1493 335 dolus
1521 305 1720 337 adscribitur.

141 400 160 417 ⁹
219 398 334 426 Ctrum
357 397 432 429 dies,
458 406 518 434 qno
541 397 702 425 commoda
724 397 789 425 vita
807 398 923 436 fruens
944 407 1006 426 non
1027 401 1147 435 petenti
1167 400 1224 428 das
1247 410 1289 428 (m
1311 401 1386 435 dies,
1411 411 1470 439 quo
1495 402 1673 432 calamitate
1695 404 1880 441 adfeceris?

138 419 169 427 ο.

240 466 319 496 Dies
347 465 454 505 duos,
491 474 623 504 quorum
649 465 679 494 in
706 468 811 505 priore
838 475 935 496 versu
962 469 1152 497 mentionem
1182 468 1280 509 fecit,
1315 471 1431 500 clarius
1461 470 1623 501 describit.
1678 471 1740 509 Qui
1766 473 1932 503 commoda

139 529 207 558 vita
236 534 330 559 utens
359 528 514 559 beneficia
542 529 677 569 confert,
707 529 798 559 laude
825 529 941 571 dignus
969 536 1043 569 est3
1072 532 1140 569 sed,
1176 533 1228 570 qui
1256 532 1435 561 calamitate
1470 533 1619 564 adflictus
1656 534 1725 564 aliis
1763 534 1933 574 benefacit,

138 592 284 621 maiorem
313 591 436 621 laudem
464 595 611 620 meretur.
638 591 797 621 Suffixum
826 592 856 620 in
882 593 982 622 verbo
1010 589 1100 628 axfffiil
1127 602 1183 631 pro
1210 594 1258 620 ω
1285 598 1348 623 est.
1384 593 1484 623 Poeta
1509 603 1623 624 vocem
1651 606 1700 640 v..)
1726 596 1932 625 Nunnatione

137 655 261 684 abiecta
288 663 357 683 cuin
386 658 545 693 sequente
571 654 695 693 verbo,
732 658 805 692 post
834 653 916 692 quod
943 663 1009 683 vox
1036 663 1083 681 ω
1110 654 1286 693 supplenda
1318 660 1390 694 est,
1418 656 1598 686 connexuit.
1651 656 1716 686 Sed
1743 658 1810 686 loco
1838 658 1931 687 vocis

135 732 192 774 ΓΗ
221 729 250 758 in
279 729 436 758 Mersukii
464 727 575 757 codice
603 725 670 768 Lod-35
705 727 844 767 legitur,
881 732 914 757 ut
951 731 1065 766 postea
1095 737 1222 768 quoque
1250 719 1299 773 [22⁴-
1337 730 1569 769 pronuntietur.
1622 731 1713 761 Haec
1740 732 1930 762 constructio

135 791 175 822 ad
202 800 332 821 sensum
360 795 422 828 est,
450 794 485 819 ut
512 798 631 819 sensus
660 789 702 819 sit
733 794 856 819 »utrum
885 789 1058 820 liberalitas
1088 793 1141 820 tua
1168 789 1218 819 die
1246 795 1306 821 etc.
1336 801 1374 821 an
1402 791 1452 822 die
1480 801 1542 832 quo
1571 797 1654 822 etc«

135 890 167 921 3,
214 888 345 918 Amicae
367 891 440 917 tuae
463 889 552 922 duae,
577 890 790 926 munificentia
812 899 850 917 ac
864 889 1044 922 liberalitas,
1069 890 1214 927 beneficia
1237 890 1391 928 deferunt,
1415 889 1565 927 quamdiu
1586 891 1729 918 emistis.

230 959 309 988 Eius
339 958 557 987 liberalitatem
587 960 774 996 perpetuam
803 967 876 988 esse
902 958 987 999 dicit,
1018 963 1052 988 ut
1079 968 1208 998 semper
1235 957 1316 988 dona
1332 958 1394 989 det.
1433 957 1476 987 Ut
1502 958 1587 988 huuc
1613 968 1745 989 sensum
1760 960 1928 999 exprimat,

134 1020 379 1051 munificentiam
409 1029 445 1050 ac
473 1019 691 1049 liberalitatem
719 1020 803 1058 apud
830 1030 903 1050 eum
930 1025 1079 1060 tanquam
1107 1021 1228 1051 amicas
1256 1020 1442 1051 commorari
1469 1019 1556 1050 dicit.
1598 1020 1646 1051 Ob
1674 1029 1786 1051 vocem
1814 1019 1929 1066 Oba-su

131 1090 204 1115 ante
232 1093 344 1114 vocem
362 1080 490 1126 0252055
519 1092 635 1113 vocem
652 1079 736 1128 0²5⁸
763 1083 891 1113 locum
920 1082 1129 1122 supplendam
1158 1087 1243 1122 puto.
1296 1082 1486 1112 Mersukius
1514 1091 1627 1112 vocem
1647 1097 1731 1121 Qus
1764 1079 1925 1125 (causam)

133 1147 342 1188 supplendam
371 1147 459 1177 dixit.
511 1146 713 1177 Scholiastes
742 1146 812 1176 voci
836 1143 951 1190 OQ
977 1145 1174 1186 stabilis,
1203 1145 1456 1176 constantis
1483 1144 1753 1187 significationem
1784 1145 1926 1175 tribuens

129 1211 174 1241 rei
201 1210 383 1250 probandae
410 1217 509 1240 causa
536 1208 640 1238 locum
668 1207 784 1238 Corani
814 1207 890 1238 Sur.
909 1207 942 1246 3,
963 1207 1008 1237 68
1039 1207 1162 1237 adtulit.

130 1308 164 1337 4.
207 1306 397 1337 subsistunt
416 1309 445 1335 te
467 1314 531 1335 non
551 1305 765 1344 relinquentes
783 1306 819 1335 ob
841 1307 990 1342 temporis
1012 1306 1218 1334 conditionem
1238 1307 1410 1343 propriam,
1433 1306 1541 1339 donec,
1566 1306 1691 1344 quando
1716 1309 1749 1335 tu
1765 1306 1847 1341 abes,
1873 1315 1928 1335 eae

889 1369 1012 1398 quoque
1034 1360 1157 1389 absunt.

227 1431 481 1463 Munificentiam
509 1431 796 1471 liberalitatemque
823 1439 895 1460 eum
922 1429 1048 1459 nonnisi
1075 1438 1144 1459 cum
1171 1432 1273 1459 morte
1302 1428 1468 1459 relicturas
1496 1438 1572 1459 esse
1600 1427 1683 1459 dicit.

895 1558 1163 1592 cxxxnl.

641 1626 877 1668 (Dnnajjah
902 1626 947 1658 l».
973 1624 1250 1659 Alit-1⁹zalt
1272 1623 1410 1658 «lixit.

906 1685 996 1723 (con
1010 1683 1028 1713 f.
1057 1684 1142 1722 Pon.)

123 1761 151 1789 1.
195 1761 281 1790 Num
311 1762 507 1790 necessitatis
528 1758 622 1795 meae
633 1760 817 1786 mentionem
837 1758 957 1794 facium
979 1764 1020 1783 an
1031 1755 1133 1791 pudor
1156 1758 1230 1783 tuus
1242 1754 1321 1783 milii
1340 1755 1471 1793 suffecit,
1497 1754 1651 1793 siqnidem
1664 1755 1768 1792 pudor
1789 1758 1923 1785 naturae

122 1814 186 1857 (p.
212 1812 330 1855 727.)
849 1813 922 1838 tecue
944 1811 1095 1845 proprius
1125 1810 1200 1837 est?

126 1873 156 1900 2.
202 1872 247 1900 Et
268 1870 352 1908 quod
371 1871 404 1897 tu
428 1869 530 1906 officia
554 1868 677 1898 novisti,
706 1865 778 1893 dum
798 1863 942 1902 familiae
961 1865 1113 1899 princeps
1136 1861 1197 1890 es?
1224 1861 1291 1890 Tibe·
1311 1861 1414 1890 honor
1432 1863 1553 1899 inteqer
1575 1865 1606 1890 et
1626 1863 1777 1899 splendor
1799 1864 1872 1893 est!

123 1925 154 1953 3.
199 1925 333 1953 Amicus
356 1919 444 1962 (es),
469 1923 558 1950 cuius
578 1919 750 1957 pulchrum
773 1921 921 1946 naturam
940 1925 1041 1953 neque
1062 1917 1250 1943 matutinum
1273 1923 1374 1953 neque.
1393 1917 1604 1952 vespertinum
1620 1918 1742 1952 tempus
1751 1921 1920 1954 permutat.

225 1993 371 2022 Amicum
400 1991 547 2021 auxilium
578 1993 670 2029 rogat
688 1986 841 2026 simulque
859 1985 976 2015 laudat.
1015 1986 1049 2014 In
1077 1984 1176 2023 primo
1196 1993 1294 2013 versu
1325 1993 1415 2023 spem
1443 1983 1595 2024 ostendit,
1623 1984 1704 2026 fore,
1732 1989 1767 2015 ut
1785 1988 1919 2025 amicuS,

122 2060 289 2093 antequam
318 2059 436 2084 statum
466 2061 557 2082 suum
586 2050 798 2089 exposuerit,
834 2047 956 2087 pudore
983 2047 1101 2076 ductus
1137 2046 1283 2076 auxilium
1319 2050 1474 2085 praestet.
1528 2045 1686 2076 Pudorem
1712 2052 1819 2077 autem
1847 2057 1917 2078 eam

121 2118 213 2148 animi
245 2116 454 2147 conditionem
483 2113 642 2152 adpellat,
671 2121 732 2151 qua
760 2113 829 2150 quis
857 2109 986 2139 alterius
1015 2108 1170 2137 miseriam
1198 2112 1253 2136 aut
1280 2107 1483 2146 conspiciens
1515 2111 1571 2136 aut.
1596 2108 1739 2137 sentiens
1768 2109 1915 2147 precibus

120 2181 206 2212 haud
233 2183 414 2209 commotus
444 2176 592 2206 auxilium
620 2175 690 2204 fert.
743 2175 822 2204 'l'um
850 2182 921 2202 eum
949 2171 1124 2201 officiorum
1152 2168 1236 2198 haud
1264 2169 1408 2210 ignarum
1436 2178 1532 2209 esse,
1566 2178 1647 2208 quae
1680 2170 1741 2209 ipsi
1769 2175 1915 2211 tanquam

120 2242 225 2284 gentis
254 2237 387 2281 principi
414 2238 563 2276 imposita
591 2236 655 2264 sint
678 2244 814 2273 eumque
842 2234 881 2264 ad
900 2244 939 2264 ea
966 2231 1159 2273 praestanda
1186 2236 1331 2271 paratum
1359 2240 1447 2270 esse,
1477 2241 1560 2272 nam,
1582 2232 1632 2262 cui
1652 2232 1751 2262 honor
1766 2238 1799 2264 et
1814 2233 1915 2275 gloria

118 2309 191 2343 est,
229 2303 256 2332 is
294 2301 389 2331 talem
426 2309 463 2329 se
493 2297 640 2328 ostendat
667 2306 803 2326 necesse
830 2300 889 2325 est.
942 2297 976 2325 In
1012 2298 1107 2325 tertio
1146 2296 1280 2335 denique
1327 2305 1426 2326 versu
1454 2296 1483 2325 in
1513 2296 1580 2326 eius
1608 2296 1742 2326 amicitia
1768 2296 1912 2326 fiduciam

117 2366 229 2406 ponit,
257 2364 372 2403 quippe
400 2372 483 2402 quae
509 2360 663 2399 temporis
690 2357 965 2388 vicissitudinibus
992 2357 1077 2386 haud
1105 2361 1256 2386 mutetur.
1307 2358 1381 2387 Non
1411 2362 1518 2386 autem
1551 2357 1644 2387 video
1671 2366 1817 2394 causam,
1855 2365 1912 2386 cur

116 2426 306 2457 scholiastes
335 2424 471 2454 vocibus
500 2420 585 2474 Clam
612 2424 643 2451 et
669 2419 751 2449 :ime
778 2423 904 2458 tempus
932 2418 1122 2448 incursionis
1153 2422 1184 2448 et
1212 2424 1338 2458 tempus
1366 2419 1593 2459 hospitalitatis
1620 2419 1792 2460 significari
1814 2423 1910 2457 puta-

116 2489 219 2526 verit,
251 2489 367 2526 quippe
402 2485 550 2524 temporis
585 2482 777 2525 significatio
814 2481 1014 2524 generalior,
1058 2481 1131 2511 dum
1159 2486 1284 2521 teinpus
1317 2482 1536 2522 vespertinum
1571 2486 1602 2512 et
1629 2480 1814 2511 matutinum
1841 2480 1909 2511 dies

117 2549 298 2590 designant,
326 2547 437 2577 sensui
467 2546 570 2586 aptior
600 2545 757 2576 videatur.
