2155 2892
889 129 1156 160 —384—

136 232 196 267 tur,
223 227 427 257 excusatione
452 225 578 266 dignum
605 236 690 256 esse.
720 228 918 270 Mersukius,
949 229 1030 259 hunc
1056 239 1187 260 sensum
1214 232 1245 260 in
1274 230 1397 261 domum
1425 231 1535 261 incolis
1564 242 1700 262 vacuam
1714 233 1744 262 in
1763 238 1916 274 sequente

135 298 233 319 versu
263 289 301 318 ab
329 288 623 318 Abu-'rammamo
651 290 839 320 translatum
867 301 954 327 esse,
983 292 1133 331 scripsit:
1160 291 1206 332 &l
1233 290 1302 338 &ie
1319 287 1399 336 ΔΕΒ
1422 290 1530 339 54an
1549 291 1616 335 lyon
1632 296 1698 337 k553
1724 292 1758 322 §ll
1777 293 1918 340 Quoi

134 347 224 388 „man
252 346 339 400 ἐκρεῖ
376 346 452 384 db.
509 352 565 381 »Si
594 352 775 391 patientiam
803 353 832 382 in
864 354 1004 392 patiente
1033 355 1143 385 videre
1184 365 1246 384 non
1283 356 1354 396 vis,
1382 356 1542 393 observa,
1576 357 1628 394 qui
1664 359 1770 385 status
1804 356 1914 388 domus

135 412 262 442 relictae
290 413 352 442 sit«
384 423 451 443 nam
479 420 511 444 et
538 416 569 444 in
597 414 688 445 huius
717 415 813 445 ruinis
841 416 930 454 quasi
958 417 1108 446 moeroris
1137 417 1250 447 indicia
1276 422 1440 457 apparent.

949 590 1118 625 xclv-

250 672 257 684 ‘
604 668 715 701 Abu
739 684 758 694 -
782 668 980 701 Dalmat
1004 669 1295 710 njomahita
1317 670 1453 704 elixis.

895 740 995 778 (conf.
1024 751 1053 779 p.
1081 743 1161 780 v·t⁴⁴).

133 832 161 861 1.
205 831 293 863 Dico,
319 831 391 859 dum
415 830 543 858 camelis
572 830 748 858 vellentium
774 832 867 858 villae
890 831 1002 865 capitis
1026 832 1085 858 ium
1109 831 1279 859 inclinatae
1301 835 1377 860 sunt
1397 835 1427 860 et
1448 832 1573 869 viqz'liae
1594 833 1768 861 hominibus
1790 842 1915 861 somno-

764 884 877 912 lenliae
897 884 1041 920 poculum
1072 889 1288 921 parre-Terent!

232 954 358 983 Statum
387 952 554 993 describit,
595 962 655 992 quo
691 953 770 982 socii
796 953 943 982 continuo
972 953 1083 983 itinere
1110 952 1245 995 fatigati,
1275 954 1345 984 dum
1377 956 1503 985 camelis
1532 955 1741 992 vehebantur,
1769 955 1799 984 in
1824 964 1913 984 som-

134 1026 206 1046 num
233 1015 382 1054 proponsi
409 1020 508 1044 erant.
546 1014 639 1052 Quod
674 1016 767 1054 capiti
797 1016 990 1045 tribuendum
1018 1016 1087 1056 fuit,
1115 1017 1227 1055 vittae,
1257 1027 1315 1057 qua
1343 1018 1481 1047 Arabum
1510 1022 1603 1056 caput
1630 1016 1814 1046 obvolutum
1837 1023 1941 1058 erat„

134 1077 309 1116 adscripsit.
346 1078 466 1107 Vittam
494 1082 587 1116 caput
616 1078 767 1118 obligare,
784 1079 924 1108 omnibus
952 1078 1073 1117 quidem
1101 1079 1259 1108 Arabibus
1286 1079 1458 1109 communis
1485 1089 1553 1108 mos
1581 1084 1661 1117 erat,
1689 1088 1780 1118 quem
1809 1085 1914 1109 tamen

134 1140 269 1170 maxime
297 1140 457 1169 nobilioris
486 1141 671 1170 conditionis
709 1141 847 1170 homines
886 1141 1042 1171 habebant
1078 1142 1160 1171 hanc
1198 1141 1236 1170 ob
1271 1150 1399 1171 causam
1427 1138 1564 1184 05⁴⁴&
1594 1141 1815 1182 cognominati,
1845 1151 1916 1170 nam

134 1201 292 1231 inferioris
321 1201 438 1230 ordinis
459 1201 602 1231 homines
627 1207 808 1243 tegumento
835 1201 942 1243 333*ss
971 1213 1044 1234 usos
1072 1213 1158 1244 esse,
1186 1203 1270 1242 apud
1298 1203 1466 1233 Reiskium
1494 1201 1539 1247 (in
1565 1204 1713 1234 Abulfed.
1743 1204 1860 1234 adnott.
1878 1205 1914 1234 Τ.

134 1264 180 1294 1V
207 1263 277 1294 adn.
316 1264 404 1303 203)
440 1265 587 1306 legimus.
641 1266 754 1304 Capite
781 1266 897 1296 nudato
924 1267 1101 1296 hominibus
1130 1266 1295 1307 adparere,
1323 1266 1566 1307 ignominiosum
1594 1266 1719 1296 Arabes
1746 1266 1916 1305 putabant3

135 1333 329 1367 quapropter
360 1336 465 1357 coram
495 1328 634 1366 principe
662 1328 714 1366 (ut
742 1329 859 1358 ,Iudaei
885 1330 1018 1369 pileum)
1048 1330 1158 1359 vittam
1185 1328 1267 1359 haud
1295 1329 1495 1368 deponebant
1524 1334 1556 1359 et
1583 1334 1728 1367 tanquam
1757 1339 1821 1358 rem
1855 1329 1915 1359 ad-

134 1396 245 1421 notatu
273 1391 400 1432 dignam
430 1390 512 1430 apud
541 1391 688 1421 Abulfed.
717 1392 754 1421 Τ.
782 1393 823 1422 ΠΙ
843 1402 871 1431 p.
902 1392 984 1432 205,
1013 1393 1115 1422 virum
1143 1393 1246 1431 capite
1276 1393 1391 1428 nudato
1420 1394 1448 1422 in
1477 1394 1589 1432 plateis
1616 1393 1804 1429 incessisse,
1834 1393 1916 1433 legi-

134 1463 215 1487 mUS,
279 1454 406 1483 Varium
445 1457 549 1483 autem
582 1454 680 1483 vittae
708 1454 847 1484 colorem
873 1454 957 1494 apud
983 1455 1092 1484 variae
1120 1455 1307 1484 conditionis
1335 1454 1475 1484 homines
1503 1454 1615 1493 fuisse,
1642 1454 1783 1483 omnibns
1810 1458 1914 1484 notum

135 1521 196 1546 est.
250 1516 385 1556 vigilias
414 1522 519 1546 autem
548 1521 642 1556 poeta
669 1526 736 1546 cum
763 1526 899 1556 persona
937 1521 1116 1557 comparat,
1154 1526 1235 1556 quae
1268 1516 1444 1546 hominibus
1472 1516 1616 1555 poculum
1643 1516 1745 1545 somni
1772 1515 1914 1556 porrigit.

135 1579 237 1609 Simili
264 1579 357 1608 modo
385 1589 470 1608 mors
497 1588 563 1608 cum
591 1579 703 1618 poculo
732 1584 913 1618 comparata
940 1584 991 1609 est
1018 1580 1132 1610 Ham.
1162 1590 1191 1619 p.
1218 1580 1248 1607 vl*
1275 1588 1306 1608 v.
1339 1578 1367 1607 1.

134 1688 167 1720 2,
212 1686 261 1717 0!
278 1689 395 1716 utinam
418 1698 473 1724 eqo
495 1698 564 1717 cum
586 1690 723 1718 vestibus
745 1691 821 1718 meis
844 1691 1040 1728 iumentoque
1061 1699 1125 1718 meo
1149 1698 1260 1717 serras
1280 1690 1369 1725 yenli
1391 1691 1464 1717 luae
1483 1698 1540 1725 per
1563 1687 1648 1716 hunc
1671 1697 1808 1716 mensem
1831 1698 1915 1717 mer-

816 1745 889 1773 cede
916 1746 1089 1773 conductus
1111 1742 1233 1772 essem!

246 1815 412 1854 Amorem,
449 1823 509 1852 quo
538 1813 681 1844 feminam
707 1816 915 1854 amplectitur,
944 1823 981 1842 eo
1010 1813 1158 1845 ostendit,
1187 1812 1269 1851 quod
1296 1817 1393 1852 optat,
1420 1818 1453 1843 ut
1481 1813 1599 1854 gentis,
1627 1812 1666 1843 ad
1693 1822 1782 1852 quam
1810 1818 1915 1842 amata

136 1876 320 1915 pertineret,
349 1886 464 1906 servus
502 1882 611 1914 esset,
650 1880 693 1907 ita
729 1883 762 1908 ut
797 1879 941 1907 omnibus
975 1876 1088 1915 rebus,
1128 1885 1206 1913 quas
1246 1876 1437 1914 possideret,
1468 1876 1520 1906 illa
1545 1880 1692 1916 tanquam
1720 1878 1788 1905 suis
1816 1876 1913 1905 libere

137 1938 301 1969 frueretur.
357 1939 422 1969 Cur
441 1939 538 1968 verba
559 1937 647 1982 3431}
676 1935 739 1968 ἱζλΦ
767 1950 839 1979 per
866 1940 975 1970 hunc
1001 1950 1182 1970 mensem
1211 1940 1375 1978 addiderit,
1402 1939 1485 1969 haud
1512 1940 1617 1977 liquet.
1645 1940 1674 1968 A
1701 1948 1778 1968 vero
1810 1943 1916 1968 autem

136 2010 197 2029 non
225 2010 354 2039 prorsus
382 2002 551 2031 abhorrere
591 2002 735 2044 videtur,
776 2009 901 2033 :rentem
928 2004 1039 2033 itinere
1058 2012 1151 2033 sacro
1179 2003 1323 2032 Meccam
1352 2001 1493 2031 faciendo
1521 2005 1710 2040 occupatam
1738 2000 1852 2038 fuisse,
1881 2003 1915 2028 ut

773 2028 792 2044 t!

136 2061 227 2091 huius
256 2063 372 2091 mensis
401 2066 485 2092 sacri
512 2065 698 2094 mentionem
734 2065 857 2095 fecerit.
910 2066 1069 2107 Persona,
1104 2076 1194 2105 quam
1223 2071 1319 2105 poeta
1344 2075 1427 2096 voce
1454 2062 1470 2101 Ly
1498 2066 1678 2107 alloquitur,
1706 2065 1826 2095 omissa
1852 2069 1915 2095 esti

136 2127 172 2152 ut
199 2123 248 2169 12³
276 2132 380 2163 gens
408 2129 462 2153 aut
488 2125 587 2154 simile
615 2126 685 2164 quid
710 2128 900 2166 suppleatur
927 2127 1029 2165 (conf.
1051 2127 1157 2158 Grani.
1187 2128 1243 2158 Ar.
1271 2129 1308 2157 T.
1336 2129 1364 2157 11
1390 2138 1420 2168 p.
1447 2125 1543 2171 508).

135 2232 166 2261 3.
212 2231 304 2268 Quod
322 2234 352 2261 sn·
375 2233 443 2271 fato
471 2234 668 2262 tribuendum
690 2238 751 2270 est,
780 2237 863 2273 quod
892 2237 948 2264 libi
972 2247 1015 2265 ez·
1043 2247 1110 2266 mea
1138 2240 1230 2274 parle
1261 2237 1375 2265 donum
1397 2238 1469 2273 dat,
1501 2246 1559 2267 nos·
1581 2242 1683 2268 autem
1709 2241 1828 2276 privat;
1859 2240 1915 2276 fa-

846 2293 910 2318 lum
925 2290 1050 2325 justum
1079 2300 1141 2319 non
1162 2294 1218 2320 esl.

235 2356 333 2386 Suam
363 2356 568 2386 conditionem
595 2367 663 2387 cum
691 2357 828 2387 feminae
857 2359 895 2388 ab
922 2359 992 2397 ipso
1020 2364 1145 2389 amatae
1171 2360 1350 2390 conditione
1369 2361 1533 2392 conferens
1553 2362 1732 2393 iniustitiam
1761 2363 1911 2402 queritur.

137 2418 193 2457 Se,
221 2418 355 2448 feminae
384 2428 566 2459 quamquam
601 2422 725 2450 omnino
763 2420 887 2451 deditus
922 2421 984 2458 sit,
1018 2425 1122 2450 tamen
1159 2423 1228 2451 eius
1256 2424 1379 2453 omnino
1414 2434 1476 2454 non
1502 2426 1686 2464 participem
1718 2425 1799 2463 fieri,
1826 2425 1911 2459 dicit.

137 2480 336 2510 Scholiastes
363 2481 537 2521 adnotavit,
564 2483 663 2512 verba
689 2482 787 2515 „amit
815 2480 839 2511 [a
864 2483 1112 2523 propositionem
1141 2486 1370 2526 consequentis
1397 2485 1583 2517 conditionis
1611 2486 1737 2517 efficere
1757 2491 1788 2517 et
1814 2489 1913 2519 verba

138 2539 206 2570 :mi
233 2541 300 2587 imi)
327 2540 395 2589 &Le
424 2544 544 2573 addens
570 2544 752 2585 significare
779 2545 858 2586 vult,
886 2550 959 2576 ante
985 2555 1099 2576 vocem
1128 2544 1151 2574 la
1177 2547 1365 2580 litteram&
1385 2550 1535 2580 omissam
1562 2558 1636 2578 esse
1663 2549 1770 2583 conf.
1799 2549 1908 2581 Gram-

139 2602 194 2632 Ar.
221 2604 258 2633 T.
283 2605 312 2633 ΙΙ
338 2614 368 2644 p.
398 2605 467 2636 507
487 2615 535 2645 sq.
