2155 2892
886 145 1159 175 —698—

137 245 359 276 bibendum
385 248 687 285 porrexerunt.
739 245 823 276 Sunt
851 243 998 286 denique,
1026 245 1076 285 qui
1105 245 1224 288 dicant,
1251 248 1440 289 sanguinem
1468 248 1575 281 bibere
1603 249 1684 280 idem
1711 259 1786 281 esse
1813 261 1849 282 ac
1874 253 1924 283 lac

136 309 323 340 camelarum
354 309 484 348 bibere,
522 318 603 349 quae
638 318 695 350 pro
728 312 837 340 occiso
863 311 966 350 pretio
993 311 1160 352 sanguinis
1189 311 1283 342 datae
1321 312 1394 342 sint.
1448 313 1582 343 Poetam
1609 313 1705 355 igitur
1733 318 1856 353 optare,
1889 321 1923 345 ut

133 380 194 401 suo
221 375 356 412 cognato
384 371 492 402 occiso
533 373 583 403 lac
609 372 716 404 tellum
743 375 934 405 camelarum
962 375 1128 406 bibendum
1154 375 1207 404 sit.
1251 375 1322 404 Hoc
1345 375 1375 404 in
1402 375 1473 405 loco
1500 376 1572 406 talis
1599 385 1717 406 sensus
1744 376 1837 416 longe
1866 387 1920 407 re-

133 432 252 472 petitus
284 432 424 474 videtur,
452 442 635 474 quamquam
662 435 691 465 in
719 436 908 468 carminibus
938 438 1029 468 huius
1058 438 1104 468 rei
1129 447 1229 477 saepe
1248 437 1365 467 mentio
1385 437 1429 468 fit.
1457 438 1513 468 Sic
1539 440 1569 468 in
1588 439 1798 477 sequentibus
1814 439 1922 478 (metr-

132 492 299 533 ThawiIJ:
339 493 366 525 Ο
402 492 714 527 Abu-Auhfe!
755 501 1010 532 camelarum
1046 500 1117 531 lac
1161 500 1275 531 sitim
1314 500 1587 541 restinguit3
1626 502 1704 531 sed
1741 502 1922 542 sanguis

133 555 322 586 ultionis
361 557 633 590 Nomairitae
670 559 789 591 sitim
825 563 960 604 magis
992 562 1243 604 restinguit.
1296 562 1514 601 Deploras
1543 562 1770 603 Rajjam'),
1798 572 1922 604 quum

131 617 302 656 equites
329 619 671 659 proficiscuntur
697 627 741 653 et
766 623 982 664 Rajjanum
1009 625 1196 656 occisum
1231 625 1480 666 neglectum
1506 625 1727 665 relinquis.
1769 625 1922 664 Quum,

130 679 235 719 quod
262 683 304 712 in
330 686 425 713 utre
454 688 537 725 est,
566 684 1092 729 effunditur‚sauguinem
1120 688 1238 718 senis
1267 696 1367 717 esse
1389 686 1518 717 scito.
1547 688 1642 717 Tum
1669 688 1918 729 sanguinem

130 742 252 773 senis
275 743 368 774 bibe
395 749 465 775 aut
490 741 601 775 sine!
638 747 733 786 (Vox
760 743 803 778 leo
831 758 888 788 pro
914 755 954 799 ὃ.)
980 746 1057 792 est).
1119 750 1192 781 Abu
1218 749 1394 790 Rijaschus
1419 754 1595 791 sequentes
1622 760 1739 781 versus
1766 751 1919 781 recitavit

130 801 238 847 (metr.
265 805 428 847 ThawilJ:
468 804 694 839 Profecto!
733 810 810 841 tibi
846 811 883 850 (o
921 809 1112 853 feminal)
1139 815 1228 844 vita
1261 819 1340 844 est.
1401 814 1458 844 Tu
1495 823 1686 854 serpens
1721 824 1784 853 es,
1824 814 1915 853 qui,

128 876 247 906 quum
275 878 355 898 non
381 874 583 913 necatur,
610 881 779 913 semper
805 877 936 906 vivit.
990 876 1071 906 Per
1106 876 1291 917 triginta
1319 886 1452 907 annos
1480 887 1529 907 ex
1557 881 1599 906 te
1626 877 1814 916 quietem
1841 885 1916 906 non

128 931 266 970 capio,
292 932 486 971 quoniam
512 935 607 964 vita
633 939 705 966 tua
731 935 770 966 in
795 938 941 968 mundo
968 946 1125 977 semper
1143 937 1281 970 durat.
1310 939 1336 970 Ο
1365 935 1591 970 Damasco!
1624 949 1710 970 eam
1739 948 1918 976 sume‚ne

126 998 166 1024 te
192 990 402 1035 essugiatl
427 996 623 1037 Nox,qua
650 998 728 1029 duo
755 1000 911 1031 feretri
938 1009 1067 1032 onera
1095 1001 1310 1040 (i.e.unum
1333 1001 1501 1041 feretri,
1530 1003 1707 1032 alterum
1733 999 1917 1046 funeris)

125 1058 408 1100 efferuntur,
436 1069 517 1089 nox
543 1060 706 1091 Alkadr
732 1063 828 1094 erit.
871 1061 978 1095 Etsi
1004 1073 1079 1104 ego
1107 1074 1125 1095 a
1151 1065 1252 1096 vita
1278 1065 1454 1096 Zahbae
1482 1066 1712 1096 incolumis
1741 1066 1915 1105 liberor,

124 1132 175 1153 ex
201 1121 452 1154 feminarum
489 1132 657 1154 numero
684 1124 784 1156 mihi
822 1126 1183 1167 incomparabilis
1222 1131 1323 1159 erit.
1376 1129 1425 1159 De
1451 1129 1588 1159 vocibus
1611 1125 1686 1173 5n'nl
1715 1138 1807 1167 ass-222,
1835 1137 1918 1168 quae

123 1193 191 1214 rem
219 1185 343 1214 nonnisi
368 1184 470 1214 semel
496 1187 701 1224 existentem,
728 1188 851 1217 unicam
879 1187 1047 1231 designat,
1091 1190 1239 1221 conferas
1268 1192 1392 1221 lexicon
1419 1202 1532 1223 meum.
1589 1192 1781 1231 Serpentem
1809 1195 1916 1220 autem

122 1250 249 1289 tongam
275 1250 373 1278 vitam
397 1247 513 1278 habere
542 1248 663 1291 dicunt,
690 1254 725 1280 ut
750 1250 791 1281 ad
817 1251 976 1282 minimum
1004 1257 1166 1284 trecentos
1194 1263 1295 1283 annos
1323 1263 1395 1284 eum
1423 1256 1536 1284 vivere
1563 1254 1746 1284 existiment
1775 1252 1915 1291 (conf.

123 1311 223 1342 Meid.
256 1311 311 1353 16,
340 1310 427 1353 57.)
465 1312 500 1341 In
525 1321 627 1341 versu
653 1321 719 1342 vox
744 1309 831 1353 6,ιρ
859 1324 901 1344 ex
927 1319 1204 1356 grammaticorum
1239 1316 1448 1347 Bazrensium
1475 1318 1636 1347 sententia
1664 1325 1720 1356 pro
1747 1312 1822 1344 25„ss
1850 1320 1912 1346 est.

122 1372 185 1403 Alii
201 1374 277 1403 voci
294 1381 424 1403 sensum
438 1372 606 1403 verborum
625 1371 690 1403 egil
709 1371 741 1403 au
763 1385 840 1415 »per
853 1374 971 1407 Deum!
991 1378 1097 1418 utique
1111 1383 1167 1408 tu«
1186 1379 1336 1410 tribuunt.
1357 1378 1442 1409 Dixit
1462 1384 1557 1418 poeta
1568 1379 1731 1408 Almarrar
1744 1379 1810 1416 (De
1821 1381 1916 1417 poeta

123 1436 172 1466 sic
199 1435 357 1475 adpellato
385 1435 493 1466 confer
519 1436 699 1467 Hamas.
723 1438 784 1478 ⁴155)
812 1439 922 1478 (metr.
949 1439 1095 1480 Camel):
1123 1442 1207 1472 Per
1234 1436 1377 1472 Deum!
1410 1445 1452 1471 tu
1491 1451 1545 1471 ex
1583 1440 1912 1470 recordatione

121 1499 483 1531 coniunctionis
524 1509 623 1530 cum
663 1510 715 1530 ea
755 1503 799 1531 in
840 1511 920 1532 ora
953 1503 1311 1544 desperationis
1351 1514 1427 1544 es,
1469 1506 1557 1535 etsi
1584 1513 1660 1534 non
1688 1503 1911 1543 desperas.

119 1561 155 1590 In
181 1560 243 1591 hoc
269 1570 369 1590 versu
395 1561 423 1591 si
450 1571 517 1591 vox
539 1558 627 1601 exig-l
654 1572 711 1601 pro
748 1560 814 1592 εἰῶ
841 1560 873 1592 ³15
899 1565 1052 1604 sumitur,
1094 1575 1160 1596 vox
1189 1564 1213 1594 la
1238 1566 1405 1606 superflua
1445 1566 1594 1607 videtur;
1635 1566 1685 1595 sin
1715 1571 1821 1596 autem
1855 1573 1912 1604 pro

119 1620 187 1654 elsi}
216 1627 277 1663 est,
304 1632 371 1652 vox
401 1620 424 1651 la
449 1620 593 1662 quid?
622 1624 806 1665 significare
832 1631 954 1667 potest,
985 1633 1019 1658 ut
1045 1632 1118 1668 post
1145 1638 1212 1659 earn
1239 1629 1340 1659 verba
1365 1629 1486 1659 omissa
1515 1629 1587 1659 sint.
1614 1629 1649 1658 In
1679 1639 1779 1659 versu
1806 1632 1912 1658 textus

120 1695 187 1715 vox
213 1686 305 1731 eka),
334 1694 416 1724 quae
442 1688 474 1716 in
500 1687 637 1716 Tebrisii
661 1688 771 1718 codice
798 1691 962 1722 vocalibus
990 1693 1111 1732 primae
1137 1692 1258 1722 formae
1286 1692 1439 1732 insignita
1464 1695 1527 1730 est,
1555 1691 1584 1720 in
1612 1690 1724 1721 codice
1750 1690 1908 1720 Mersukii

120 1749 251 1779 vocales
279 1754 411 1788 quartae
438 1749 557 1780 formae
585 1749 692 1789 habet,
711 1751 742 1781 id
769 1752 853 1791 quod
880 1754 983 1783 minus
1010 1752 1203 1793 probandum
1231 1757 1293 1783 est.

977 1848 1042 1881 ΙΙ.

873 1915 1016 1949 Alius
1052 1915 1184 1950 «lixit.

118 1975 147 2005 1.
190 1977 280 2005 Deus
301 1979 434 2012 domum,
470 1982 502 2009 in
527 1991 589 2020 qua
612 1985 732 2020 tempus
755 1994 812 2013 nos
833 1987 1000 2021 separavit,
1024 1986 1127 2017 imbre,
1154 1987 1244 2015 cuius
1265 1990 1375 2024 yutlae
1387 1988 1502 2024 fluunt,
1526 1986 1658 2025 irriyet!

117 2031 149 2059 2.
193 2032 305 2070 Neque
326 2034 416 2062 Deus
439 2035 502 2063 diei
522 2038 686 2075 noctisque
709 2039 900 2074 recordetur,
925 2041 990 2078 qud
1011 2044 1039 2069 le
1062 2043 1252 2078 (ισσιρὶνηιιε,
1276 2052 1356 2081 quae
1378 2051 1445 2072 ηοω
1463 2042 1578 2080 plenae
1601 2043 1697 2071 lunae
1718 2051 1782 2071 non
1803 2046 1880 2072 erat.

234 2100 398 2142 Laetatur,
426 2104 508 2142 quod
534 2105 573 2135 ab
601 2115 700 2137 uxore
727 2113 899 2148 separatus
925 2111 979 2139 sit.
1041 2111 1176 2141 Domum
1204 2117 1408 2151 separantem
1436 2111 1525 2150 dixit,
1552 2112 1635 2152 quod
1660 2114 1692 2142 in
1718 2122 1768 2150 ea,
1796 2115 1830 2143 ut
1854 2112 1907 2143 vi-

116 2159 219 2203 detur,
247 2163 366 2202 repudii
394 2165 503 2195 verbis
532 2169 750 2209 pronuntiatis,
777 2172 917 2209 separati
946 2175 1045 2202 erant.
1098 2173 1258 2203 Arabibus
1288 2183 1381 2213 quum
1408 2173 1515 2213 pluvia
1541 2183 1594 2204 res
1622 2175 1759 2204 maxime
1789 2183 1906 2204 neces-

115 2223 202 2254 saria
229 2225 474 2265 gratissimaque
501 2228 555 2269 sit,
583 2231 645 2269 qua
671 2236 739 2262 tota
765 2233 853 2264 vitae
879 2234 1013 2265 felicitas
1040 2235 1167 2276 nitatur,
1204 2246 1273 2266 eam
1301 2240 1333 2266 et
1359 2238 1439 2275 ipsis
1467 2236 1574 2277 rebuS,
1602 2240 1636 2266 ut
1662 2240 1773 2265 noster
1799 2235 1901 2272 domo,

115 2285 229 2325 quibus
256 2287 382 2317 utilitati
409 2299 472 2319 non
500 2294 570 2332 est,
598 2297 710 2332 optant
750 2295 852 2333 (con
871 2297 890 2327 f.
918 2298 1013 2327 Ham.
1041 2301 1084 2327 vlaex
1109 2308 1142 2328 v.
1173 2299 1234 2338 1.).
1285 2298 1329 2329 Ut
1350 2303 1456 2329 autem
1483 2298 1602 2340 largam
1629 2298 1768 2338 pluviam
1794 2296 1905 2337 desig-

114 2353 181 2388 net,
210 2350 279 2380 eius
305 2355 413 2392 guttas
440 2352 580 2384 fluentes
607 2355 770 2387 describit.
815 2358 858 2388 Ut
884 2359 989 2389 Jobus
1017 2359 1079 2390 diei
1106 2363 1257 2403 noctique
1283 2360 1337 2406 (C.
1367 2361 1401 2402 3,
1428 2361 1450 2392 3
1476 2357 1541 2404 sq.)
1568 2363 1649 2392 male
1675 2365 1832 2401 precatur,
1859 2358 1906 2390 sic

117 2416 237 2442 noster.
288 2413 405 2444 Noctis
432 2419 540 2447 autem
566 2418 759 2450 mentionem
786 2418 906 2450 fecisse
940 2420 1090 2460 videtur,
1128 2421 1212 2462 quod
1237 2423 1379 2463 vespera
1404 2432 1527 2463 sponsa
1552 2422 1592 2453 ad
1618 2432 1733 2453 novum
1757 2421 1902 2452 maritum

135 2534 166 2566 1)
184 2533 213 2558 Si
231 2535 342 2559 vocales
362 2537 432 2559 recte
451 2535 566 2565 scriptae
584 2541 656 2569 sunt,
674 2540 767 2570 quinta
785 2543 871 2566 forma
889 2542 951 2573 (pro
969 2537 1074 2579 ὤμ’-ι’)
1093 2547 1202 2570 eandem
1221 2552 1253 2570 ac
1270 2547 1391 2571 secunda
1407 2545 1629 2577 significationem
1655 2542 1765 2572 habeat,
1789 2547 1901 2567 necesse

186 2588 236 2610 est·
271 2585 333 2610 V0¹
353 2577 382 2626 lff)
398 2587 444 2609 ³⁰¹³
461 2590 508 2614 [1ῐο
524 2578 585 2626 Ob)
605 2598 662 2616 esse
681 2591 786 2618 videtur
805 2597 852 2619 aut
869 2591 951 2626 Rajja
968 2601 1063 2620 nomen
1081 2595 1196 2621 feminae
1213 2598 1264 2623 est.
1300 2596 1376 2621 Prius
1394 2595 1563 2620 verisimilius
1582 2593 1694 2617 videtur.
