<?xml version="1.0" encoding="UTF-8"?>
<!DOCTYPE html PUBLIC "-//W3C//DTD XHTML 1.0 Transitional//EN"
    "http://www.w3.org/TR/xhtml1/DTD/xhtml1-transitional.dtd">
<html xmlns="http://www.w3.org/1999/xhtml" xml:lang="en" lang="en">
 <head>
  <title>
</title>
<meta http-equiv="Content-Type" content="text/html;charset=utf-8" />
  <meta name='ocr-system' content='tesseract 3.04.00' />
  <meta name='ocr-capabilities' content='ocr_page ocr_carea ocr_par ocr_line ocrx_word'/>
</head>
<body>
  <div class='ocr_page' id='page_1' title='image "./p2hamassaecarmin02abbiuoft_0387.png"; bbox 0 0 2155 2892; ppageno 0'>
   <div class='ocr_carea' id='block_1_1' title="bbox 917 162 1210 193">
    <p class='ocr_par' dir='ltr' id='par_1_1' title="bbox 917 162 1210 193">
     <span class='ocr_line' id='line_1_1' title="bbox 917 162 1210 193; baseline 0 0"><span class='ocrx_word' id='word_1_1' title='bbox 917 178 961 185; x_wconf 95' lang='lat'>—</span> <span class='ocrx_word' id='word_1_2' title='bbox 1040 162 1110 193; x_wconf 74' lang='lat'><strong>3⁸75</strong></span> <span class='ocrx_word' id='word_1_3' title='bbox 1161 176 1210 185; x_wconf 82' lang='lat'>—</span> 
     </span>
    </p>
   </div>
   <div class='ocr_carea' id='block_1_2' title="bbox 168 261 1953 427">
    <p class='ocr_par' dir='ltr' id='par_1_2' title="bbox 168 261 1953 427">
     <span class='ocr_line' id='line_1_2' title="bbox 171 261 1953 303; baseline 0.001 -12"><span class='ocrx_word' id='word_1_4' title='bbox 171 269 229 292; x_wconf 91' lang='lat' dir='ltr'><strong>cur</strong></span> <span class='ocrx_word' id='word_1_5' title='bbox 255 267 355 302; x_wconf 83' lang='lat' dir='ltr'><strong>optet,</strong></span> <span class='ocrx_word' id='word_1_6' title='bbox 382 268 417 292; x_wconf 88' lang='lat' dir='ltr'><strong>ut</strong></span> <span class='ocrx_word' id='word_1_7' title='bbox 437 262 525 293; x_wconf 84' lang='lat' dir='ltr'><strong>Deus</strong></span> <span class='ocrx_word' id='word_1_8' title='bbox 552 262 660 302; x_wconf 81' lang='lat' dir='ltr'><strong>plnres</strong></span> <span class='ocrx_word' id='word_1_9' title='bbox 687 261 758 291; x_wconf 85' lang='lat' dir='ltr'><strong>huic</strong></span> <span class='ocrx_word' id='word_1_10' title='bbox 786 262 907 291; x_wconf 79' lang='lat' dir='ltr'><strong>similes</strong></span> <span class='ocrx_word' id='word_1_11' title='bbox 936 262 1041 293; x_wconf 85' lang='lat' dir='ltr'><strong>donet.</strong></span> <span class='ocrx_word' id='word_1_12' title='bbox 1070 264 1102 293; x_wconf 81' lang='lat' dir='ltr'><strong>ln</strong></span> <span class='ocrx_word' id='word_1_13' title='bbox 1132 263 1286 293; x_wconf 78' lang='lat' dir='ltr'><strong>Mersukii</strong></span> <span class='ocrx_word' id='word_1_14' title='bbox 1314 262 1423 292; x_wconf 77' lang='lat' dir='ltr'><strong>codice</strong></span> <span class='ocrx_word' id='word_1_15' title='bbox 1449 263 1548 293; x_wconf 78' lang='lat' dir='ltr'><strong>lineae</strong></span> <span class='ocrx_word' id='word_1_16' title='bbox 1575 264 1692 303; x_wconf 84' lang='lat' dir='ltr'><strong>primae</strong></span> <span class='ocrx_word' id='word_1_17' title='bbox 1720 262 1831 292; x_wconf 77' lang='lat' dir='ltr'><strong>scholii</strong></span> <span class='ocrx_word' id='word_1_18' title='bbox 1855 262 1953 293; x_wconf 75' lang='lat' dir='ltr'><strong>verba</strong></span> 
     </span>
     <span class='ocr_line' id='line_1_3' title="bbox 168 320 1951 370; baseline -0.001 -15"><span class='ocrx_word' id='word_1_19' title='bbox 168 325 215 355; x_wconf 85' lang='lat' dir='ltr'><strong>sic</strong></span> <span class='ocrx_word' id='word_1_20' title='bbox 243 326 352 355; x_wconf 88' lang='lat' dir='ltr'><strong>melius</strong></span> <span class='ocrx_word' id='word_1_21' title='bbox 380 325 548 366; x_wconf 81' lang='lat' dir='ltr'><strong>leguntur:</strong></span> <span class='ocrx_word' id='word_1_22' title='bbox 586 322 660 368; x_wconf 55' lang='lat' dir='ltr'><strong>issi</strong></span> <span class='ocrx_word' id='word_1_23' title='bbox 700 320 830 364; x_wconf 52' lang='lat' dir='ltr'><strong>optim,</strong></span> <span class='ocrx_word' id='word_1_24' title='bbox 871 322 1000 369; x_wconf 43' lang='lat' dir='ltr'><strong>hess-*2</strong></span> <span class='ocrx_word' id='word_1_25' title='bbox 1034 328 1071 370; x_wconf 66' lang='lat'><strong>0!</strong></span> <span class='ocrx_word' id='word_1_26' title='bbox 1108 325 1170 364; x_wconf 50' lang='lat' dir='ltr'><strong>ga.</strong></span> <span class='ocrx_word' id='word_1_27' title='bbox 1233 323 1350 354; x_wconf 79' lang='lat' dir='ltr'><strong>ibidem</strong></span> <span class='ocrx_word' id='word_1_28' title='bbox 1390 327 1459 355; x_wconf 86' lang='lat' dir='ltr'><strong>loco</strong></span> <span class='ocrx_word' id='word_1_29' title='bbox 1488 326 1575 355; x_wconf 83' lang='lat' dir='ltr'><strong>vocis</strong></span> <span class='ocrx_word' id='word_1_30' title='bbox 1597 324 1649 369; x_wconf 65' lang='lat'><strong>525</strong></span> <span class='ocrx_word' id='word_1_31' title='bbox 1679 325 1797 366; x_wconf 84' lang='lat' dir='ltr'><strong>legitur</strong></span> <span class='ocrx_word' id='word_1_32' title='bbox 1827 322 1892 369; x_wconf 60' lang='lat'><strong>5:⁴55</strong></span> <span class='ocrx_word' id='word_1_33' title='bbox 1919 330 1951 354; x_wconf 82' lang='lat' dir='ltr'><strong>et</strong></span> 
     </span>
     <span class='ocr_line' id='line_1_4' title="bbox 169 382 880 427; baseline -0.001 -10"><span class='ocrx_word' id='word_1_34' title='bbox 169 387 239 417; x_wconf 84' lang='lat' dir='ltr'><strong>loco</strong></span> <span class='ocrx_word' id='word_1_35' title='bbox 266 388 355 417; x_wconf 81' lang='lat' dir='ltr'><strong>vocis</strong></span> <span class='ocrx_word' id='word_1_36' title='bbox 382 382 491 427; x_wconf 47' lang='lat' dir='ltr'><strong>qivai.</strong></span> <span class='ocrx_word' id='word_1_37' title='bbox 517 387 673 415; x_wconf 85' lang='lat' dir='ltr'><strong>invenitur</strong></span> <span class='ocrx_word' id='word_1_38' title='bbox 701 383 801 425; x_wconf 50' lang='lat' dir='ltr'><strong>heila-wi</strong></span> <span class='ocrx_word' id='word_1_39' title='bbox 828 400 880 424; x_wconf 57' lang='grc' dir='ltr'><strong>ψη.</strong></span> 
     </span>
    </p>
   </div>
   <div class='ocr_carea' id='block_1_3' title="bbox 168 485 1953 648">
    <p class='ocr_par' dir='ltr' id='par_1_3' title="bbox 168 485 1953 648">
     <span class='ocr_line' id='line_1_5' title="bbox 168 485 1953 523; baseline -0.002 -7"><span class='ocrx_word' id='word_1_40' title='bbox 168 489 200 516; x_wconf 71' lang='grc'><strong>2.</strong></span> <span class='ocrx_word' id='word_1_41' title='bbox 244 486 497 523; x_wconf 76' lang='lat' dir='ltr'><em>Quotiescunque</em></span> <span class='ocrx_word' id='word_1_42' title='bbox 518 485 601 513; x_wconf 76' lang='lat' dir='ltr'><strong>latus</strong></span> <span class='ocrx_word' id='word_1_43' title='bbox 624 494 724 513; x_wconf 83' lang='lat' dir='ltr'><strong>meum</strong></span> <span class='ocrx_word' id='word_1_44' title='bbox 747 489 863 514; x_wconf 79' lang='lat' dir='ltr'><strong>terrum</strong></span> <span class='ocrx_word' id='word_1_45' title='bbox 887 488 1075 523; x_wconf 74' lang='lat' dir='ltr'><strong>teliqil,eins</strong></span> <span class='ocrx_word' id='word_1_46' title='bbox 1099 487 1282 515; x_wconf 80' lang='lat' dir='ltr'><strong>recordatus</strong></span> <span class='ocrx_word' id='word_1_47' title='bbox 1296 495 1365 514; x_wconf 73' lang='lat' dir='ltr'><strong>sum</strong></span> <span class='ocrx_word' id='word_1_48' title='bbox 1379 488 1505 523; x_wconf 80' lang='lat' dir='ltr'><strong>eiusque</strong></span> <span class='ocrx_word' id='word_1_49' title='bbox 1528 486 1650 513; x_wconf 81' lang='lat' dir='ltr'><strong>odorem</strong></span> <span class='ocrx_word' id='word_1_50' title='bbox 1673 487 1705 513; x_wconf 84' lang='lat' dir='ltr'><strong>in</strong></span> <span class='ocrx_word' id='word_1_51' title='bbox 1730 487 1864 514; x_wconf 71' lang='lat' dir='ltr'><strong>entibus</strong></span> <span class='ocrx_word' id='word_1_52' title='bbox 1877 487 1953 514; x_wconf 67' lang='lat' dir='ltr'><strong>meis</strong></span> 
     </span>
     <span class='ocr_line' id='line_1_6' title="bbox 993 541 1130 575; baseline 0 -9"><span class='ocrx_word' id='word_1_53' title='bbox 993 541 1130 575; x_wconf 81' lang='lat' dir='ltr'><em>percepi.</em></span> 
     </span>
     <span class='ocr_line' id='line_1_7' title="bbox 266 606 1951 648; baseline -0.002 -9"><span class='ocrx_word' id='word_1_54' title='bbox 266 610 322 647; x_wconf 86' lang='lat' dir='ltr'><strong>Se,</strong></span> <span class='ocrx_word' id='word_1_55' title='bbox 348 608 597 648; x_wconf 80' lang='lat' dir='ltr'><strong>quotiescunque</strong></span> <span class='ocrx_word' id='word_1_56' title='bbox 635 611 665 638; x_wconf 89' lang='lat' dir='ltr'><strong>in</strong></span> <span class='ocrx_word' id='word_1_57' title='bbox 694 613 778 638; x_wconf 80' lang='lat' dir='ltr'><strong>terra</strong></span> <span class='ocrx_word' id='word_1_58' title='bbox 805 618 915 638; x_wconf 90' lang='lat' dir='ltr'><strong>somno</strong></span> <span class='ocrx_word' id='word_1_59' title='bbox 945 618 982 638; x_wconf 87' lang='lat' dir='ltr'><strong>se</strong></span> <span class='ocrx_word' id='word_1_60' title='bbox 1017 608 1139 648; x_wconf 82' lang='lat' dir='ltr'><strong>tradat,</strong></span> <span class='ocrx_word' id='word_1_61' title='bbox 1169 608 1304 638; x_wconf 80' lang='lat' dir='ltr'><strong>feminae</strong></span> <span class='ocrx_word' id='word_1_62' title='bbox 1337 607 1495 638; x_wconf 88' lang='lat' dir='ltr'><strong>recordari</strong></span> <span class='ocrx_word' id='word_1_63' title='bbox 1524 611 1557 636; x_wconf 87' lang='lat' dir='ltr'><strong>et</strong></span> <span class='ocrx_word' id='word_1_64' title='bbox 1586 611 1672 636; x_wconf 81' lang='lat' dir='ltr'><strong>tanto</strong></span> <span class='ocrx_word' id='word_1_65' title='bbox 1700 607 1768 636; x_wconf 87' lang='lat' dir='ltr'><strong>eius</strong></span> <span class='ocrx_word' id='word_1_66' title='bbox 1796 606 1951 638; x_wconf 81' lang='lat' dir='ltr'><strong>desiderio</strong></span> 
     </span>
    </p>
   </div>
   <div class='ocr_carea' id='block_1_4' title="bbox 169 670 1950 711">
    <p class='ocr_par' dir='ltr' id='par_1_4' title="bbox 169 670 1950 711">
     <span class='ocr_line' id='line_1_8' title="bbox 169 670 1950 711; baseline -0.001 -11"><span class='ocrx_word' id='word_1_67' title='bbox 169 671 300 711; x_wconf 82' lang='lat' dir='ltr'><strong>impleri,</strong></span> <span class='ocrx_word' id='word_1_68' title='bbox 316 676 350 700; x_wconf 93' lang='lat' dir='ltr'><strong>ut</strong></span> <span class='ocrx_word' id='word_1_69' title='bbox 368 676 515 710; x_wconf 82' lang='lat' dir='ltr'><strong>tanquam</strong></span> <span class='ocrx_word' id='word_1_70' title='bbox 544 673 724 710; x_wconf 78' lang='lat' dir='ltr'><strong>proesentis</strong></span> <span class='ocrx_word' id='word_1_71' title='bbox 754 671 880 701; x_wconf 79' lang='lat' dir='ltr'><strong>odorem</strong></span> <span class='ocrx_word' id='word_1_72' title='bbox 915 672 942 700; x_wconf 91' lang='lat' dir='ltr'><strong>in</strong></span> <span class='ocrx_word' id='word_1_73' title='bbox 971 671 1172 701; x_wconf 83' lang='lat' dir='ltr'><strong>vestimentis</strong></span> <span class='ocrx_word' id='word_1_74' title='bbox 1188 671 1254 701; x_wconf 84' lang='lat' dir='ltr'><strong>suis</strong></span> <span class='ocrx_word' id='word_1_75' title='bbox 1273 673 1439 711; x_wconf 84' lang='lat' dir='ltr'><strong>percipere</strong></span> <span class='ocrx_word' id='word_1_76' title='bbox 1466 674 1557 710; x_wconf 82' lang='lat' dir='ltr'><strong>putet</strong></span> <span class='ocrx_word' id='word_1_77' title='bbox 1576 678 1619 699; x_wconf 90' lang='lat' dir='ltr'><strong>co</strong></span> <span class='ocrx_word' id='word_1_78' title='bbox 1635 670 1682 699; x_wconf 83' lang='lat' dir='ltr'><strong>ns.</strong></span> <span class='ocrx_word' id='word_1_79' title='bbox 1698 670 1789 699; x_wconf 86' lang='lat' dir='ltr'><strong>llam.</strong></span> <span class='ocrx_word' id='word_1_80' title='bbox 1809 681 1851 698; x_wconf 56' lang='lat' dir='ltr'><strong>oa.</strong></span> <span class='ocrx_word' id='word_1_81' title='bbox 1871 680 1902 699; x_wconf 83' lang='lat' dir='ltr'><strong>v.</strong></span> <span class='ocrx_word' id='word_1_82' title='bbox 1920 670 1950 699; x_wconf 84' lang='lat'><strong>5.</strong></span> 
     </span>
    </p>
   </div>
   <div class='ocr_carea' id='block_1_5' title="bbox 861 791 1276 892">
    <p class='ocr_par' dir='ltr' id='par_1_5' title="bbox 861 791 1276 892">
     <span class='ocr_line' id='line_1_9' title="bbox 923 791 1204 827; baseline -0.011 0"><span class='ocrx_word' id='word_1_83' title='bbox 923 791 1204 827; x_wconf 72' lang='lat' dir='ltr'><strong>Lxxxnl.</strong></span> 
     </span>
     <span class='ocr_line' id='line_1_10' title="bbox 861 856 1276 892; baseline -0.005 0"><span class='ocrx_word' id='word_1_84' title='bbox 861 858 1057 892; x_wconf 70' lang='lat' dir='ltr'><strong>Alius</strong></span> <span class='ocrx_word' id='word_1_85' title='bbox 1090 856 1276 891; x_wconf 77' lang='lat' dir='ltr'><strong>«lixit.</strong></span> 
     </span>
    </p>
   </div>
   <div class='ocr_carea' id='block_1_6' title="bbox 168 924 1957 1409">
    <p class='ocr_par' dir='ltr' id='par_1_6' title="bbox 168 924 1953 1010">
     <span class='ocr_line' id='line_1_11' title="bbox 168 924 1953 963; baseline -0.003 -6"><span class='ocrx_word' id='word_1_86' title='bbox 168 929 197 957; x_wconf 84' lang='lat'><strong>1.</strong></span> <span class='ocrx_word' id='word_1_87' title='bbox 242 930 366 958; x_wconf 75' lang='lat' dir='ltr'><em>Inimici</em></span> <span class='ocrx_word' id='word_1_88' title='bbox 387 930 513 958; x_wconf 65' lang='lat' dir='ltr'><strong>ddcunt:</strong></span> <span class='ocrx_word' id='word_1_89' title='bbox 536 929 586 958; x_wconf 67' lang='grc' dir='ltr'><em>Λέ</em></span> <span class='ocrx_word' id='word_1_90' title='bbox 608 930 697 958; x_wconf 77' lang='lat' dir='ltr'><strong>Deus</strong></span> <span class='ocrx_word' id='word_1_91' title='bbox 720 930 854 956; x_wconf 81' lang='lat' dir='ltr'><strong>inimicis</strong></span> <span class='ocrx_word' id='word_1_92' title='bbox 877 927 1057 957; x_wconf 57' lang='lat' dir='ltr'><strong>benedicat!</strong></span> <span class='ocrx_word' id='word_1_93' title='bbox 1101 927 1129 956; x_wconf 84' lang='grc' dir='ltr'><em>Α</em></span> <span class='ocrx_word' id='word_1_94' title='bbox 1151 927 1245 955; x_wconf 80' lang='lat' dir='ltr'><strong>Lm‘la</strong></span> <span class='ocrx_word' id='word_1_95' title='bbox 1273 929 1335 955; x_wconf 83' lang='lat' dir='ltr'><strong>iam</strong></span> <span class='ocrx_word' id='word_1_96' title='bbox 1358 927 1490 954; x_wconf 79' lang='lat' dir='ltr'><strong>recessi!</strong></span> <span class='ocrx_word' id='word_1_97' title='bbox 1510 928 1540 954; x_wconf 86' lang='lat' dir='ltr'><strong>el</strong></span> <span class='ocrx_word' id='word_1_98' title='bbox 1559 926 1804 963; x_wconf 74' lang='lat' dir='ltr'><strong>propinquitatis</strong></span> <span class='ocrx_word' id='word_1_99' title='bbox 1828 924 1953 953; x_wconf 76' lang='lat' dir='ltr'><strong>vincula</strong></span> 
     </span>
     <span class='ocr_line' id='line_1_12' title="bbox 957 984 1167 1010; baseline -0.01 0"><span class='ocrx_word' id='word_1_100' title='bbox 957 984 1064 1010; x_wconf 72' lang='lat' dir='ltr'><strong>alli-ila</strong></span> <span class='ocrx_word' id='word_1_101' title='bbox 1084 985 1167 1009; x_wconf 75' lang='lat' dir='ltr'><strong>siml.</strong></span> 
     </span>
    </p>

    <p class='ocr_par' dir='ltr' id='par_1_7' title="bbox 170 1049 1957 1409">
     <span class='ocr_line' id='line_1_13' title="bbox 267 1049 1952 1092; baseline -0.002 -10"><span class='ocrx_word' id='word_1_102' title='bbox 267 1053 383 1083; x_wconf 79' lang='lat' dir='ltr'>Inimici</span> <span class='ocrx_word' id='word_1_103' title='bbox 410 1058 525 1092; x_wconf 84' lang='lat' dir='ltr'><strong>poetae</strong></span> <span class='ocrx_word' id='word_1_104' title='bbox 553 1053 633 1082; x_wconf 84' lang='lat' dir='ltr'><strong>male</strong></span> <span class='ocrx_word' id='word_1_105' title='bbox 659 1052 808 1081; x_wconf 87' lang='lat' dir='ltr'><strong>volentes</strong></span> <span class='ocrx_word' id='word_1_106' title='bbox 838 1056 870 1081; x_wconf 86' lang='lat' dir='ltr'><strong>et</strong></span> <span class='ocrx_word' id='word_1_107' title='bbox 898 1051 1113 1090; x_wconf 78' lang='lat' dir='ltr'><strong>suspicionem</strong></span> <span class='ocrx_word' id='word_1_108' title='bbox 1141 1051 1262 1080; x_wconf 84' lang='lat' dir='ltr'>amicae</span> <span class='ocrx_word' id='word_1_109' title='bbox 1291 1050 1360 1079; x_wconf 87' lang='lat' dir='ltr'><strong>eius</strong></span> <span class='ocrx_word' id='word_1_110' title='bbox 1389 1050 1518 1079; x_wconf 87' lang='lat' dir='ltr'><strong>iniicere</strong></span> <span class='ocrx_word' id='word_1_111' title='bbox 1545 1049 1723 1088; x_wconf 83' lang='lat' dir='ltr'><strong>cupientes,</strong></span> <span class='ocrx_word' id='word_1_112' title='bbox 1753 1052 1785 1079; x_wconf 83' lang='lat' dir='ltr'><strong>ut</strong></span> <span class='ocrx_word' id='word_1_113' title='bbox 1811 1058 1830 1078; x_wconf 92' lang='lat' dir='ltr'><strong>a</strong></span> <span class='ocrx_word' id='word_1_114' title='bbox 1857 1053 1952 1087; x_wconf 85' lang='lat' dir='ltr'><strong>poeta</strong></span> 
     </span>
     <span class='ocr_line' id='line_1_14' title="bbox 172 1111 1953 1154; baseline -0.003 -9"><span class='ocrx_word' id='word_1_115' title='bbox 172 1125 208 1145; x_wconf 86' lang='lat' dir='ltr'><strong>se</strong></span> <span class='ocrx_word' id='word_1_116' title='bbox 236 1118 409 1154; x_wconf 66' lang='lat' dir='ltr'><strong>averteret,</strong></span> <span class='ocrx_word' id='word_1_117' title='bbox 426 1124 443 1144; x_wconf 79' lang='lat' dir='ltr'><strong>a</strong></span> <span class='ocrx_word' id='word_1_118' title='bbox 460 1119 554 1154; x_wconf 75' lang='lat' dir='ltr'><strong>poeta</strong></span> <span class='ocrx_word' id='word_1_119' title='bbox 581 1116 712 1144; x_wconf 88' lang='lat' dir='ltr'>amicam</span> <span class='ocrx_word' id='word_1_120' title='bbox 739 1124 829 1145; x_wconf 85' lang='lat' dir='ltr'><strong>suain</strong></span> <span class='ocrx_word' id='word_1_121' title='bbox 860 1115 988 1154; x_wconf 77' lang='lat' dir='ltr'><strong>relinqui</strong></span> <span class='ocrx_word' id='word_1_122' title='bbox 1018 1114 1097 1144; x_wconf 78' lang='lat' dir='ltr'><strong>falso</strong></span> <span class='ocrx_word' id='word_1_123' title='bbox 1125 1113 1279 1143; x_wconf 79' lang='lat' dir='ltr'><strong>dixerant.</strong></span> <span class='ocrx_word' id='word_1_124' title='bbox 1308 1112 1407 1141; x_wconf 86' lang='lat' dir='ltr'><strong>Poeta</strong></span> <span class='ocrx_word' id='word_1_125' title='bbox 1435 1112 1530 1152; x_wconf 83' lang='lat' dir='ltr'><strong>igitur</strong></span> <span class='ocrx_word' id='word_1_126' title='bbox 1557 1111 1594 1140; x_wconf 83' lang='lat' dir='ltr'><strong>iis</strong></span> <span class='ocrx_word' id='word_1_127' title='bbox 1623 1112 1704 1140; x_wconf 87' lang='lat' dir='ltr'><strong>male</strong></span> <span class='ocrx_word' id='word_1_128' title='bbox 1732 1116 1892 1150; x_wconf 84' lang='lat' dir='ltr'><strong>precatur.</strong></span> <span class='ocrx_word' id='word_1_129' title='bbox 1920 1111 1953 1139; x_wconf 88' lang='lat' dir='ltr'><strong>ln</strong></span> 
     </span>
     <span class='ocr_line' id='line_1_15' title="bbox 170 1173 1950 1218; baseline -0.003 -11"><span class='ocrx_word' id='word_1_130' title='bbox 170 1177 327 1207; x_wconf 81' lang='lat' dir='ltr'><strong>Mersukii</strong></span> <span class='ocrx_word' id='word_1_131' title='bbox 365 1177 472 1207; x_wconf 86' lang='lat' dir='ltr'><strong>codice</strong></span> <span class='ocrx_word' id='word_1_132' title='bbox 507 1174 578 1218; x_wconf 53' lang='lat'><strong>„5353</strong></span> <span class='ocrx_word' id='word_1_133' title='bbox 610 1178 746 1218; x_wconf 82' lang='lat' dir='ltr'><strong>legitur,</strong></span> <span class='ocrx_word' id='word_1_134' title='bbox 774 1177 875 1217; x_wconf 76' lang='lat' dir='ltr'><strong>qnod,</strong></span> <span class='ocrx_word' id='word_1_135' title='bbox 917 1187 1012 1217; x_wconf 90' lang='lat' dir='ltr'><strong>quum</strong></span> <span class='ocrx_word' id='word_1_136' title='bbox 1041 1177 1170 1216; x_wconf 87' lang='lat' dir='ltr'><strong>pluralis</strong></span> <span class='ocrx_word' id='word_1_137' title='bbox 1197 1174 1379 1216; x_wconf 85' lang='lat' dir='ltr'><strong>irregularis</strong></span> <span class='ocrx_word' id='word_1_138' title='bbox 1408 1179 1574 1213; x_wconf 70' lang='lat' dir='ltr'><strong>sequatur,</strong></span> <span class='ocrx_word' id='word_1_139' title='bbox 1604 1173 1679 1203; x_wconf 89' lang='lat' dir='ltr'><strong>ferri</strong></span> <span class='ocrx_word' id='word_1_140' title='bbox 1707 1177 1813 1212; x_wconf 88' lang='lat' dir='ltr'><strong>potest</strong></span> <span class='ocrx_word' id='word_1_141' title='bbox 1841 1173 1950 1203; x_wconf 79' lang='lat' dir='ltr'><strong>Gram-</strong></span> 
     </span>
     <span class='ocr_line' id='line_1_16' title="bbox 170 1237 1953 1282; baseline -0.003 -13"><span class='ocrx_word' id='word_1_142' title='bbox 170 1241 227 1270; x_wconf 82' lang='lat' dir='ltr'><strong>Ar.</strong></span> <span class='ocrx_word' id='word_1_143' title='bbox 258 1240 296 1272; x_wconf 80' lang='lat' dir='ltr'><strong>T,</strong></span> <span class='ocrx_word' id='word_1_144' title='bbox 330 1239 358 1268; x_wconf 90' lang='lat'><strong>11</strong></span> <span class='ocrx_word' id='word_1_145' title='bbox 394 1249 422 1278; x_wconf 90' lang='lat' dir='ltr'><strong>p.</strong></span> <span class='ocrx_word' id='word_1_146' title='bbox 460 1237 541 1268; x_wconf 77' lang='lat'><strong>232.</strong></span> <span class='ocrx_word' id='word_1_147' title='bbox 589 1239 684 1268; x_wconf 85' lang='lat' dir='ltr'><strong>Metri</strong></span> <span class='ocrx_word' id='word_1_148' title='bbox 712 1249 809 1269; x_wconf 85' lang='lat' dir='ltr'><strong>causa</strong></span> <span class='ocrx_word' id='word_1_149' title='bbox 836 1240 925 1269; x_wconf 85' lang='lat' dir='ltr'><strong>verbi</strong></span> <span class='ocrx_word' id='word_1_150' title='bbox 951 1238 1020 1282; x_wconf 60' lang='lat'><strong>:⁶23¹</strong></span> <span class='ocrx_word' id='word_1_151' title='bbox 1049 1239 1173 1279; x_wconf 87' lang='lat' dir='ltr'><strong>signum</strong></span> <span class='ocrx_word' id='word_1_152' title='bbox 1201 1239 1323 1268; x_wconf 83' lang='lat' dir='ltr'><strong>Hamsa</strong></span> <span class='ocrx_word' id='word_1_153' title='bbox 1352 1238 1381 1267; x_wconf 86' lang='lat' dir='ltr'><strong>in</strong></span> <span class='ocrx_word' id='word_1_154' title='bbox 1409 1238 1536 1278; x_wconf 83' lang='lat' dir='ltr'><strong>signum</strong></span> <span class='ocrx_word' id='word_1_155' title='bbox 1563 1237 1686 1267; x_wconf 65' lang='lat' dir='ltr'><strong>u&#39;ezla</strong></span> <span class='ocrx_word' id='word_1_156' title='bbox 1712 1241 1864 1266; x_wconf 84' lang='lat' dir='ltr'><strong>mutatum</strong></span> <span class='ocrx_word' id='word_1_157' title='bbox 1892 1240 1953 1265; x_wconf 88' lang='lat' dir='ltr'><strong>est.</strong></span> 
     </span>
     <span class='ocr_line' id='line_1_17' title="bbox 171 1299 1954 1343; baseline -0.001 -11"><span class='ocrx_word' id='word_1_158' title='bbox 171 1303 322 1332; x_wconf 80' lang='lat' dir='ltr'><strong>Amorem</strong></span> <span class='ocrx_word' id='word_1_159' title='bbox 349 1307 453 1332; x_wconf 85' lang='lat' dir='ltr'><strong>autem</strong></span> <span class='ocrx_word' id='word_1_160' title='bbox 480 1312 570 1341; x_wconf 90' lang='lat' dir='ltr'><strong>quum</strong></span> <span class='ocrx_word' id='word_1_161' title='bbox 598 1307 693 1341; x_wconf 88' lang='lat' dir='ltr'><strong>poeta</strong></span> <span class='ocrx_word' id='word_1_162' title='bbox 720 1312 789 1332; x_wconf 87' lang='lat' dir='ltr'><strong>cum</strong></span> <span class='ocrx_word' id='word_1_163' title='bbox 812 1302 885 1332; x_wconf 88' lang='lat' dir='ltr'><strong>fune</strong></span> <span class='ocrx_word' id='word_1_164' title='bbox 923 1302 1047 1340; x_wconf 82' lang='lat' dir='ltr'><strong>(conf.</strong></span> <span class='ocrx_word' id='word_1_165' title='bbox 1076 1302 1168 1331; x_wconf 86' lang='lat' dir='ltr'><strong>llam.</strong></span> <span class='ocrx_word' id='word_1_166' title='bbox 1194 1311 1224 1340; x_wconf 89' lang='lat' dir='ltr'><strong>p.</strong></span> <span class='ocrx_word' id='word_1_167' title='bbox 1248 1302 1295 1329; x_wconf 46' lang='lat' dir='ltr'><strong>oet‘l</strong></span> <span class='ocrx_word' id='word_1_168' title='bbox 1326 1310 1356 1329; x_wconf 80' lang='lat' dir='ltr'><strong>v.</strong></span> <span class='ocrx_word' id='word_1_169' title='bbox 1390 1300 1426 1339; x_wconf 89' lang='lat'><strong>1)</strong></span> <span class='ocrx_word' id='word_1_170' title='bbox 1456 1300 1698 1340; x_wconf 77' lang='lat' dir='ltr'><strong>comparaverit,</strong></span> <span class='ocrx_word' id='word_1_171' title='bbox 1724 1299 1855 1328; x_wconf 84' lang='lat' dir='ltr'><strong>verbum</strong></span> <span class='ocrx_word' id='word_1_172' title='bbox 1880 1299 1954 1343; x_wconf 54' lang='grc' dir='ltr'><strong>ινδ)</strong></span> 
     </span>
     <span class='ocr_line' id='line_1_18' title="bbox 170 1359 1957 1409; baseline -0.003 -15"><span class='ocrx_word' id='word_1_173' title='bbox 170 1364 253 1403; x_wconf 88' lang='lat' dir='ltr'><strong>(triti</strong></span> <span class='ocrx_word' id='word_1_174' title='bbox 279 1364 372 1403; x_wconf 87' lang='lat' dir='ltr'><strong>sunt)</strong></span> <span class='ocrx_word' id='word_1_175' title='bbox 400 1363 551 1394; x_wconf 84' lang='lat' dir='ltr'><strong>adhibuit.</strong></span> <span class='ocrx_word' id='word_1_176' title='bbox 603 1363 670 1394; x_wconf 85' lang='lat' dir='ltr'><strong>Sed</strong></span> <span class='ocrx_word' id='word_1_177' title='bbox 696 1373 752 1403; x_wconf 90' lang='lat' dir='ltr'><strong>pro</strong></span> <span class='ocrx_word' id='word_1_178' title='bbox 779 1363 837 1393; x_wconf 86' lang='lat' dir='ltr'><strong>hac</strong></span> <span class='ocrx_word' id='word_1_179' title='bbox 864 1373 944 1393; x_wconf 82' lang='lat' dir='ltr'><strong>voce</strong></span> <span class='ocrx_word' id='word_1_180' title='bbox 971 1362 1055 1409; x_wconf 55' lang='lat'><strong>035)</strong></span> <span class='ocrx_word' id='word_1_181' title='bbox 1083 1363 1134 1402; x_wconf 85' lang='lat' dir='ltr'><strong>(et</strong></span> <span class='ocrx_word' id='word_1_182' title='bbox 1161 1372 1225 1400; x_wconf 81' lang='lat' dir='ltr'><strong>reS,</strong></span> <span class='ocrx_word' id='word_1_183' title='bbox 1253 1362 1364 1402; x_wconf 88' lang='lat' dir='ltr'><strong>quibus</strong></span> <span class='ocrx_word' id='word_1_184' title='bbox 1390 1362 1451 1392; x_wconf 89' lang='lat' dir='ltr'><strong>sibi</strong></span> <span class='ocrx_word' id='word_1_185' title='bbox 1476 1371 1615 1392; x_wconf 84' lang='lat' dir='ltr'><strong>amorem</strong></span> <span class='ocrx_word' id='word_1_186' title='bbox 1642 1360 1808 1391; x_wconf 86' lang='lat' dir='ltr'><strong>conciliare</strong></span> <span class='ocrx_word' id='word_1_187' title='bbox 1835 1359 1957 1397; x_wconf 80' lang='lat' dir='ltr'><strong>studet,</strong></span> 
     </span>
    </p>
   </div>
   <div class='ocr_carea' id='block_1_7' title="bbox 169 1426 1274 1468">
    <p class='ocr_par' dir='ltr' id='par_1_8' title="bbox 169 1426 1274 1468">
     <span class='ocr_line' id='line_1_19' title="bbox 169 1426 1274 1468; baseline -0.003 -10"><span class='ocrx_word' id='word_1_188' title='bbox 169 1428 376 1467; x_wconf 77' lang='lat' dir='ltr'><strong>cunctantur)</strong></span> <span class='ocrx_word' id='word_1_189' title='bbox 403 1428 506 1457; x_wconf 87' lang='lat' dir='ltr'><strong>minus</strong></span> <span class='ocrx_word' id='word_1_190' title='bbox 538 1433 624 1468; x_wconf 85' lang='lat' dir='ltr'><strong>apte,</strong></span> <span class='ocrx_word' id='word_1_191' title='bbox 653 1432 687 1457; x_wconf 92' lang='lat' dir='ltr'><strong>ut</strong></span> <span class='ocrx_word' id='word_1_192' title='bbox 717 1427 790 1457; x_wconf 88' lang='lat' dir='ltr'><strong>mihi</strong></span> <span class='ocrx_word' id='word_1_193' title='bbox 818 1427 958 1464; x_wconf 82' lang='lat' dir='ltr'><strong>videtur,</strong></span> <span class='ocrx_word' id='word_1_194' title='bbox 985 1427 1023 1456; x_wconf 84' lang='lat' dir='ltr'><strong>ab</strong></span> <span class='ocrx_word' id='word_1_195' title='bbox 1050 1427 1120 1457; x_wconf 89' lang='lat' dir='ltr'><strong>aliis</strong></span> <span class='ocrx_word' id='word_1_196' title='bbox 1147 1426 1274 1465; x_wconf 86' lang='lat' dir='ltr'><strong>legitur.</strong></span> 
     </span>
    </p>
   </div>
   <div class='ocr_carea' id='block_1_8' title="bbox 170 1521 1648 1562">
    <p class='ocr_par' dir='ltr' id='par_1_9' title="bbox 170 1521 1648 1562">
     <span class='ocr_line' id='line_1_20' title="bbox 170 1521 1648 1562; baseline -0.003 -8"><span class='ocrx_word' id='word_1_197' title='bbox 170 1526 202 1555; x_wconf 79' lang='lat'><strong>2.</strong></span> <span class='ocrx_word' id='word_1_198' title='bbox 246 1524 292 1553; x_wconf 85' lang='lat' dir='ltr'><strong>Et</strong></span> <span class='ocrx_word' id='word_1_199' title='bbox 312 1526 344 1553; x_wconf 76' lang='lat' dir='ltr'><strong>si</strong></span> <span class='ocrx_word' id='word_1_200' title='bbox 362 1523 457 1554; x_wconf 71' lang='lat' dir='ltr'><strong>Lana</strong></span> <span class='ocrx_word' id='word_1_201' title='bbox 479 1523 590 1552; x_wconf 80' lang='lat' dir='ltr'><strong>baculo</strong></span> <span class='ocrx_word' id='word_1_202' title='bbox 612 1525 694 1552; x_wconf 72' lang='lat' dir='ltr'><strong>nixa</strong></span> <span class='ocrx_word' id='word_1_203' title='bbox 716 1527 849 1561; x_wconf 74' lang='lat' dir='ltr'><strong>repetet,</strong></span> <span class='ocrx_word' id='word_1_204' title='bbox 870 1523 1035 1562; x_wconf 79' lang='lat' dir='ltr'><strong>profecto!</strong></span> <span class='ocrx_word' id='word_1_205' title='bbox 1054 1524 1171 1551; x_wconf 80' lang='lat' dir='ltr'><strong>amoris</strong></span> <span class='ocrx_word' id='word_1_206' title='bbox 1193 1521 1306 1551; x_wconf 81' lang='lat' dir='ltr'><strong>Lailae</strong></span> <span class='ocrx_word' id='word_1_207' title='bbox 1326 1523 1417 1551; x_wconf 78' lang='lat' dir='ltr'><strong>initia</strong></span> <span class='ocrx_word' id='word_1_208' title='bbox 1437 1530 1515 1550; x_wconf 79' lang='lat' dir='ltr'><strong>nova</strong></span> <span class='ocrx_word' id='word_1_209' title='bbox 1534 1523 1648 1549; x_wconf 74' lang='lat' dir='ltr'><strong>essent.</strong></span> 
     </span>
    </p>
   </div>
   <div class='ocr_carea' id='block_1_9' title="bbox 169 1588 1959 2321">
    <p class='ocr_par' dir='ltr' id='par_1_10' title="bbox 169 1588 1959 2321">
     <span class='ocr_line' id='line_1_21' title="bbox 294 1588 1958 1633; baseline -0.003 -10"><span class='ocrx_word' id='word_1_210' title='bbox 294 1594 411 1624; x_wconf 83' lang='lat' dir='ltr'><strong>Eorum</strong></span> <span class='ocrx_word' id='word_1_211' title='bbox 436 1592 536 1622; x_wconf 80' lang='lat' dir='ltr'><strong>verba</strong></span> <span class='ocrx_word' id='word_1_212' title='bbox 563 1591 646 1622; x_wconf 87' lang='lat' dir='ltr'><strong>falsa</strong></span> <span class='ocrx_word' id='word_1_213' title='bbox 673 1601 750 1622; x_wconf 88' lang='lat' dir='ltr'><strong>esse</strong></span> <span class='ocrx_word' id='word_1_214' title='bbox 777 1593 858 1623; x_wconf 89' lang='lat' dir='ltr'><strong>dicit.</strong></span> <span class='ocrx_word' id='word_1_215' title='bbox 906 1593 1012 1623; x_wconf 81' lang='lat' dir='ltr'><strong>Talem</strong></span> <span class='ocrx_word' id='word_1_216' title='bbox 1041 1593 1099 1622; x_wconf 87' lang='lat' dir='ltr'><strong>sibi</strong></span> <span class='ocrx_word' id='word_1_217' title='bbox 1128 1593 1259 1622; x_wconf 82' lang='lat' dir='ltr'><strong>animum</strong></span> <span class='ocrx_word' id='word_1_218' title='bbox 1288 1601 1367 1633; x_wconf 87' lang='lat' dir='ltr'><strong>erga</strong></span> <span class='ocrx_word' id='word_1_219' title='bbox 1393 1591 1515 1621; x_wconf 87' lang='lat' dir='ltr'><strong>Lailam</strong></span> <span class='ocrx_word' id='word_1_220' title='bbox 1542 1599 1638 1626; x_wconf 85' lang='lat' dir='ltr'><strong>esse,</strong></span> <span class='ocrx_word' id='word_1_221' title='bbox 1665 1593 1722 1629; x_wconf 88' lang='lat' dir='ltr'><strong>ut,</strong></span> <span class='ocrx_word' id='word_1_222' title='bbox 1757 1588 1784 1618; x_wconf 92' lang='lat' dir='ltr'><strong>si</strong></span> <span class='ocrx_word' id='word_1_223' title='bbox 1811 1593 1958 1628; x_wconf 81' lang='lat' dir='ltr'><strong>tanquam</strong></span> 
     </span>
     <span class='ocr_line' id='line_1_22' title="bbox 171 1650 1958 1695; baseline -0.003 -10"><span class='ocrx_word' id='word_1_224' title='bbox 171 1655 282 1686; x_wconf 82' lang='lat' dir='ltr'><strong>vetula</strong></span> <span class='ocrx_word' id='word_1_225' title='bbox 309 1655 349 1685; x_wconf 87' lang='lat' dir='ltr'><strong>ad</strong></span> <span class='ocrx_word' id='word_1_226' title='bbox 376 1655 480 1694; x_wconf 85' lang='lat' dir='ltr'><strong>ipsum</strong></span> <span class='ocrx_word' id='word_1_227' title='bbox 508 1657 654 1691; x_wconf 84' lang='lat' dir='ltr'><strong>veniret,</strong></span> <span class='ocrx_word' id='word_1_228' title='bbox 690 1664 775 1684; x_wconf 82' lang='lat' dir='ltr'><strong>novo</strong></span> <span class='ocrx_word' id='word_1_229' title='bbox 805 1663 912 1684; x_wconf 90' lang='lat' dir='ltr'><strong>amore</strong></span> <span class='ocrx_word' id='word_1_230' title='bbox 940 1654 1179 1694; x_wconf 69' lang='lat' dir='ltr'><strong>incenderetur-3</strong></span> <span class='ocrx_word' id='word_1_231' title='bbox 1218 1664 1279 1684; x_wconf 92' lang='lat' dir='ltr'><strong>non</strong></span> <span class='ocrx_word' id='word_1_232' title='bbox 1306 1655 1403 1695; x_wconf 88' lang='lat' dir='ltr'><strong>igitur</strong></span> <span class='ocrx_word' id='word_1_233' title='bbox 1428 1653 1496 1683; x_wconf 87' lang='lat' dir='ltr'><strong>fieri</strong></span> <span class='ocrx_word' id='word_1_234' title='bbox 1523 1661 1634 1692; x_wconf 88' lang='lat' dir='ltr'><strong>posse,</strong></span> <span class='ocrx_word' id='word_1_235' title='bbox 1662 1656 1697 1681; x_wconf 82' lang='lat' dir='ltr'><strong>ut</strong></span> <span class='ocrx_word' id='word_1_236' title='bbox 1724 1650 1858 1690; x_wconf 83' lang='lat' dir='ltr'><strong>puellam</strong></span> <span class='ocrx_word' id='word_1_237' title='bbox 1886 1651 1958 1689; x_wconf 88' lang='lat' dir='ltr'><strong>pul-</strong></span> 
     </span>
     <span class='ocr_line' id='line_1_23' title="bbox 169 1712 1955 1756; baseline -0.004 -9"><span class='ocrx_word' id='word_1_238' title='bbox 169 1716 273 1747; x_wconf 84' lang='lat' dir='ltr'><strong>chram</strong></span> <span class='ocrx_word' id='word_1_239' title='bbox 302 1725 410 1746; x_wconf 85' lang='lat' dir='ltr'><strong>amore</strong></span> <span class='ocrx_word' id='word_1_240' title='bbox 438 1725 499 1745; x_wconf 94' lang='lat' dir='ltr'><strong>non</strong></span> <span class='ocrx_word' id='word_1_241' title='bbox 526 1716 780 1756; x_wconf 82' lang='lat' dir='ltr'><strong>amplecteretur.</strong></span> <span class='ocrx_word' id='word_1_242' title='bbox 834 1717 935 1747; x_wconf 86' lang='lat' dir='ltr'><strong>Simili</strong></span> <span class='ocrx_word' id='word_1_243' title='bbox 961 1716 1053 1746; x_wconf 92' lang='lat' dir='ltr'><strong>modo</strong></span> <span class='ocrx_word' id='word_1_244' title='bbox 1084 1722 1180 1756; x_wconf 88' lang='lat' dir='ltr'><strong>poeta</strong></span> <span class='ocrx_word' id='word_1_245' title='bbox 1208 1716 1363 1747; x_wconf 80' lang='lat' dir='ltr'><strong>Alkohaif</strong></span> <span class='ocrx_word' id='word_1_246' title='bbox 1386 1716 1415 1745; x_wconf 95' lang='lat' dir='ltr'><strong>b.</strong></span> <span class='ocrx_word' id='word_1_247' title='bbox 1444 1715 1591 1745; x_wconf 84' lang='lat' dir='ltr'><strong>Chomair</strong></span> <span class='ocrx_word' id='word_1_248' title='bbox 1618 1714 1741 1744; x_wconf 90' lang='lat' dir='ltr'><strong>locutus</strong></span> <span class='ocrx_word' id='word_1_249' title='bbox 1767 1718 1820 1742; x_wconf 84' lang='lat' dir='ltr'><strong>est</strong></span> <span class='ocrx_word' id='word_1_250' title='bbox 1847 1712 1955 1750; x_wconf 84' lang='lat' dir='ltr'><strong>(metr.</strong></span> 
     </span>
     <span class='ocr_line' id='line_1_24' title="bbox 169 1774 1957 1820; baseline -0.003 -12"><span class='ocrx_word' id='word_1_251' title='bbox 169 1778 332 1816; x_wconf 82' lang='lat' dir='ltr'><strong>Thawil):</strong></span> <span class='ocrx_word' id='word_1_252' title='bbox 367 1777 530 1808; x_wconf 80' lang='lat' dir='ltr'><strong>Charka</strong></span> <span class='ocrx_word' id='word_1_253' title='bbox 565 1778 612 1808; x_wconf 93' lang='lat' dir='ltr'><strong>ad</strong></span> <span class='ocrx_word' id='word_1_254' title='bbox 646 1788 704 1808; x_wconf 90' lang='lat' dir='ltr'><strong>me</strong></span> <span class='ocrx_word' id='word_1_255' title='bbox 731 1778 917 1820; x_wconf 84' lang='lat' dir='ltr'><strong>legatum</strong></span> <span class='ocrx_word' id='word_1_256' title='bbox 957 1780 1090 1820; x_wconf 78' lang='lat' dir='ltr'><strong>misit,</strong></span> <span class='ocrx_word' id='word_1_257' title='bbox 1130 1783 1171 1810; x_wconf 88' lang='lat' dir='ltr'><strong>ut</strong></span> <span class='ocrx_word' id='word_1_258' title='bbox 1211 1790 1274 1810; x_wconf 90' lang='lat' dir='ltr'><strong>me</strong></span> <span class='ocrx_word' id='word_1_259' title='bbox 1314 1779 1357 1808; x_wconf 94' lang='lat' dir='ltr'><strong>in</strong></span> <span class='ocrx_word' id='word_1_260' title='bbox 1395 1788 1535 1808; x_wconf 87' lang='lat' dir='ltr'><strong>eorum</strong></span> <span class='ocrx_word' id='word_1_261' title='bbox 1564 1785 1752 1816; x_wconf 78' lang='lat' dir='ltr'><strong>numero,</strong></span> <span class='ocrx_word' id='word_1_262' title='bbox 1781 1783 1884 1814; x_wconf 84' lang='lat' dir='ltr'><strong>quos</strong></span> <span class='ocrx_word' id='word_1_263' title='bbox 1921 1774 1957 1802; x_wconf 91' lang='lat' dir='ltr'><strong>in</strong></span> 
     </span>
     <span class='ocr_line' id='line_1_25' title="bbox 171 1839 1957 1881; baseline -0.003 -11"><span class='ocrx_word' id='word_1_264' title='bbox 171 1849 361 1870; x_wconf 84' lang='lat' dir='ltr'><strong>errorem</strong></span> <span class='ocrx_word' id='word_1_265' title='bbox 388 1840 675 1880; x_wconf 83' lang='lat' dir='ltr'><strong>coniecisset,</strong></span> <span class='ocrx_word' id='word_1_266' title='bbox 711 1840 907 1881; x_wconf 80' lang='lat' dir='ltr'><strong>haberet3</strong></span> <span class='ocrx_word' id='word_1_267' title='bbox 949 1842 1026 1872; x_wconf 88' lang='lat' dir='ltr'><strong>sed</strong></span> <span class='ocrx_word' id='word_1_268' title='bbox 1062 1842 1253 1872; x_wconf 85' lang='lat' dir='ltr'><strong>Charkae</strong></span> <span class='ocrx_word' id='word_1_269' title='bbox 1281 1839 1565 1881; x_wconf 86' lang='lat' dir='ltr'><strong>pulchritudo</strong></span> <span class='ocrx_word' id='word_1_270' title='bbox 1592 1848 1674 1868; x_wconf 88' lang='lat' dir='ltr'><strong>non</strong></span> <span class='ocrx_word' id='word_1_271' title='bbox 1703 1841 1850 1877; x_wconf 86' lang='lat' dir='ltr'><strong>potest</strong></span> <span class='ocrx_word' id='word_1_272' title='bbox 1877 1845 1957 1866; x_wconf 89' lang='lat' dir='ltr'><strong>non</strong></span> 
     </span>
     <span class='ocr_line' id='line_1_26' title="bbox 173 1898 1959 1944; baseline -0.003 -12"><span class='ocrx_word' id='word_1_273' title='bbox 173 1901 324 1944; x_wconf 84' lang='lat' dir='ltr'><strong>augeri</strong></span> <span class='ocrx_word' id='word_1_274' title='bbox 351 1906 396 1931; x_wconf 83' lang='lat' dir='ltr'><strong>et</strong></span> <span class='ocrx_word' id='word_1_275' title='bbox 423 1901 458 1930; x_wconf 90' lang='lat' dir='ltr'><strong>si</strong></span> <span class='ocrx_word' id='word_1_276' title='bbox 484 1902 623 1931; x_wconf 80' lang='lat' dir='ltr'><strong>Noahi</strong></span> <span class='ocrx_word' id='word_1_277' title='bbox 650 1902 815 1943; x_wconf 89' lang='lat' dir='ltr'><strong>longam</strong></span> <span class='ocrx_word' id='word_1_278' title='bbox 844 1904 967 1934; x_wconf 84' lang='lat' dir='ltr'><strong>vitam</strong></span> <span class='ocrx_word' id='word_1_279' title='bbox 997 1904 1170 1934; x_wconf 83' lang='lat' dir='ltr'><strong>duceret</strong></span> <span class='ocrx_word' id='word_1_280' title='bbox 1198 1908 1237 1933; x_wconf 89' lang='lat' dir='ltr'><strong>et</strong></span> <span class='ocrx_word' id='word_1_281' title='bbox 1276 1911 1435 1933; x_wconf 84' lang='lat' dir='ltr'><strong>annosa</strong></span> <span class='ocrx_word' id='word_1_282' title='bbox 1461 1905 1602 1941; x_wconf 36' lang='lat' dir='ltr'><strong>“essen</strong></span> <span class='ocrx_word' id='word_1_283' title='bbox 1655 1899 1852 1929; x_wconf 74' lang='lat' dir='ltr'><strong>scholiastes</strong></span> <span class='ocrx_word' id='word_1_284' title='bbox 1878 1898 1959 1928; x_wconf 89' lang='lat' dir='ltr'><strong>hanc</strong></span> 
     </span>
     <span class='ocr_line' id='line_1_27' title="bbox 172 1959 1957 2007; baseline -0.004 -12"><span class='ocrx_word' id='word_1_285' title='bbox 172 1965 332 1996; x_wconf 83' lang='lat' dir='ltr'><strong>Charkam</strong></span> <span class='ocrx_word' id='word_1_286' title='bbox 359 1974 378 1995; x_wconf 84' lang='lat' dir='ltr'><strong>a</strong></span> <span class='ocrx_word' id='word_1_287' title='bbox 407 1970 502 2004; x_wconf 85' lang='lat' dir='ltr'><strong>poeta</strong></span> <span class='ocrx_word' id='word_1_288' title='bbox 529 1965 799 1996; x_wconf 78' lang='lat' dir='ltr'><strong>Dsu-l&#39;Rommah</strong></span> <span class='ocrx_word' id='word_1_289' title='bbox 826 1967 1046 2007; x_wconf 84' lang='lat' dir='ltr'><strong>cognominato</strong></span> <span class='ocrx_word' id='word_1_290' title='bbox 1074 1971 1210 1996; x_wconf 83' lang='lat' dir='ltr'><strong>amatam</strong></span> <span class='ocrx_word' id='word_1_291' title='bbox 1236 1964 1338 1994; x_wconf 79' lang='lat' dir='ltr'><strong>fuisse</strong></span> <span class='ocrx_word' id='word_1_292' title='bbox 1363 1973 1381 1993; x_wconf 91' lang='lat' dir='ltr'><strong>e</strong></span> <span class='ocrx_word' id='word_1_293' title='bbox 1411 1968 1509 2004; x_wconf 86' lang='lat' dir='ltr'><strong>geute</strong></span> <span class='ocrx_word' id='word_1_294' title='bbox 1536 1960 1759 1991; x_wconf 85' lang='lat' dir='ltr'><strong>Banu-Ahmir</strong></span> <span class='ocrx_word' id='word_1_295' title='bbox 1785 1961 1815 1991; x_wconf 91' lang='lat' dir='ltr'><strong>b.</strong></span> <span class='ocrx_word' id='word_1_296' title='bbox 1835 1959 1957 1990; x_wconf 79' lang='lat' dir='ltr'><strong>Rabiah</strong></span> 
     </span>
     <span class='ocr_line' id='line_1_28' title="bbox 172 2025 1957 2066; baseline -0.003 -9"><span class='ocrx_word' id='word_1_297' title='bbox 172 2028 201 2057; x_wconf 87' lang='lat' dir='ltr'><strong>b.</strong></span> <span class='ocrx_word' id='word_1_298' title='bbox 229 2026 339 2057; x_wconf 83' lang='lat' dir='ltr'><strong>Ahmir</strong></span> <span class='ocrx_word' id='word_1_299' title='bbox 365 2028 394 2057; x_wconf 91' lang='lat' dir='ltr'><strong>b.</strong></span> <span class='ocrx_word' id='word_1_300' title='bbox 422 2027 580 2058; x_wconf 87' lang='lat' dir='ltr'><strong>Zahzaah</strong></span> <span class='ocrx_word' id='word_1_301' title='bbox 615 2027 774 2058; x_wconf 87' lang='lat' dir='ltr'><strong>oriundam</strong></span> <span class='ocrx_word' id='word_1_302' title='bbox 803 2029 977 2058; x_wconf 80' lang='lat' dir='ltr'><strong>adnotavit.</strong></span> <span class='ocrx_word' id='word_1_303' title='bbox 1041 2027 1132 2066; x_wconf 83' lang='lat' dir='ltr'><strong>Quae</strong></span> <span class='ocrx_word' id='word_1_304' title='bbox 1160 2036 1252 2066; x_wconf 87' lang='lat' dir='ltr'><strong>quum</strong></span> <span class='ocrx_word' id='word_1_305' title='bbox 1278 2026 1318 2057; x_wconf 86' lang='lat' dir='ltr'><strong>ad</strong></span> <span class='ocrx_word' id='word_1_306' title='bbox 1344 2025 1549 2056; x_wconf 81' lang='lat' dir='ltr'><strong>Alkohail&#39;um</strong></span> <span class='ocrx_word' id='word_1_307' title='bbox 1575 2025 1714 2054; x_wconf 83' lang='lat' dir='ltr'><strong>misisset</strong></span> <span class='ocrx_word' id='word_1_308' title='bbox 1749 2032 1884 2064; x_wconf 83' lang='lat' dir='ltr'><strong>rogans,</strong></span> <span class='ocrx_word' id='word_1_309' title='bbox 1924 2027 1957 2052; x_wconf 88' lang='lat' dir='ltr'><strong>ut</strong></span> 
     </span>
     <span class='ocr_line' id='line_1_29' title="bbox 177 2084 1957 2130; baseline -0.004 -10"><span class='ocrx_word' id='word_1_310' title='bbox 177 2092 279 2130; x_wconf 89' lang='lat' dir='ltr'><strong>ipsam</strong></span> <span class='ocrx_word' id='word_1_311' title='bbox 317 2092 454 2121; x_wconf 84' lang='lat' dir='ltr'><strong>carmine</strong></span> <span class='ocrx_word' id='word_1_312' title='bbox 487 2091 631 2121; x_wconf 83' lang='lat' dir='ltr'><strong>laudaret</strong></span> <span class='ocrx_word' id='word_1_313' title='bbox 668 2096 701 2121; x_wconf 88' lang='lat' dir='ltr'><strong>et</strong></span> <span class='ocrx_word' id='word_1_314' title='bbox 728 2091 754 2121; x_wconf 91' lang='lat' dir='ltr'><strong>is</strong></span> <span class='ocrx_word' id='word_1_315' title='bbox 790 2101 825 2121; x_wconf 84' lang='lat' dir='ltr'><strong>se</strong></span> <span class='ocrx_word' id='word_1_316' title='bbox 852 2092 980 2121; x_wconf 82' lang='lat' dir='ltr'><strong>vetulas</strong></span> <span class='ocrx_word' id='word_1_317' title='bbox 1009 2090 1092 2121; x_wconf 88' lang='lat' dir='ltr'><strong>haud</strong></span> <span class='ocrx_word' id='word_1_318' title='bbox 1119 2089 1247 2121; x_wconf 87' lang='lat' dir='ltr'><strong>laudare</strong></span> <span class='ocrx_word' id='word_1_319' title='bbox 1275 2088 1514 2128; x_wconf 78' lang='lat' dir='ltr'><strong>respondisset,</strong></span> <span class='ocrx_word' id='word_1_320' title='bbox 1541 2096 1578 2116; x_wconf 93' lang='lat' dir='ltr'><strong>se</strong></span> <span class='ocrx_word' id='word_1_321' title='bbox 1606 2087 1633 2116; x_wconf 90' lang='lat' dir='ltr'><strong>ei</strong></span> <span class='ocrx_word' id='word_1_322' title='bbox 1661 2085 1811 2115; x_wconf 89' lang='lat' dir='ltr'><strong>ostendit.</strong></span> <span class='ocrx_word' id='word_1_323' title='bbox 1866 2084 1957 2122; x_wconf 84' lang='lat' dir='ltr'><strong>Quae</strong></span> 
     </span>
     <span class='ocr_line' id='line_1_30' title="bbox 175 2146 1958 2195; baseline -0.004 -13"><span class='ocrx_word' id='word_1_324' title='bbox 175 2162 364 2192; x_wconf 80' lang='lat' dir='ltr'><strong>quamquam</strong></span> <span class='ocrx_word' id='word_1_325' title='bbox 400 2159 523 2183; x_wconf 88' lang='lat' dir='ltr'><strong>centum</strong></span> <span class='ocrx_word' id='word_1_326' title='bbox 563 2158 595 2183; x_wconf 86' lang='lat' dir='ltr'><strong>et</strong></span> <span class='ocrx_word' id='word_1_327' title='bbox 629 2155 743 2195; x_wconf 84' lang='lat' dir='ltr'><strong>viginti</strong></span> <span class='ocrx_word' id='word_1_328' title='bbox 777 2164 877 2184; x_wconf 86' lang='lat' dir='ltr'><strong>annos</strong></span> <span class='ocrx_word' id='word_1_329' title='bbox 905 2159 978 2184; x_wconf 90' lang='lat' dir='ltr'><strong>nata</strong></span> <span class='ocrx_word' id='word_1_330' title='bbox 1011 2156 1102 2193; x_wconf 81' lang='lat' dir='ltr'><strong>erat,</strong></span> <span class='ocrx_word' id='word_1_331' title='bbox 1143 2157 1248 2182; x_wconf 84' lang='lat' dir='ltr'><strong>tamen</strong></span> <span class='ocrx_word' id='word_1_332' title='bbox 1277 2161 1349 2180; x_wconf 91' lang='lat' dir='ltr'><strong>eum</strong></span> <span class='ocrx_word' id='word_1_333' title='bbox 1377 2148 1604 2189; x_wconf 87' lang='lat' dir='ltr'><strong>pulchritudine</strong></span> <span class='ocrx_word' id='word_1_334' title='bbox 1636 2152 1725 2177; x_wconf 89' lang='lat' dir='ltr'><strong>tanta</strong></span> <span class='ocrx_word' id='word_1_335' title='bbox 1758 2146 1958 2176; x_wconf 85' lang='lat' dir='ltr'><strong>admiratione</strong></span> 
     </span>
     <span class='ocr_line' id='line_1_31' title="bbox 173 2209 1957 2256; baseline -0.006 -10"><span class='ocrx_word' id='word_1_336' title='bbox 173 2215 334 2246; x_wconf 81' lang='lat' dir='ltr'><strong>adfecisse</strong></span> <span class='ocrx_word' id='word_1_337' title='bbox 361 2215 494 2256; x_wconf 85' lang='lat' dir='ltr'><strong>dicitur,</strong></span> <span class='ocrx_word' id='word_1_338' title='bbox 536 2222 570 2246; x_wconf 93' lang='lat' dir='ltr'><strong>ut</strong></span> <span class='ocrx_word' id='word_1_339' title='bbox 597 2217 695 2247; x_wconf 88' lang='lat' dir='ltr'><strong>hosce</strong></span> <span class='ocrx_word' id='word_1_340' title='bbox 728 2227 843 2248; x_wconf 86' lang='lat' dir='ltr'><strong>versus</strong></span> <span class='ocrx_word' id='word_1_341' title='bbox 870 2221 1084 2256; x_wconf 86' lang='lat' dir='ltr'><strong>componeret.</strong></span> <span class='ocrx_word' id='word_1_342' title='bbox 1150 2215 1184 2244; x_wconf 80' lang='lat' dir='ltr'><strong>ln</strong></span> <span class='ocrx_word' id='word_1_343' title='bbox 1220 2214 1378 2244; x_wconf 86' lang='lat' dir='ltr'><strong>Mersukii</strong></span> <span class='ocrx_word' id='word_1_344' title='bbox 1413 2212 1522 2243; x_wconf 90' lang='lat' dir='ltr'><strong>codice</strong></span> <span class='ocrx_word' id='word_1_345' title='bbox 1562 2212 1631 2241; x_wconf 91' lang='lat' dir='ltr'><strong>loco</strong></span> <span class='ocrx_word' id='word_1_346' title='bbox 1660 2210 1748 2240; x_wconf 86' lang='lat' dir='ltr'><strong>vocis</strong></span> <span class='ocrx_word' id='word_1_347' title='bbox 1779 2209 1899 2244; x_wconf 49' lang='lat'><strong>5043?</strong></span> <span class='ocrx_word' id='word_1_348' title='bbox 1927 2209 1957 2236; x_wconf 90' lang='lat' dir='ltr'><strong>in</strong></span> 
     </span>
     <span class='ocr_line' id='line_1_32' title="bbox 175 2269 1958 2321; baseline -0.003 -14"><span class='ocrx_word' id='word_1_349' title='bbox 175 2286 271 2308; x_wconf 86' lang='lat' dir='ltr'><strong>versu</strong></span> <span class='ocrx_word' id='word_1_350' title='bbox 299 2275 403 2313; x_wconf 50' lang='grc' dir='ltr'><strong>ῦς»</strong></span> <span class='ocrx_word' id='word_1_351' title='bbox 441 2288 509 2308; x_wconf 88' lang='lat' dir='ltr'><strong>curn</strong></span> <span class='ocrx_word' id='word_1_352' title='bbox 540 2279 649 2309; x_wconf 84' lang='lat' dir='ltr'><strong>eadem</strong></span> <span class='ocrx_word' id='word_1_353' title='bbox 677 2280 906 2321; x_wconf 84' lang='lat' dir='ltr'><strong>significatione</strong></span> <span class='ocrx_word' id='word_1_354' title='bbox 930 2279 1056 2319; x_wconf 85' lang='lat' dir='ltr'><strong>legitur.</strong></span> <span class='ocrx_word' id='word_1_355' title='bbox 1095 2279 1173 2309; x_wconf 89' lang='lat' dir='ltr'><strong>Post</strong></span> <span class='ocrx_word' id='word_1_356' title='bbox 1195 2278 1279 2308; x_wconf 88' lang='lat' dir='ltr'><strong>hunc</strong></span> <span class='ocrx_word' id='word_1_357' title='bbox 1304 2286 1436 2306; x_wconf 88' lang='lat' dir='ltr'><strong>versum</strong></span> <span class='ocrx_word' id='word_1_358' title='bbox 1463 2275 1575 2306; x_wconf 86' lang='lat' dir='ltr'><strong>ibidem</strong></span> <span class='ocrx_word' id='word_1_359' title='bbox 1602 2274 1663 2304; x_wconf 91' lang='lat' dir='ltr'><strong>duo</strong></span> <span class='ocrx_word' id='word_1_360' title='bbox 1690 2281 1807 2302; x_wconf 88' lang='lat' dir='ltr'><strong>versus</strong></span> <span class='ocrx_word' id='word_1_361' title='bbox 1848 2269 1897 2311; x_wconf 62' lang='lat'><strong>23¹</strong></span> <span class='ocrx_word' id='word_1_362' title='bbox 1926 2274 1958 2299; x_wconf 82' lang='lat' dir='ltr'><strong>et</strong></span> 
     </span>
    </p>
   </div>
   <div class='ocr_carea' id='block_1_10' title="bbox 175 2336 1069 2382">
    <p class='ocr_par' dir='ltr' id='par_1_11' title="bbox 175 2336 1069 2382">
     <span class='ocr_line' id='line_1_33' title="bbox 175 2336 1069 2382; baseline 0.002 -13"><span class='ocrx_word' id='word_1_363' title='bbox 175 2336 276 2377; x_wconf 46' lang='lat' dir='ltr'><strong>wib</strong></span> <span class='ocrx_word' id='word_1_364' title='bbox 305 2344 390 2380; x_wconf 74' lang='lat' dir='ltr'><strong>sunt,</strong></span> <span class='ocrx_word' id='word_1_365' title='bbox 419 2342 470 2379; x_wconf 88' lang='lat' dir='ltr'><strong>qui</strong></span> <span class='ocrx_word' id='word_1_366' title='bbox 499 2340 528 2369; x_wconf 87' lang='lat' dir='ltr'><strong>in</strong></span> <span class='ocrx_word' id='word_1_367' title='bbox 555 2345 665 2370; x_wconf 87' lang='lat' dir='ltr'><strong>nostro</strong></span> <span class='ocrx_word' id='word_1_368' title='bbox 691 2342 760 2372; x_wconf 93' lang='lat' dir='ltr'><strong>loco</strong></span> <span class='ocrx_word' id='word_1_369' title='bbox 788 2352 816 2382; x_wconf 94' lang='lat' dir='ltr'><strong>p.</strong></span> <span class='ocrx_word' id='word_1_370' title='bbox 844 2345 886 2372; x_wconf 76' lang='grc' dir='ltr'><strong>οΛΙ</strong></span> <span class='ocrx_word' id='word_1_371' title='bbox 917 2342 1069 2372; x_wconf 78' lang='lat' dir='ltr'><strong>existunt.</strong></span> 
     </span>
    </p>
   </div>
   <div class='ocr_carea' id='block_1_11' title="bbox 821 2447 1310 2550">
    <p class='ocr_par' dir='ltr' id='par_1_12' title="bbox 821 2447 1310 2550">
     <span class='ocr_line' id='line_1_34' title="bbox 934 2447 1200 2483; baseline -0.011 0"><span class='ocrx_word' id='word_1_372' title='bbox 934 2447 1200 2483; x_wconf 75' lang='lat' dir='ltr'><strong>Lxxxlv.</strong></span> 
     </span>
     <span class='ocr_line' id='line_1_35' title="bbox 821 2513 1310 2550; baseline -0.01 0"><span class='ocrx_word' id='word_1_373' title='bbox 821 2515 1049 2550; x_wconf 70' lang='lat' dir='ltr'><strong>Alius</strong></span> <span class='ocrx_word' id='word_1_374' title='bbox 1088 2513 1310 2547; x_wconf 78' lang='lat' dir='ltr'><strong>dixit.</strong></span> 
     </span>
    </p>
   </div>
   <div class='ocr_carea' id='block_1_12' title="bbox 177 2575 1956 2621">
    <p class='ocr_par' dir='ltr' id='par_1_13' title="bbox 177 2575 1956 2621">
     <span class='ocr_line' id='line_1_36' title="bbox 177 2575 1956 2621; baseline -0.006 -8"><span class='ocrx_word' id='word_1_375' title='bbox 177 2581 205 2610; x_wconf 86' lang='lat' dir='ltr'><strong>I·</strong></span> <span class='ocrx_word' id='word_1_376' title='bbox 249 2581 358 2620; x_wconf 69' lang='lat' dir='ltr'><strong>Lonyo</strong></span> <span class='ocrx_word' id='word_1_377' title='bbox 381 2587 525 2621; x_wconf 63' lang='lat' dir='ltr'><strong>temporis</strong></span> <span class='ocrx_word' id='word_1_378' title='bbox 540 2586 641 2621; x_wconf 70' lang='lat' dir='ltr'><strong>spatio</strong></span> <span class='ocrx_word' id='word_1_379' title='bbox 651 2587 780 2618; x_wconf 79' lang='lat' dir='ltr'><strong>peracto</strong></span> <span class='ocrx_word' id='word_1_380' title='bbox 789 2584 901 2615; x_wconf 83' lang='lat' dir='ltr'><strong>Lailae</strong></span> <span class='ocrx_word' id='word_1_381' title='bbox 923 2594 1021 2613; x_wconf 72' lang='lat' dir='ltr'><strong>causa</strong></span> <span class='ocrx_word' id='word_1_382' title='bbox 1043 2586 1076 2612; x_wconf 79' lang='lat' dir='ltr'><strong>m</strong></span> <span class='ocrx_word' id='word_1_383' title='bbox 1098 2584 1219 2611; x_wconf 76' lang='lat' dir='ltr'><strong>deserto</strong></span> <span class='ocrx_word' id='word_1_384' title='bbox 1243 2581 1328 2618; x_wconf 79' lang='lat' dir='ltr'><strong>apud</strong></span> <span class='ocrx_word' id='word_1_385' title='bbox 1347 2582 1513 2609; x_wconf 68' lang='lat' dir='ltr'><strong>stationem</strong></span> <span class='ocrx_word' id='word_1_386' title='bbox 1529 2581 1609 2612; x_wconf 74' lang='lat' dir='ltr'><strong>steti,</strong></span> <span class='ocrx_word' id='word_1_387' title='bbox 1628 2578 1701 2607; x_wconf 78' lang='lat' dir='ltr'><strong>dum</strong></span> <span class='ocrx_word' id='word_1_388' title='bbox 1723 2576 1834 2605; x_wconf 72' lang='lat' dir='ltr'><strong>oculus</strong></span> <span class='ocrx_word' id='word_1_389' title='bbox 1850 2575 1956 2604; x_wconf 73' lang='lat' dir='ltr'><strong>mullis</strong></span> 
     </span>
    </p>
   </div>
   <div class='ocr_carea' id='block_1_13' title="bbox 911 2636 1564 2719">
    <p class='ocr_par' dir='ltr' id='par_1_14' title="bbox 911 2636 1564 2719">
     <span class='ocr_line' id='line_1_37' title="bbox 911 2636 1228 2676; baseline -0.009 -10"><span class='ocrx_word' id='word_1_390' title='bbox 911 2638 1061 2676; x_wconf 76' lang='lat' dir='ltr'><strong>lacrymis</strong></span> <span class='ocrx_word' id='word_1_391' title='bbox 1080 2636 1228 2665; x_wconf 74' lang='lat' dir='ltr'><strong>manabat</strong></span> 
     </span>
     <span class='ocr_line' id='line_1_38' title="bbox 1519 2689 1564 2719; baseline 0 0"><span class='ocrx_word' id='word_1_392' title='bbox 1519 2689 1564 2719; x_wconf 74' lang='lat'><strong>48</strong></span> 
     </span>
    </p>
   </div>
  </div>
 </body>
</html>
