2155 2892
900 144 1171 175 —508-

143 256 247 281 autem
282 259 379 279 versu
416 249 533 277 acriter
567 249 597 277 in
634 257 691 277 eos
718 247 879 278 invehitur
913 248 1039 286 diceus,
1074 253 1204 278 recente
1239 252 1381 287 tempore
1420 247 1554 278 feminas
1582 249 1687 288 gentis
1718 249 1814 281 duces
1842 261 1931 293 esse,

143 311 405 343 Ahbd-Almalici
434 319 564 339 uxorem
592 310 785 348 SValladam,
811 310 904 340 filiam
932 310 1081 340 Alwalidi
1107 311 1136 340 b.
1165 311 1256 340 Hasn
1283 317 1357 351 etc„
1373 313 1501 350 antiquo
1529 316 1672 351 tempore
1690 322 1816 352 servas,
1839 315 1932 344 Ahn-

142 373 284 403 tarahum
313 372 341 404 b,
368 371 539 401 Schaddad
566 371 812 411 significaturus.
866 371 1070 402 Ahntarahus
1099 373 1180 402 enim
1211 383 1306 413 quum
1335 383 1352 403 e
1379 383 1477 403 serva
1504 378 1598 404 natus
1625 374 1713 403 servi
1740 374 1808 405 loco
1829 376 1931 406 habe-

142 440 241 475 retur,
270 433 399 472 accidit,
436 439 468 463 ut
505 439 603 474 gente
639 433 771 472 quadam
799 434 829 463 in
857 433 1002 464 familiam
1031 435 1223 476 incurrente,
1251 440 1342 475 pater
1370 439 1478 464 contra
1505 435 1619 464 hostes
1647 436 1759 466 iterum
1787 435 1933 475 impetum

141 507 213 527 eum
245 497 350 525 facere
379 495 513 527 iuberet.
575 495 779 525 Ahntarahus
814 496 898 525 servi
931 496 1051 526 nomine
1091 497 1201 527 laesus
1238 507 1365 528 servum
1393 499 1514 527 nonnisi
1542 498 1655 528 iterum
1683 498 1764 528 bene
1790 498 1933 538 mulgere

140 566 171 592 et
198 561 295 591 ubera
323 558 464 589 camelae
491 558 591 597 ligare
621 557 793 597 respondit.
848 558 953 596 Pater,
991 559 1017 588 si
1053 558 1178 588 fortiter
1213 559 1361 598 impetum
1398 557 1541 588 facturus
1569 564 1678 600 esset,
1707 569 1776 589 eum
1804 559 1935 589 liberum

143 633 219 654 esse
246 621 398 662 promisit.
464 619 667 659 Quapropter
693 619 900 649 Ahntarahus
927 620 1046 659 impetu
1073 621 1157 650 facto
1187 631 1266 660 opes
1294 621 1435 659 direptas
1464 621 1549 650 hosti
1582 622 1706 661 eripuit.
1759 621 1863 651 Huius
1890 621 1936 651 rei

140 686 171 715 in
200 683 382 713 Moahllaka
409 680 585 710 Alintarahi
623 690 655 709 v.
693 679 738 709 63
775 689 839 718 sqq.
874 682 987 711 mentio
1026 681 1109 712 facta
1148 692 1224 711 esse
1261 686 1375 721 potest.
1442 682 1503 720 Qui
1538 693 1556 713 e
1591 689 1691 714 matre
1722 693 1818 715 serva
1840 688 1931 724 patre

141 746 247 776 Arabe
275 744 338 773 nati
368 747 468 781 erant,
484 744 609 770 nomine
633 744 739 780 cyfi-‚³19³
766 743 1003 780 appellabantur
1030 743 1149 781 (conf.
1168 754 1196 783 p.
1224 745 1261 773 Μ
1287 743 1388 781 adm).
1418 744 1492 782 Ipse
1519 743 1725 775 Ahntarahus
1750 755 1813 775 rem
1842 755 1933 776 com-

141 807 201 851 (19.
227 803 350 848 (323.)
379 804 566 835 memoravit
595 806 625 833 in
652 813 752 833 versu
779 809 935 843 sequente
962 805 1071 843 (metr.
1102 806 1249 845 Camel):
1277 806 1365 846 Ego
1399 806 1460 835 vir
1489 815 1590 844 sum,
1618 807 1734 837 cuius
1761 807 1935 838 dimidia

142 881 244 913 pars
272 880 323 899 ex
356 867 512 906 optima
548 866 698 906 gentis
737 865 849 895 Ahbs
889 871 1007 905 parte
1042 867 1247 908 originem
1287 868 1425 907 duxit,
1460 868 1552 899 dum
1589 870 1734 910 gladio
1769 875 1932 910 partem

142 935 322 965 alteram
350 928 530 959 defendo
549 933 580 958 et
605 929 634 957 in
659 928 747 958 hisce
763 929 912 958 versibus
931 929 1213 969 (metr.Redjes):
1241 932 1625 971 EgoAhntarahus
1652 936 1780 961 matre
1807 941 1935 962 serva

142 1000 266 1026 natus
303 1003 401 1023 sum.
458 991 651 1029 Quilibet
682 990 750 1019 vir
785 990 1011 1030 pudendum
1039 1001 1156 1021 snum
1185 992 1399 1032 defendit,
1428 999 1508 1025 tam
1536 995 1695 1035 nigrum
1724 1002 1841 1034 quam
1869 1003 1935 1023 ru-

140 1060 258 1089 brum.
313 1056 417 1094 Quum
445 1054 621 1085 avunculus
648 1053 821 1083 Solaimani
849 1058 882 1083 et
901 1054 1060 1092 Alwalidi,
1088 1054 1222 1085 Cholaid
1250 1056 1278 1085 b.
1301 1056 1474 1087 Alkahkah
1503 1057 1638 1088 Ahbsita
1665 1056 1756 1086 nimis
1783 1055 1935 1086 audacem

141 1132 178 1152 se
213 1120 393 1162 gessisset,
433 1127 504 1147 eum
540 1119 571 1147 in
610 1117 732 1146 lracam
769 1115 809 1146 ad
845 1116 1068 1156 Hadjdjadjum
1103 1119 1257 1148 miserunt
1291 1123 1323 1148 et
1356 1120 1406 1149 hic
1433 1129 1557 1159 quoque
1585 1120 1654 1149 eius
1690 1117 1807 1159 agendi
1843 1116 1935 1147 modo

140 1186 249 1214 laesus
278 1191 349 1211 eum
378 1180 408 1209 in
436 1179 657 1209 Chorasanam
684 1177 723 1207 ad
750 1178 964 1208 Kotaibahum
1001 1178 1029 1207 b.
1058 1178 1187 1208 Moslim
1217 1179 1329 1217 (natus
1357 1190 1438 1210 anno
1466 1181 1512 1211 49
1540 1190 1621 1211 anno
1649 1181 1695 1211 96
1724 1185 1778 1211 aut
1803 1180 1849 1210 97
1877 1188 1937 1209 oc-

142 1247 229 1277 cisus
257 1249 317 1274 est.
348 1242 463 1273 conf.
493 1241 686 1271 Ebu-Chall.
714 1242 793 1271 Nro.
819 1240 919 1280 553.)
948 1240 1107 1280 proficisci
1134 1241 1237 1271 iussit.
1284 1242 1326 1272 Et
1345 1242 1396 1272 hic
1423 1243 1493 1272 eius
1531 1242 1647 1283 agendi
1677 1241 1804 1272 modum
1832 1250 1932 1282 aegre

142 1311 248 1341 ferens
276 1307 476 1338 Hodhainum
503 1302 666 1348 (Mersuk.
692 1300 920 1344 Alhozainum)
948 1303 978 1336 b,
1005 1302 1189 1332 Almondsir
1215 1304 1354 1345 rogavit,
1382 1310 1416 1335 ut
1443 1305 1512 1334 eius
1540 1304 1706 1335 audaciam
1735 1303 1935 1343 reprimeret.

144 1371 204 1401 Hic
229 1379 308 1400 vero
338 1378 401 1397 rem
429 1367 553 1406 quidem
581 1376 642 1396 uon
670 1366 794 1395 omnino
823 1364 1016 1405 denegavit3
1044 1364 1113 1403 sed,
1150 1375 1244 1405 quum
1280 1366 1480 1405 imperatoris
1508 1367 1688 1398 avunculus
1716 1368 1768 1404 sit,
1795 1375 1832 1395 se
1859 1374 1933 1395 eum

143 1434 276 1473 primum
315 1431 397 1461 haud
433 1430 592 1460 laesurum
626 1437 699 1458 esse
735 1427 824 1458 dixit.
893 1426 1114 1468 Quapropter,
1142 1430 1177 1455 ut
1204 1426 1249 1456 rei
1275 1436 1385 1457 ansam
1413 1427 1514 1467 daret,
1545 1438 1563 1458 a
1590 1427 1743 1459 Cholaido
1771 1427 1873 1466 petiit,
1902 1429 1936 1456 ut

142 1495 352 1534 Hodliainuin,
370 1495 460 1523 cuius
489 1493 579 1521 locus
609 1491 667 1530 ipsi
696 1491 852 1520 molestus
883 1494 984 1526 esset,
1010 1489 1166 1529 abigeret.
1195 1488 1275 1519 Rem
1304 1490 1457 1528 promisit.
1487 1489 1609 1520 Accidit
1634 1489 1744 1530 igitur,
1772 1492 1817 1526 ut,
1840 1497 1935 1528 quum

142 1557 330 1588 Hodhainus
358 1556 476 1596 magna
505 1555 606 1584 fascia
634 1559 729 1593 caput
759 1554 942 1583 obvolutum
971 1552 1091 1582 habens
1119 1560 1240 1581 summo
1270 1551 1338 1581 loco
1368 1551 1451 1590 apud
1478 1550 1687 1581 Kotaibahum
1716 1549 1856 1589 sederet,
1890 1549 1940 1578 in-

143 1625 232 1650 trans
260 1618 434 1648 Cholaidus
464 1619 635 1656 principem
663 1616 894 1657 interrogaret:
924 1614 1015 1652 Quae
1042 1615 1095 1644 illa
1121 1613 1231 1643 vetula
1257 1612 1380 1642 cidarim
1408 1612 1437 1641 in
1465 1612 1568 1651 capite
1597 1611 1717 1641 habens
1745 1607 1815 1645 sitss?
1845 1609 1936 1648 Quae

142 1682 243 1712 verba
279 1679 409 1710 audiens
437 1678 635 1708 Kotaibahus
665 1678 765 1715 dixit,
804 1688 843 1707 ne
882 1678 957 1708 talia
992 1677 1091 1706 verba
1127 1677 1156 1706 in
1186 1675 1295 1704 ducem
1325 1674 1432 1715 gentis
1458 1674 1540 1704 Beer
1575 1673 1603 1703 b.
1632 1673 1743 1712 W'ajel
1771 1667 1934 1712 proferas!

143 1743 194 1774 Ad
227 1742 413 1772 Hodhainus
448 1741 492 1770 illi
528 1740 628 1769 dixit:
667 1739 693 1769 O
722 1737 880 1769 Ahbsita!
916 1738 1177 1777 quemadmodum
1213 1736 1266 1766 tibi
1295 1736 1454 1773 convenit,
1483 1729 1631 1774 loquere!
1669 1739 1701 1764 et
1726 1743 1819 1773 quum
1856 1734 1938 1763 alter

143 1805 273 1845 diceret,
301 1814 336 1834 se
362 1814 416 1833 ore
443 1804 536 1843 pleno
564 1804 741 1833 locuturum
769 1811 863 1842 esse,
903 1801 1090 1831 Ilodliainus
1118 1799 1342 1839 interrogavit,
1369 1807 1535 1837 quamnam
1563 1797 1601 1826 ob
1629 1792 1791 1827 causam?
1819 1795 1934 1835 quippe

145 1871 288 1905 tempore
316 1865 418 1894 lslami
446 1864 623 1904 pudendum
652 1869 808 1903 vestrum,
837 1868 980 1902 tempore
1008 1867 1081 1891 ante
1109 1862 1254 1891 Islamum
1283 1869 1401 1890 servus
1428 1863 1538 1888 vester
1566 1867 1627 1888 vos
1654 1858 1831 1888 sustulerit.
1872 1857 1936 1887 Alii

145 1938 210 1957 rem
238 1928 329 1957 aliter
356 1931 523 1956 narrantes
553 1935 622 1955 eum
650 1926 679 1954 in
711 1927 780 1954 rixa
807 1925 928 1954 dixisse
955 1926 1083 1958 volunt:
1108 1925 1189 1962 Vos,
1217 1934 1234 1952 o
1262 1932 1341 1964 gens
1367 1922 1468 1962 Ahbs,
1497 1920 1643 1960 pudendo
1672 1920 1823 1957 existitis,
1852 1918 1936 1959 quod

144 1990 170 2018 si
201 1990 333 2030 rigatum
361 1992 423 2024 est,
441 1997 506 2017 vox
531 1988 623 2027 rigati
651 1987 742 2024 estis,
757 1987 805 2016 sin
833 1989 964 2026 siccum,
993 1995 1053 2015 vos
1080 1987 1166 2016 sicci.
1195 1982 1533 2015 Abu-Mohammedes
1561 1981 1712 2011 Alahrabi
1738 1981 1936 2011 Namaritam

144 2050 292 2079 refellens
329 2059 416 2079 more
449 2058 507 2079 suo
542 2048 745 2088 proverbium
786 2048 929 2078 adhibuit
961 2048 1069 2078 dicens
1107 2047 1216 2088 (metr.
1254 2046 1397 2085 VVafir):
1443 2043 1618 2082 Quando
1660 2053 1744 2073 rem
1785 2042 1936 2082 perii-

146 2121 249 2142 cere
288 2111 389 2140 haud
416 2116 557 2151 potes,
602 2119 686 2139 eam
732 2110 846 2147 sine,
889 2113 928 2139 ut
969 2120 1168 2140 mensura
1203 2109 1385 2150 orgyiae
1424 2110 1521 2136 tuae
1571 2105 1743 2135 nonnisi
1783 2104 1823 2134 id
1864 2113 1934 2145 ag-

146 2174 394 2216 grediatur,
421 2173 528 2212 quod
556 2175 679 2202 vales
716 2173 872 2211 (Meidan.
899 2174 936 2202 Τ.
965 2174 1009 2202 ΙΙΙ
1036 2174 1070 2202 Ρ.
1103 2173 1117 2203 1
1148 2174 1227 2202 Nro.
1260 2170 1395 2211 1840).
1441 2169 1555 2198 Plures
1585 2176 1709 2196 errores
1736 2166 1935 2196 Namaritam

144 2237 174 2266 in
201 2236 289 2265 hisce
316 2235 463 2264 versibus
492 2235 687 2273 explicandis
715 2236 924 2265 commisisse.
966 2236 1091 2265 Versus
1119 2239 1279 2265 auctorem
1307 2232 1514 2263 Hammadum
1540 2232 1568 2264 b,
1595 2228 1808 2268 Almohallaf7
1840 2227 1933 2256 cuius

144 2307 256 2327 nomen
273 2296 403 2326 Alrabih
429 2295 683 2325 b.Ahbd-Allah
701 2296 1085 2326 Abu-MolailJarbuihta
1112 2297 1165 2336 sit,
1194 2306 1279 2336 esse,
1310 2299 1362 2336 qui
1388 2305 1506 2325 versus
1534 2300 1646 2325 contra
1675 2298 1801 2335 gentem
1819 2293 1931 2321 Banu-

145 2358 262 2388 Sohair
289 2358 319 2389 b.
348 2357 533 2397 Djadsimah
560 2357 589 2385 b.
616 2356 785 2386 Rewahah
811 2356 977 2385 Alibsitam
1005 2356 1185 2395 protulerit3
1202 2357 1349 2387 Alwalidi
1377 2362 1410 2387 et
1429 2357 1602 2386 Solaimani
1629 2358 1757 2385 matrem
1784 2362 1844 2382 non
1862 2361 1935 2382 esse

144 2420 340 2460 XValladam,
369 2419 463 2448 filiam
491 2419 660 2458 Alwalidi3
690 2418 745 2448 sed
757 2418 941 2456 Walladam,
970 2418 1061 2448 filiam
1090 2418 1234 2449 Cholaidi
1261 2420 1290 2448 b.
1309 2419 1387 2458 Djas
1415 2419 1443 2449 b.
1466 2419 1617 2448 Alharets
1644 2418 1673 2446 b.
1690 2415 1815 2445 Sohair.
1843 2415 1937 2444 Hanc

145 2491 210 2512 rem
240 2481 330 2511 alium
356 2484 481 2520 poetam
509 2481 539 2510 in
567 2491 666 2510 versu
693 2481 835 2521 satyrico
864 2485 1017 2519 sequente
1039 2481 1226 2519 respexisse
1246 2482 1351 2519 (metr.
1369 2480 1536 2520 'l'hawil):
1565 2476 1817 2508 Hobairitae
1844 2476 1935 2517 gla-

147 2543 229 2572 diis
258 2543 514 2581 lanceisque
541 2548 787 2584 regnarunt
827 2547 866 2572 et
907 2552 1006 2584 gens
1035 2542 1404 2573 Banu-l'Kahkah
1432 2541 1644 2572 odoribus
1679 2543 1720 2568 et
1745 2538 1933 2578 collyrio

147 2603 386 2644 regnavit.
