2155 2892
912 154 1174 184 -159—

145 259 199 297 qui
226 256 375 287 Malicum
401 256 428 287 b.
457 256 572 287 Sohair
586 254 756 292 occideret,
784 262 854 284 eum
875 257 985 284 eontra
1001 252 1101 292 ipsius
1121 252 1315 282 voluntatem
1331 262 1348 282 a
1365 258 1462 292 gente
1478 252 1577 292 Asad,
1603 251 1766 282 avunculis
1785 251 1931 281 Nadbnlii

146 320 248 349 virum
275 320 412 350 occisum
440 319 620 350 simulasse.
648 316 770 346 Rabilio
794 322 912 356 autem,
939 316 990 355 qui
1011 316 1073 346 isto
1089 320 1232 354 tempore
1248 314 1434 344 llodsaisalii
1451 315 1572 344 vicinus
1600 320 1702 353 esset,
1732 314 1868 354 roganti,
1896 319 1929 344 ut

146 391 250 424 ipsum
268 381 454 421 dimitteret,
482 385 548 410 tres
570 384 693 417 nocteS,
721 379 913 418 quibuscum
931 387 991 407 non
1012 382 1266 416 persequeretur,
1295 386 1468 406 concessas
1488 387 1574 406 esse.
1602 379 1760 417 'l'empore
1785 382 1930 417 praeter-

145 446 244 475 misso
260 447 384 484 equites
399 453 470 474 eum
487 442 706 482 expedis-isso,
732 442 783 481 qui
810 451 880 470 eum
896 441 922 469 si
938 441 1143 480 attingerent,
1171 438 1365 475 occiderent,
1393 439 1508 478 quippe
1525 440 1574 478 qui
1597 446 1755 479 speraret,
1786 442 1865 479 t'ore,
1893 443 1926 470 ut

146 506 281 537 bibendo
309 508 404 546 vino,
443 505 532 535 cuius
563 508 681 544 partem
709 504 860 535 residuam
887 512 997 532 secum
1026 502 1210 540 sumsisset,
1245 506 1419 540 occupatus
1447 505 1656 531 cunctaretur.
1711 503 1796 540 Spes
1824 507 1929 531 nutem

148 579 218 599 eum
245 569 372 608 fefellit,
413 577 482 597 nam
511 569 638 607 equites
667 571 897 607 persequentes
926 575 1018 605 quum
1046 565 1075 593 in
1104 567 1156 594 via
1184 564 1307 594 abiecta
1338 563 1507 601 utensilia,
1548 569 1580 592 ut
1616 563 1674 592 iter
1707 565 1931 602 accelerarent,

149 632 377 670 invenirentur,
404 635 476 670 post
506 631 597 660 triuin
627 630 747 660 dierum
776 629 913 669 spatium
941 629 1059 658 frustra
1087 627 1125 658 ad
1154 626 1385 657 llodsaitahuni
1413 625 1546 655 rediere.
1599 625 1754 654 namatus
1781 625 1808 654 b.
1838 625 1930 664 Badr.

148 694 198 732 qui
226 692 422 723 Hodsaisalio
457 692 569 722 nabitu
609 691 773 722 occidendi
807 691 971 721 consilium
1007 690 1159 729 dederat,
1195 695 1260 718 tum
1295 697 1332 718 se
1360 687 1516 718 stabilium
1545 687 1657 716 metius
1685 687 1817 715 novisse
1844 687 1931 717 dixit.

147 755 290 786 Rabihus
323 760 428 785 autem
465 760 594 795 gentem
633 755 723 785 Ahbs
757 754 796 785 ad
829 763 1000 784 occursum
1037 753 1144 793 gentis
1182 750 1323 782 Fesarah
1363 753 1585 791 congregavit.
1639 750 1739 780 Cuius
1766 749 1810 779 rei
1837 758 1932 788 quum

147 816 363 846 Hodsail'ahus
394 819 512 847 certior
540 816 644 846 factus
672 821 773 857 esset,
813 817 931 846 initium
969 815 1177 857 aggrediendi
1217 815 1337 844 faciens
1375 814 1502 843 camelis
1539 813 1659 852 potitus
1696 818 1746 842 est
1782 814 1932 849 virosque

148 877 269 908 oceidit.
322 879 401 908 Tum
429 888 511 919 gens
538 878 627 909 Alitis
655 885 781 920 gentem
810 879 952 909 Fesaruh
989 887 1144 918 aggressa
1182 877 1324 906 camelos
1367 877 1489 914 rapuit;
1530 874 1587 904 sed
1619 874 1770 903 neminem
1808 872 1932 902 oceidit..

148 941 224 971 Post
253 940 310 970 lias
339 951 391 971 res
419 948 530 982 gestas
558 952 639 983 gens
674 942 816 971 Fesarah
855 950 921 971 cum
958 942 1099 971 omuibus
1135 940 1232 979 copiis
1272 943 1380 968 contra
1415 943 1544 978 gentem
1583 937 1671 966 Alibs
1704 936 1845 976 profecta
1873 939 1933 965 est.

150 1002 242 1034 Gens
270 1003 360 1033 Ahbs
395 1005 496 1044 copiis
532 1005 675 1034 collectis
711 1014 804 1043 quum
837 1006 865 1034 in
902 1013 1042 1034 occursu
1076 1008 1195 1032 tautum
1231 1002 1447 1032 rosan-narum
1485 1011 1600 1041 agmen
1635 999 1879 1038 conspexisset,
1915 1006 1935 1026 a

149 1074 329 1106 congressu
359 1065 531 1097 abhorruit.
559 1066 639 1095 Tum
667 1065 871 1105 Djouaidibus
899 1065 1130 1096 ben-Chatifah
1151 1065 1283 1094 Ahbsita
1300 1064 1338 1094 ad
1356 1064 1514 1104 singulum
1530 1068 1691 1092 certamen
1708 1056 1777 1099 (1)-
1803 1051 1933 1096 151.)

149 1137 329 1167 provocans
357 1129 502 1169 rogavit,
541 1134 574 1158 ut
602 1138 692 1167 quem
719 1138 806 1158 arma
834 1128 1052 1170 occultarent,
1090 1129 1216 1159 Aulil'us
1251 1137 1415 1168 personam
1453 1136 1543 1156 suam
1585 1125 1735 1156 indicaret
1770 1129 1802 1153 et.
1839 1132 1933 1162 quum

153 1190 291 1220 Aulit'um
326 1192 354 1221 b.
391 1191 476 1222 Badr
511 1192 703 1232 occidisset,
747 1202 829 1233 gens
866 1191 1008 1222 Fesarah
1051 1192 1080 1221 in
1122 1191 1230 1233 sugam
1269 1201 1306 1220 se
1340 1190 1419 1219 dans
1454 1188 1546 1218 foeda
1581 1187 1672 1218 clade
1710 1185 1833 1216 adfecta
1872 1188 1931 1213 est.

151 1252 367 1283 ltodsaisahus
397 1258 499 1284 autem
528 1260 600 1294 post
627 1263 742 1296 magno
769 1264 837 1284 cum
866 1253 971 1283 studio
1001 1253 1188 1283 debellanda
1213 1258 1312 1294 gente
1339 1251 1430 1282 Ahbs
1459 1256 1637 1290 occupatus
1665 1253 1742 1278 erat.
1775 1247 1823 1276 Re
1843 1246 1934 1275 Alib-

151 1315 225 1344 sitis
255 1317 399 1347 nuntiata
425 1317 545 1347 Kaisus
572 1318 600 1347 b.
629 1317 744 1346 Soliair
774 1316 929 1347 Rabihum
957 1317 986 1347 b.
1014 1316 1102 1356 Sijad
1130 1317 1175 1346 sie
1202 1316 1359 1346 allocutus
1387 1320 1457 1344 est:
1499 1312 1581 1351 Quid
1601 1312 1655 1341 tibi
1676 1312 1705 1340 in
1728 1319 1760 1340 re
1779 1309 1935 1350 agendum

151 1374 307 1408 videtur?
333 1379 413 1409 Tum
442 1380 537 1411 alter:
573 1380 644 1421 Ego
672 1389 796 1418 censeo,
831 1380 883 1410 tibi
912 1379 1049 1409 debitum
1079 1378 1266 1409 solvendum
1297 1387 1389 1415 esse,
1427 1374 1690 1416 quemadmodum
1716 1374 1735 1402 ii
1762 1373 1938 1402 solverunt.

153 1441 196 1470 At
222 1441 338 1471 Kaisus
365 1441 463 1474 dixit:
488 1443 603 1472 Nonne
630 1452 686 1472 eos
715 1448 891 1472 excusatos
909 1442 1106 1480 habebimus,
1135 1451 1204 1471 nam
1225 1441 1314 1470 nobis
1334 1444 1470 1480 cognata
1490 1447 1571 1479 gens
1591 1441 1653 1467 est.
1706 1435 1777 1465 Nos
1797 1432 1936 1463 Auhfum

154 1503 332 1544 occidimuS,
360 1505 378 1534 ii
406 1504 564 1535 Malicum.
621 1506 690 1547 Ego
717 1505 754 1534 ad
783 1504 1014 1535 nodsaitahum
1043 1513 1092 1533 me
1117 1504 1277 1533 conferam
1306 1508 1338 1532 et
1365 1503 1392 1532 si
1414 1500 1555 1531 Auhsum
1575 1508 1630 1538 pro
1647 1498 1764 1528 Malico
1793 1498 1936 1525 occisum

153 1576 228 1596 esse
254 1567 401 1597 concedit
428 1568 584 1607 nobisque
611 1570 764 1607 camelos,
795 1577 875 1608 quas
905 1576 959 1606 pro
988 1566 1082 1596 Autifl
1111 1566 1211 1596 caede
1245 1565 1422 1604 solvimus,
1461 1562 1580 1602 reddit,
1619 1560 1648 1590 id
1685 1559 1775 1588 nobis
1816 1558 1938 1598 gratius

152 1630 220 1658 erit.
273 1629 330 1659 Sin
356 1639 433 1659 vero
461 1630 567 1660 facere
595 1634 737 1670 recusat,
768 1631 891 1660 Arabes
921 1640 980 1659 non
1009 1630 1155 1668 audient,
1195 1638 1253 1657 nos
1291 1628 1369 1656 socii
1413 1635 1522 1656 eorum
1563 1623 1693 1654 caedem
1739 1622 1937 1660 expiavisse,

155 1691 228 1722 dum
255 1693 273 1721 ii
301 1693 419 1722 socium
447 1699 590 1723 nostrum
619 1694 742 1732 impune
758 1694 951 1724 occiderunt.
1007 1694 1125 1723 Katsus
1149 1693 1244 1731 igitur
1272 1697 1302 1721 et
1332 1688 1531 1720 Olimarahus
1557 1686 1595 1716 ad
1619 1684 1850 1715 Hodsaisahum
1877 1691 1938 1710 ve—

155 1758 279 1785 nientes
308 1764 372 1785 rem
399 1760 619 1796 exposuerunt
646 1762 677 1786 et
705 1756 901 1786 hortantibus
929 1756 1066 1786 Bailiaso
1089 1755 1276 1794 Gliorabita,
1305 1763 1420 1783 socero
1447 1751 1567 1790 Malioi,
1594 1750 1663 1779 viro
1692 1749 1720 1778 in
1748 1755 1844 1788 gente
1873 1746 1938 1774 Fe-

155 1817 249 1848 sarah
278 1817 432 1858 dignitate
460 1818 619 1857 pollente,
648 1823 677 1847 et
706 1818 925 1848 Ilomaidliaho
953 1818 1116 1856 Fesarita,
1154 1819 1244 1848 cuius
1270 1816 1417 1847 avunculi
1445 1824 1526 1855 gens
1554 1813 1642 1842 Ahbs
1671 1816 1781 1849 erant,
1819 1818 1870 1838 res
1901 1816 1938 1836 eo

155 1880 314 1919 pervenit,
342 1884 375 1909 ut
401 1889 438 1909 se
470 1880 528 1910 illis
554 1880 690 1914 camelos
718 1881 909 1911 redditurum
938 1891 1014 1911 esse
1039 1881 1171 1911 diceret.
1226 1880 1300 1909 Post
1338 1884 1465 1917 autern,
1504 1885 1598 1915 quum
1635 1874 1737 1913 pullos
1778 1872 1938 1909 retineret,

156 1941 206 1980 qui
233 1941 313 1972 duos
341 1947 395 1972 aut
422 1943 515 1972 etiarn
543 1943 649 1981 plures
677 1952 777 1973 annos
805 1944 869 1972 nati
896 1950 1019 1977 essent.
1047 1945 1125 1973 haec
1156 1952 1208 1973 res
1226 1952 1322 1972 causa
1344 1945 1424 1980 erat,
1452 1949 1506 1969 cur
1521 1937 1640 1977 proelia
1656 1935 1938 1965 committerentur.

161 2006 253 2044 Quae
280 2007 385 2037 aute'rn
413 2007 440 2037 si
468 2016 647 2037 enarrarem
673 2013 726 2038 aut
753 2010 892 2038 carmina
918 2007 999 2037 hanc
1022 2007 1061 2036 ol)
1089 2014 1216 2036 causam
1245 2004 1329 2034 dicta
1357 2002 1542 2042 proferrem,
1571 1999 1600 2029 id
1629 1999 1755 2039 longius
1783 1997 1875 2026 soret.

921 2101 1185 2135 LXXXV!-

487 2156 624 2191 Cahb
647 2157 688 2190 b.
712 2156 888 2191 Sabain·
910 2154 1032 2190 (lixit
1059 2161 1126 2198 (De
1154 2159 1213 2190 hoc
1240 2162 1333 2198 poeta
1359 2157 1432 2187 vide
1460 2166 1490 2196 p.
1517 2154 1603 2193 fri.)

159 2234 186 2263 1.
208 2234 294 2274 ’,Ρεν
319 2235 413 2262 vitam
435 2233 542 2262 tuam!
562 2234 671 2271 Ohujjo
694 2234 763 2263 loca
786 2236 904 2271 stragis
926 2236 1008 2262 inter
1034 2233 1191 2277 Haesit-um
1214 2234 1244 2259 e!
1265 2230 1455 2267 Alsolajjum
1480 2237 1541 2256 non
1564 2229 1661 2255 litnui.

258 2290 394 2320 Mortem
420 2289 513 2319 istius
541 2290 598 2319 viri
625 2290 655 2319 in
682 2291 734 2320 itta
760 2290 891 2331 regione
919 2291 1170 2328 inexspectatam
1199 2287 1281 2317 dicit.
1333 2287 1443 2317 Virum
1475 2287 1503 2315 iu
1532 2285 1661 2314 deserto
1691 2283 1747 2310 iter
1776 2280 1942 2310 facientem

161 2352 216 2383 siti
241 2351 378 2392 periisse
403 2351 539 2392 legimus
564 2356 595 2381 et
624 2352 653 2381 in
682 2351 741 2382 lioc
769 2352 878 2382 mortis
907 2352 998 2382 modo
1028 2361 1127 2381 causa
1154 2349 1335 2390 quaerenda
1365 2352 1424 2388 est,
1453 2357 1507 2377 cur
1536 2352 1630 2385 poeta
1658 2345 1716 2373 ista
1744 2342 1841 2370 verba
1869 2348 1944 2379 pro-

163 2416 280 2445 tuterit.
334 2415 533 2446 scholiastes
561 2414 653 2454 dicit,
689 2415 806 2445 Kaww
835 2415 936 2444 locum
967 2424 1065 2454 esse,
1104 2415 1194 2443 cuius
1223 2414 1369 2452 superior
1399 2421 1472 2450 pars
1507 2412 1535 2438 in
1564 2408 1681 2437 ditione
1709 2406 1815 2445 gentis
1844 2400 1945 2437 Asad,

161 2477 289 2508 interior
316 2478 345 2508 in
373 2477 490 2508 ditione
517 2477 623 2517 gentis
652 2476 740 2506 Alibs
769 2483 876 2517 esse13
905 2476 1038 2516 Alsolnjj
1065 2482 1168 2506 autem
1186 2476 1406 2505 vallisnomen
1423 2481 1510 2510 esse,
1538 2471 1567 2498 in
1594 2478 1652 2508 qua
1683 2467 1810 2496 acaciae
1831 2465 1944 2504 gummi

165 2539 366 2580 proferentes
382 2541 443 2570 sint
459 2549 556 2580 prope
569 2538 769 2578 Alnibadjum
784 2535 809 2580 1)
822 2539 914 2568 sitae.
943 2539 1128 2569 Mersukius
1143 2538 1233 2577 dixit,
1249 2542 1374 2576 poetam
1390 2533 1540 2574 pluralem
1556 2534 1663 2581 {dm
1679 2528 1836 2568 posuisse,
1863 2525 1945 2564 quod

182 2630 214 2664 1)
232 2631 353 2664 Aluibadj
372 2636 414 2657 est.
431 2632 552 2663 oppidum
571 2632 596 2655 iu
614 2630 718 2655 desert-⁰
736 2623 937 2664 EgokeJlJituin
957 2632 1042 2655 Kam-
1062 2631 1134 2656 conf.
1155 2632 1230 2654 uam.
1248 2629 1278 2652 T.
1297 2628 1328 2652 ll.
1348 2628 1375 2651 P.
1393 2627 1418 2651 2.
1438 2634 1462 2657 p.
1486 2626 1545 2649 14⁶.
