2155 2892
949 130 1189 160 ..55—

181 237 282 268 manu,
307 233 340 258 et
366 229 512 270 singulos
539 237 606 259 cum
634 228 744 269 digitis
773 227 980 266 comparavit.
1033 227 1075 257 t't
1100 231 1205 258 aulem
1234 238 1355 266 manus,
1381 238 1461 268 quae
1489 230 1593 270 digitis
1622 231 1775 263 destituta
1802 239 1877 272 est,
1918 233 1958 263 nil

178 299 294 329 capere
322 296 440 330 potest,
465 291 514 320 sic.
540 295 635 330 poeta
662 289 812 319 fratribus
840 289 1024 327 destitutus,
1053 289 1094 319 nil
1121 289 1257 328 amplius
1284 290 1381 319 valet.

176 402 209 430 4.
232 401 296 430 Per
317 404 409 430 tilam
431 398 539 429 lnam!
557 399 629 436 Eyo
650 401 744 428 amici
763 402 860 427 morte
877 400 1023 437 adflictus
1038 407 1120 433 sum,
1143 400 1234 427 ciu'us
1251 398 1382 428 lascivia
1400 400 1478 429 'nihi
1493 405 1871 442 necessarinperferenda
1882 409 1958 434 em!-

275 470 316 501 [Ἰ
344 470 466 509 probet,
491 473 641 508 quantam
669 470 768 497 morte
795 468 883 497 amici
912 469 1062 498 iacturam
1089 467 1215 506 fecerit,
1252 468 1321 498 eius
1347 470 1492 500 meritum
1521 471 1550 500 in
1581 472 1682 510 ipsum
1712 477 1830 503 tantum
1859 475 1958 504 fnisse

177 533 261 573 dicit,
292 537 325 562 ut
352 533 450 571 ipsam
479 531 548 562 eius
577 531 741 561 lascivium
770 530 925 570 patienter
952 531 1034 561 serre
1061 530 1213 560 debuerit.

174 641 208 671 5.
228 641 274 671 Et
293 641 410 675 clienti,
435 642 526 669 cuius
547 642 610 668 vila
632 639 710 668 mihi
730 648 791 668 non
813 640 949 677 prodest,
973 643 1004 669 e!
1025 642 1117 669 cuius
1138 650 1223 670 mors
1244 642 1323 670 milei
1343 652 1405 671 non
1428 643 1523 681 obest,
1549 647 1694 672 servatus
1716 654 1795 673 sum.

272 710 306 739 ln
332 719 431 739 versu
458 709 563 748 priore
587 718 669 745 eum,
697 708 788 738 cuius
816 712 916 738 morte
943 708 1080 739 maxime
1107 709 1258 741 adflictus
1285 716 1374 747 erat,
1404 713 1535 742 amicum
1563 713 1805 752 appellaverat,
1834 714 1958 744 Arabes

174 773 256 803 enim
280 781 500 813 quamcunque
527 782 602 811 rem,
630 780 710 810 quae
738 771 816 811 ipsis
843 780 916 801 cara
931 774 993 812 est,
1020 771 1154 801 amicum
1182 772 1352 811 appellant,
1381 778 1414 802 ut
1442 775 1473 802 in
1499 774 1569 813 ipso
1598 774 1703 814 gladio
1731 778 1764 805 et
1787 785 1870 815 equo
1894 776 1957 805 isto

173 836 297 866 nomine
325 841 464 868 utantur.
516 835 599 866 Huic
623 835 653 865 in
680 835 740 865 hoc
765 844 866 865 versu
891 834 1092 865 clientem
1124 834 1264 873 opponit.
1326 834 1402 864 Post
1435 845 1550 866 vocem
1575 834 1671 882 &aleb
1702 840 1756 867 aut
1780 837 1878 874 aiil-5>
1902 843 1957 868 aut

171 897 296 938 &loq-9
323 897 533 937 supplendum
560 902 622 938 est,
650 903 685 928 ut
711 897 869 928 sententia
896 906 964 927 curn
991 900 1148 936 sequente
1176 897 1412 927 construetione
1439 904 1606 939 congruat.
1671 900 1703 928 In
1732 903 1830 929 metro
1858 909 1958 930 eausa

171 959 351 1000 quaerenda
378 965 440 999 est,
467 969 522 989 cur
547 968 663 989 vocem
691 959 841 988 omiserit.
894 957 1091 989 Scholiastes
1120 958 1190 988 voci
1208 970 1287 1006 &a
1305 959 1437 990 eandem
1465 960 1741 1002 significationem,
1769 972 1863 1002 quam
1881 963 1956 993 voci

171 1031 257 1068 σιμ
282 1020 329 1064 (in
355 1022 423 1052 vita
455 1018 620 1063 servatus)
651 1021 792 1052 tribuens
823 1021 862 1051 ad
890 1030 1002 1051 vocem
1030 1020 1246 1050 illustrandam
1282 1020 1430 1059 loquendi
1464 1022 1587 1052 modum
1615 1020 1702 1068 012⁴
1725 1021 1792 1052 uas
1818 1022 1858 1053 ml
1887 1023 1956 1073 &zai

175 1085 215 1114 ni.
245 1095 272 1115 e.
301 1085 389 1114 Deus
417 1084 568 1124 quendam
594 1085 624 1115 in
653 1085 719 1115 vita
745 1090 870 1125 servet,
897 1089 931 1114 ut
958 1083 1093 1124 quodam
1121 1083 1278 1123 fruatur«,
1306 1082 1472 1113 adnotavit
1490 1089 1522 1114 et
1542 1086 1638 1114 verbo
1658 1086 1835 1125 primariam
1855 1087 1957 1128 signi-

174 1159 353 1189 ficationem
381 1144 546 1198 longhm
573 1159 724 1190 erfecit
752 1159 838 1190 dedit
890 1159 1084 1198 Djeuharius
1110 1158 1272 1189 secundae
1300 1158 1420 1188 formae
1447 1145 1507 1205 Ei*
1530 1160 1663 1190 eandem
1690 1161 1956 1201 significationem

172 1221 286 1250 tribuit.
338 1221 453 1250 Mirum
489 1226 593 1251 autem
626 1227 700 1263 est,
740 1221 822 1260 quod
857 1221 1041 1251 Mersukius
1078 1221 1107 1250 in
1142 1219 1204 1249 fine
1240 1220 1334 1250 dixit:
1376 1219 1409 1256 gl
1438 1218 1515 1266 ists-tl
1549 1221 1606 1263 ὲν
1630 1222 1707 1260 &ml
1734 1222 1836 1261 Μ(
1861 1239 1957 1269 05⁶⁸)

171 1278 317 1322 „pm-2
349 1280 376 1310 εξ
412 1281 502 1332 guizi
535 1278 571 1324 3.)
610 1285 747 1320 „9042
782 1280 853 1312 aut:
878 1280 897 1311 δ’
923 1276 1024 1329 0322OE
1061 1293 1118 1313 us:
1149 1279 1219 1320 :qu
1287 1293 1303 1312 n
1316 1283 1356 1312 Et
1390 1283 1566 1322 appellavit
1604 1285 1745 1315 occisum
1783 1286 1957 1316 secundum

170 1344 316 1374 clientem
343 1345 518 1384 respiciens
546 1345 723 1386 patrueles,
751 1346 803 1385 qui
828 1346 1027 1376 commodum
1053 1355 1116 1375 non
1142 1346 1296 1385 praebent
1324 1351 1357 1376 et
1382 1346 1442 1384 ipsi
1471 1347 1600 1377 inutiles
1628 1351 1737 1388 sunt«,
1765 1358 1835 1378 nam
1863 1352 1957 1387 poeta

170 1405 231 1435 hoc
257 1406 286 1436 iu
312 1415 409 1436 versu
439 1407 553 1448 vivos,
581 1408 632 1447 qni
659 1412 775 1446 poetae
803 1408 898 1437 utiles
925 1417 986 1437 non
1015 1413 1102 1450 sunt,
1129 1414 1203 1439 ante
1233 1408 1340 1439 oculos
1367 1408 1486 1446 habuit,
1518 1408 1591 1438 dum
1615 1409 1803 1439 Mersukius
1831 1411 1956 1438 occisos

170 1468 200 1497 in
227 1467 305 1498 duas
333 1475 443 1508 partes
472 1469 596 1511 dividit,
624 1479 756 1510 quorum
784 1471 884 1501 altera
911 1477 1026 1511 poetae
1054 1472 1137 1502 utilis
1165 1478 1227 1514 est,
1256 1472 1357 1502 altera
1383 1471 1511 1502 inutilis.

983 1578 1142 1613 xvn.

344 1642 483 1678 Dixit
505 1643 701 1678 ,uotum
724 1644 764 1678 b.
787 1645 896 1687 ljas
918 1647 1124 1680 niortem
1146 1646 1330 1688 lul-jae
1351 1647 1390 1680 h.
1415 1646 1556 1688 Sijacl
1580 1647 1778 1681 deflens·

267 1727 323 1756 Ille
349 1727 437 1766 Iahja
463 1727 608 1758 dualismi
633 1731 664 1758 in
692 1729 844 1770 religione
872 1733 903 1759 et
928 1730 1028 1760 morbi
1057 1726 1182 1773 (animi)
1204 1732 1224 1763 i.
1252 1741 1280 1763 e.
1311 1730 1458 1761 haeresis
1494 1737 1669 1762 accusatus
1704 1736 1784 1762 erat.
1837 1732 1953 1761 Avun-

169 1788 261 1819 culus
293 1784 568 1819 Abu-l'Ahbbasi
591 1791 739 1821 Alsafi'ah
767 1795 835 1822 erat
871 1793 974 1822 conf.
1003 1795 1092 1824 llam.
1123 1804 1151 1833 p.
1178 1793 1248 1822 ΜΓ.
1304 1794 1403 1823 Poeta
1430 1799 1537 1824 autem
1566 1794 1668 1824 Curae
1696 1798 1789 1824 natus
1817 1798 1955 1833 tempore

170 1852 395 1891 imperatorum
424 1852 653 1893 Omajjadarum
689 1859 722 1884 et
754 1855 1005 1886 Ahbbasidarum
1045 1856 1176 1886 vivebat
1215 1862 1248 1885 et
1284 1856 1392 1896 Iahjae
1419 1859 1565 1886 continuo
1593 1858 1751 1886 consortio
1779 1856 1953 1886 fruebatur.

170 1914 308 1942 Carmen
342 1916 373 1943 in
412 1920 536 1953 tempus
576 1914 833 1945 Ahbbasidarum
867 1917 981 1947 cadere
1018 1917 1155 1947 videtur.
1215 1918 1360 1948 Pluribus
1396 1923 1500 1947 autem
1529 1918 1717 1948 carminibus
1754 1920 1848 1957 poeta
1886 1917 1954 1947 eius

170 1979 299 2004 mortem
326 1974 461 2005 deflevit
489 1974 605 2014 (conf.
632 1978 860 2009 Ebu-challik.
887 1980 949 2009 No.
970 1978 1055 2008 830.
1079 1988 1108 2017 p.
1127 1979 1180 2007 11.
1209 1978 1258 2008 ed.
1287 1980 1429 2018 u'iist.)
1468 1979 1627 2009 Abulfeda
1654 1980 1684 2008 in
1709 1980 1823 2009 Annal.
1851 1979 1887 2008 T.
1915 1979 1953 2010 11.

169 2045 198 2074 p.
229 2035 286 2065 58.
315 2040 440 2074 poetam
469 2037 593 2067 Mothih
621 2039 648 2068 b.
678 2040 768 2069 Anas
796 2049 877 2069 anno
907 2039 974 2069 170
1003 2039 1084 2068 diem
1122 2040 1251 2080 obiisse,
1287 2040 1421 2079 scripsit.
1483 2041 1637 2071 Nostrum
1665 2040 1798 2070 eundem
1827 2049 1898 2071 esse
1923 2041 1953 2070 in

170 2098 346 2127 Abull'edae
373 2108 469 2137 opere
496 2100 577 2130 falso
604 2103 772 2143 scriptum,
799 2103 903 2132 nullus
929 2103 1045 2133 dubito.

170 2209 194 2237 1.
221 2208 247 2238 0
269 2218 350 2246 qens
371 2210 460 2238 mea!
479 2210 616 2240 Multum
634 2214 707 2250 flele
727 2214 762 2242 ob
784 2223 838 2242 cor
859 2222 960 2242 meum
983 2212 1179 2242 vulneratum
1202 2215 1233 2241 et
1253 2212 1410 2250 lacrymas
1432 2222 1518 2241 meas
1536 2214 1681 2250 fluentes,
1705 2215 1829 2251 effusas.

267 2287 369 2316 Amici
396 2287 492 2316 intimi
520 2293 651 2319 mortem
679 2289 804 2320 deflens
833 2300 952 2320 uxores
989 2299 1067 2319 suas
1103 2289 1333 2329 familiamque,
1362 2290 1450 2328 (nam
1478 2291 1558 2320 hanc
1585 2289 1850 2331 significationem
1877 2289 1951 2318 voci

168 2348 225 2386 &sl
253 2348 282 2377 in
310 2358 407 2378 versu
435 2348 626 2380 tribuendam
655 2351 750 2391 puto)
774 2352 938 2392 hortatur,
979 2356 1012 2381 ut
1047 2360 1117 2381 cum
1152 2351 1220 2390 ipso
1256 2351 1373 2389 fleant,
1399 2361 1460 2390 quo
1488 2352 1658 2382 maximum
1697 2351 1836 2380 dolorem
1875 2359 1951 2380 esse

168 2410 326 2441 ostendat.
378 2410 419 2440 L't
446 2411 592 2441 solatium
618 2412 747 2443 alterius
775 2414 915 2444 dolorem
942 2413 1040 2453 levat,
1069 2414 1117 2443 sic
1145 2413 1339 2443 consortium
1367 2413 1507 2442 dolorem
1535 2418 1643 2453 auget.
1696 2413 1787 2442 Hanc
1816 2422 1883 2442 rem
1908 2413 1952 2443 ita

167 2481 204 2501 se
231 2471 357 2509 habere,
383 2472 576 2501 scholiastes
604 2482 645 2502 ex
671 2473 787 2504 Corani
813 2475 882 2506 loco
909 2476 984 2506 Sur.
1015 2475 1072 2516 43,
1101 2475 1157 2506 38.
1187 2476 1321 2514 probare
1348 2476 1426 2504 vult.
1480 2474 1631 2504 Secunda
1651 2474 1740 2503 verbi
1759 2471 1830 2520 61?
1848 2475 1950 2506 forma

167 2533 401 2563 vehementiam
428 2534 570 2572 ploratus
598 2534 723 2565 indicat.
774 2537 826 2567 Ex
850 2547 932 2568 voce
960 2535 1069 2590 ετὲὶῖ,
1096 2538 1125 2567 in
1150 2547 1211 2577 qua
1238 2536 1502 2566 homoioteleuton
1535 2544 1603 2565 cum
1639 2535 1701 2566 fine
1735 2545 1853 2566 versus
1887 2542 1949 2578 est,

167 2594 250 2626 hunc
276 2605 406 2626 versum
434 2596 462 2625 in
489 2597 576 2626 initio
604 2598 748 2627 carminis
775 2607 861 2639 esse,
889 2601 1125 2641 cognoscimus,
1178 2599 1247 2629 Viri
1276 2598 1321 2627 rei
1349 2598 1500 2628 metricae
1529 2598 1621 2637 periti
1650 2607 1712 2629 rem
1735 2609 1818 2628 mm
1838 2600 1951 2640 appel-
