2155 2892
903 116 1169 148 —138—

151 223 241 262 ritur,
268 231 328 260 ope
355 220 468 250 situlae
496 219 620 249 aliusve
647 220 693 261 rei
721 217 915 249 extraheret.
969 218 1042 247 Non
1070 218 1168 258 igitur
1191 226 1272 247 unus
1300 217 1348 245 vir
1373 216 1411 246 ad
1432 216 1492 245 hoc
1512 216 1690 255 sepulcrum
1710 216 1933 247 conficiendum

151 283 322 316 suffecisse
350 282 487 312 videtur.
540 281 659 311 Mortui
685 285 792 311 autem
819 290 954 320 pannum
976 280 1119 317 feralem,
1139 288 1232 318 quem
1251 280 1319 309 eius
1339 279 1535 309 vestimenta
1555 277 1704 319 appellat,
1731 279 1935 318 splenduisse

152 347 236 385 dicit,
265 345 406 375 defuncti
432 343 642 373 conditionem
669 343 918 384 dignitatemque
944 341 1193 382 significaturus.
1225 342 1403 381 Splendor-e
1422 346 1527 372 autern
1546 341 1630 371 color
1649 341 1739 370 albus
1756 341 1935 380 nitidusque

151 408 337 448 designatur
365 405 471 435 conf.
500 406 592 437 Ham.
622 415 652 444 p.
672 406 728 434 l⁴⁴vv
754 414 784 433 v.
817 405 845 434 1.
898 404 1047 434 Mortuus
1076 405 1188 443 pannis
1218 405 1369 435 feralibus
1398 405 1477 435 albis
1504 405 1682 446 tegebatur.
1734 405 1768 433 In
1795 404 1935 443 sepulcri

151 472 250 500 latere
285 469 381 499 fovea
417 473 486 498 erat
515 457 579 498 οὲ»
614 468 791 508 appellata,
825 468 855 497 in
889 477 982 507 quam
1020 467 1115 497 funus
1151 467 1384 498 demittebatur.
1444 468 1654 509 Sepulcrum,
1695 468 1788 508 quod,
1828 468 1880 498 illa
1905 469 1935 498 in

150 534 247 562 latere
275 532 365 562 fossa
391 531 571 571 deficiente,
599 531 629 560 in
655 530 751 560 fundo
777 530 897 560 fossam
917 529 1062 568 habebat,
1091 539 1203 559 nomen
1228 538 1356 578 &⁴5⁸²
1382 530 1537 572 habebat,
1565 531 1658 572 quod,
1687 541 1776 570 quam
1803 540 1868 560 rem
1896 540 1937 560 ex

152 599 264 624 nostro
291 604 391 624 versu
422 594 659 634 cognoscimus,
686 593 716 622 in
743 597 843 623 totum
871 593 1062 631 sepulcrum,
1089 592 1177 622 cuius
1205 602 1278 631 pars
1305 581 1369 622 Q?-
1396 597 1477 630 erat,
1503 593 1690 623 translatum
1718 598 1779 623 est.
1833 592 1938 630 Quum

154 657 325 687 defunctus
352 657 382 686 in
408 656 592 695 sepulcrum
629 656 781 685 demissus
820 665 888 685 cum
928 656 1024 685 situla
1061 656 1090 685 in
1127 660 1255 695 puteum
1295 656 1435 685 demissa
1475 661 1695 698 comparetur,
1726 656 1859 686 verbum
1883 651 1938 683 ιδ’)

151 722 246 758 poeta
272 718 421 749 adhibuit.
475 718 594 747 Similis
621 717 820 756 comparandi
856 717 968 747 modus
1003 718 1033 747 in
1070 727 1187 758 versu,
1226 728 1320 758 quem
1355 718 1546 748 scholiastes
1583 718 1766 758 adnotavit,
1801 718 1937 748 cernitur

153 781 264 819 (metr.
290 780 452 818 Thawilj:
490 779 631 809 Situla
661 780 774 819 putei
800 790 931 820 eram,
971 790 1082 819 quum
1109 777 1277 823 (anima)
1313 781 1433 810 morti
1469 790 1515 809 se
1552 780 1855 820 exposuisset,
1896 785 1937 809 et

151 843 307 882 pannis
335 842 548 885 feralibus
575 842 765 873 vestitus
794 852 898 873 eram
927 848 967 873 et
993 843 1210 873 brachium
1243 852 1367 873 meum
1398 848 1594 881 tanquam
1622 843 1815 873 cervical
1843 843 1937 872 mihi

152 909 432 946 suppositum
460 904 626 945 erat¹).*
661 906 753 944 Quod
780 910 874 945 poeta
901 906 1046 947 singulas
1073 907 1268 946 sepulturam
1297 911 1485 946 spectantes
1520 915 1573 935 res
1610 911 1791 944 enumerat,
1829 906 1858 935 in
1887 915 1937 945 eo,

153 970 254 1000 virum
282 974 434 1000 mortuum
463 970 650 1000 auctoritate
678 970 846 1010 gavissum
875 979 961 1011 esse,
989 969 1134 999 indicium
1161 969 1265 1002 video.

152 1067 183 1096 3.
207 1066 335 1096 Crassis
356 1067 506 1096 luteribus
527 1068 698 1104 praedilus,
724 1072 759 1097 ut
779 1068 859 1097 sella
879 1070 908 1096 ei
932 1070 1025 1096 ninn's
1048 1072 1185 1105 anyusta
1209 1073 1291 1097 esset
1313 1079 1350 1098 ac
1373 1071 1403 1098 si
1422 1072 1490 1098 eius
1513 1071 1572 1099 duo
1593 1069 1738 1106 stapedes
1768 1069 1803 1096 ob
1834 1068 1941 1106 lonqi-

635 1121 645 1124 ⁴
701 1124 838 1152 tudinem
861 1124 903 1152 ad
921 1127 1049 1160 puteum
1071 1127 1162 1152 stans
1184 1125 1387 1152 extendisset.

253 1192 403 1231 Corporis
430 1196 582 1222 staturam
610 1192 747 1222 defuncti
773 1193 932 1223 describit.
986 1192 1132 1223 Perfecto
1160 1198 1192 1222 et
1219 1202 1330 1222 crasso
1358 1203 1490 1234 corpore
1517 1199 1549 1223 et
1575 1194 1671 1234 longa
1698 1198 1823 1223 statura
1844 1203 1940 1232 prae-

154 1253 252 1284 ditum
279 1263 350 1283 eum
379 1253 490 1283 fuisse.
544 1253 737 1293 Djeuharius
775 1256 846 1284 voci
883 1256 984 1290 effluxi>
1020 1264 1131 1284 crasso
1170 1265 1304 1294 corpore
1338 1256 1471 1294 praediti
1507 1255 1773 1296 significationem
1812 1257 1940 1296 tribuit3

153 1315 346 1345 scholiastes
375 1325 493 1344 sensus
520 1325 637 1344 versus
664 1316 815 1346 rationem
842 1316 961 1346 habens
989 1317 1028 1347 de
1057 1320 1179 1348 crassis
1207 1318 1359 1348 lateribus
1380 1318 1495 1348 dictam
1515 1327 1590 1348 esse
1612 1319 1689 1348 vult.
1742 1318 1808 1348 Sed
1828 1327 1940 1348 vocem

156 1387 217 1406 non
244 1382 309 1407 tam
336 1377 375 1407 de
402 1387 535 1417 corpore
563 1387 672 1408 crassa
700 1388 796 1408 carne
824 1384 931 1421 tecto,
966 1380 995 1410 id
1032 1382 1113 1420 quod
1140 1382 1298 1412 Arabibus
1334 1383 1560 1421 vituperationi
1595 1386 1664 1411 erat
1691 1381 1818 1420 (conf.
1847 1381 1940 1410 Ham.

154 1451 184 1480 p,
215 1442 266 1470 tw
295 1441 315 1469 1.
346 1440 400 1470 16.
429 1446 461 1470 et
476 1451 505 1480 p.
524 1442 564 1471 *lr‘l
581 1451 613 1471 v.
631 1442 699 1481 2.),
729 1452 821 1481 quam
849 1442 888 1472 de
915 1444 1035 1473 crassis
1064 1445 1207 1483 ossibus,
1234 1445 1263 1474 in
1291 1445 1403 1484 quibus
1434 1445 1555 1474 roboris
1583 1444 1730 1474 indicium
1759 1449 1822 1484 est,
1850 1444 1942 1474 adhi-

155 1503 252 1532 bitam
279 1512 356 1532 esse
383 1508 469 1542 put0.
498 1504 533 1532 In
549 1505 706 1534 Mersukii
729 1505 844 1535 codicis
860 1507 1001 1547 margine
1017 1494 1120 1551 &ste-{5
1137 1504 1279 1544 „ssa-all
1299 1496 1404 1543 5?le
1436 1507 1600 1537 »Crassus
1618 1508 1647 1536 in
1666 1512 1809 1537 extremo
1830 1507 1942 1537 frontis

155 1567 278 1595 latere«
307 1566 434 1607 legitur.
464 1567 513 1596 De
528 1567 617 1597 sellis
640 1568 719 1597 conf.
736 1568 825 1597 llam.
841 1569 911 1597 T.1.
927 1579 956 1608 p.
974 1569 1056 1610 506,
1072 1570 1154 1600 520.
1191 1571 1322 1610 Longos
1349 1579 1475 1609 quoque
1502 1570 1529 1599 ei
1550 1570 1647 1608 pedes
1666 1570 1785 1606 tribuit,
1813 1570 1942 1608 quibus-

156 1636 228 1656 cum
255 1627 351 1668 longa
379 1628 520 1665 corporis
548 1632 670 1658 statura
705 1630 873 1661 coniuncta
907 1636 977 1671 est,
1016 1641 1096 1670 quae
1123 1632 1161 1661 ab
1190 1632 1348 1661 Arabibus
1376 1631 1522 1661 laudatur
1550 1633 1660 1670 (Ham.
1689 1642 1718 1671 p,
1747 1633 1793 1661 W?
1822 1642 1851 1660 v.
1885 1632 1942 1666 tl).

159 1688 207 1719 Ob
235 1690 462 1730 longitudinem
491 1691 591 1729 pedes
618 1701 688 1721 cum
716 1692 800 1730 sune,
829 1694 879 1732 qui
907 1695 945 1724 ab
973 1704 1085 1734 aquam
1112 1695 1276 1725 hauriente
1311 1695 1340 1723 in
1377 1698 1503 1733 puteum
1539 1695 1733 1731 demittitur,
1773 1694 1944 1733 comparati

158 1755 243 1780 sunt.
299 1751 341 1781 Ut
370 1761 436 1781 vox
464 1768 536 1804 &Aa
568 1753 690 1782 nonnisi
726 1754 765 1784 de
797 1755 954 1794 ephippiis
990 1756 1172 1797 adhibetur,
1209 1757 1257 1786 sic
1288 1758 1411 1786 nonnisi
1444 1757 1593 1796 stapedes
1626 1758 1655 1787 in
1689 1757 1836 1796 ephippio
1863 1754 1943 1799 egl-5)

158 1814 364 1852 appellantur.
417 1815 450 1843 In
477 1815 556 1844 sella
587 1816 740 1846 camelina
756 1820 816 1864 Σὲ
843 1826 958 1866 nomen
983 1819 1109 1849 habent.

956 1915 1148 1949 LXXV.

879 1980 1021 2014 Alius
1043 1980 1163 2015 «lixit
1173 1983 1219 2021 ⁹).

159 2045 226 2087 (Ι).
252 2045 392 2087 410.)
434 2050 461 2078 1.
487 2049 514 2078 O
534 2049 781 2080 Abu-Chalide!
799 2048 901 2085 Quam
920 2053 1032 2087 yravis
1054 2052 1219 2080 calamitas
1240 2056 1317 2087 erul,
1348 2062 1409 2090 qua
1429 2062 1508 2089 qens
1530 2052 1655 2081 Maalzd
1669 2054 1794 2091 adflicta
1816 2057 1865 2082 est
1887 2055 1944 2087 die,

800 2115 859 2142 quo
880 2109 913 2134 lu
934 2106 1081 2142 sepulcro
1104 2107 1246 2135 conditus
1266 2106 1324 2135 es!

262 2173 369 2203 Morte
396 2173 467 2214 viri,
496 2184 589 2213 quem
617 2175 797 2215 alloquitur,
826 2183 934 2204 omnes
961 2176 1087 2205 Arabes
1116 2175 1262 2205 adflictos
1289 2185 1365 2205 esse
1392 2173 1475 2207 dicit.
1502 2176 1529 2204 A
1543 2176 1701 2206 Maahddo
1719 2176 1781 2206 filio
1803 2175 1947 2205 Ahdnani

160 2245 257 2275 quum
284 2237 409 2266 Arabes
438 2236 589 2277 originem
617 2236 773 2277 duxerint,
803 2238 863 2267 hoc
890 2238 919 2266 in
946 2247 1044 2267 versu
1069 2248 1140 2267 eum
1169 2239 1236 2268 loco
1264 2239 1400 2268 omnium
1429 2239 1568 2269 Arabum
1596 2241 1683 2279 ponit
1710 2239 1946 2277 (Ebu-Kotaih,

163 2308 195 2336 p.
224 2294 307 2339 63).
361 2298 577 2328 construendi
605 2298 716 2328 modus
743 2299 771 2327 in
799 2308 898 2328 versu
925 2299 1008 2329 idem
1034 2299 1109 2330 mihi
1135 2301 1272 2337 videtur,
1300 2302 1351 2340 qui
1379 2302 1407 2330 in
1435 2302 1543 2331 verbis
1570 2301 1739 2331 admirandi
1767 2300 1947 2341 adhibetur,

179 2410 206 2436 1)
226 2410 306 2432 Poeta
317 2410 403 2433 aficere
415 2410 483 2440 vult,
503 2416 579 2439 quum
601 2409 625 2433 in
637 2415 727 2440 pugna
746 2409 823 2432 morti
843 2416 871 2432 se
889 2410 1068 2439 exposuisset,
1086 2417 1114 2433 se
1132 2411 1238 2440 sepulto
1257 2410 1365 2433 similem
1385 2411 1482 2440 fuisse3
1501 2417 1562 2439 spes
1580 2410 1648 2433 enim
1669 2415 1720 2432 non
1739 2412 1808 2438 erat,
1829 2409 1900 2439 fore,
1920 2411 1948 2431 ut

228 2460 308 2481 vitam
327 2459 449 2488 eriperet.
485 2459 585 2482 Vocem
603 2452 726 2492 ..94Μῷ
746 2459 885 2484 vocalibus
904 2460 1000 2488 primae
1019 2467 1147 2489 personae
1166 2461 1241 2485 adfici
1267 2465 1378 2485 metrum
1403 2469 1456 2486 non
1482 2463 1588 2492 patitur.
1624 2462 1723 2485 vocem
1743 2457 1817 2495 &⁸³²⁵
1837 2460 1947 2483 anima

228 2509 402 2537 supplendam
423 2513 495 2538 puto.

176 2553 207 2580 2)
228 2554 255 2576 ln
281 2555 350 2577 libi-n
376 2556 621 2579 Ebu-Chullikani
647 2562 742 2579 versut
771 2557 902 2580 Manzuro
928 2556 1108 2586 NomaIritae,
1128 2557 1221 2586 quibus
1248 2558 1360 2580 lasidum
1387 2559 1411 2581 b.
1436 2558 1523 2581 Mnsid
1545 2559 1676 2580 mortuum
1699 2555 1870 2585 deploraret,
1897 2556 1947 2577 ad-

226 2605 315 2634 scripti
333 2610 395 2630 sunt
417 2607 504 2630 conf.
530 2608 578 2630 No.
597 2606 653 2630 830
671 2613 693 2636 p.
715 2606 757 2632 12.
770 2608 808 2630 ed.
823 2607 960 2630 clAVust.
980 2607 1055 2630 Vixit
1066 2610 1182 2637 tempore
1193 2607 1413 2631 Abu-'1¹ammami
1431 2607 1516 2631 conf.
1537 2607 1609 2630 Ham.
1632 2613 1657 2635 p.
1675 2600 1724 2630 ΊὛΛ
1740 2624 1746 2630 .
