2155 2892
939 122 1206 152 —188—
1323 141 1337 145 -

169 224 304 255 Challik.
331 223 394 253 No.
423 220 506 251 832.
559 220 683 251 Iasidus
711 220 776 260 hic,
803 219 890 250 filius
919 221 1019 260 patris
1047 218 1138 252 &mli
1166 221 1335 262 appellati,
1364 225 1508 259 tempore
1530 215 1784 252 Ahbbasidar'um
1817 233 1836 253 a
1869 227 1964 264 gente

167 285 306 316 Hanisah
333 284 459 314 occisus
488 288 541 313 est
570 283 677 314 conf.
706 283 800 313 Ham.
829 292 859 323 p.
887 283 946 312 0⁶l·.
998 284 1104 314 Mater
1137 285 1300 323 poetriae,
1338 285 1428 314 cuius
1464 284 1529 314 filia
1554 284 1793 323 appellabatur,
1822 295 1839 315 e
1865 291 1964 327 gente

167 347 347 378 Iemanensi
367 343 430 393 5112
457 346 590 378 oriunda
616 352 696 378 erat.
750 347 825 378 Vox
852 343 941 392 gii-[23
970 357 988 377 a
1015 356 1076 386 qua
1102 357 1216 377 nomen
1244 347 1423 377 derivatum
1461 356 1538 377 esse
1574 347 1700 388 dieunt,
1735 347 1827 378 lactis
1863 350 1965 380 crassi

168 408 377 439 conditionem
405 407 563 450 designat.
616 409 674 439 Sic
701 409 731 439 in
758 418 859 439 versu
890 411 984 439 metri
1009 409 1123 442 Sarih:
1165 409 1387 440 Venerunt
1417 409 1464 439 ad
1491 414 1532 439 te
1559 409 1709 440 cameli
1735 415 1964 449 portantes

168 470 509 501 medicamentum
536 472 678 502 alvum
706 473 910 512 solvens,
947 482 1092 512 aquam
1120 481 1136 502 e
1164 473 1252 502 luto
1279 476 1484 512 promtam
1511 473 1548 511 (i.
1581 483 1609 502 e.
1635 472 1841 502 celeriter
1867 483 1966 503 ven-

166 538 273 563 trem
307 534 584 573 solventem).
613 534 810 574 Djeuharius
836 545 863 565 s.
890 545 922 565 v.
951 534 1024 577 3.»
1056 544 1188 564 versum
1216 535 1300 565 hunc
1333 534 1507 564 adnotavit.
1560 535 1649 564 Loco
1676 535 1767 564 voeis
1788 546 1847 581 5⁶²
1872 534 1967 565 habet

166 607 267 636 φαμι.
325 596 384 625 Pro
404 599 530 627 nomine
545 598 674 636 Sainab‚
689 598 771 636 quod
791 598 873 628 haud
891 598 1070 628 derivatum
1089 601 1150 637 est,
1166 599 1260 626 etiam
1280 595 1409 625 Sanbah
1428 595 1548 633 (licitur.
1578 595 1808 626 Grammaticus
1828 596 1967 627 Tsahlab

167 652 471 688 Abu-l’Ahbbasum
499 663 660 690 auctorem
691 660 792 690 citans
821 659 972 698 quendam
1000 659 1123 688 dixisse
1149 659 1263 688 refert:
1293 658 1380 687 Deus
1408 658 1536 687 amitam
1564 668 1664 688 meam
1685 657 1815 688 Sanbah
1841 659 1966 689 miseri-

168 719 276 750 cordia
303 721 388 751 beet.
440 719 520 751 Eam
551 722 696 752 edentem
723 732 784 752 non
812 722 986 761 conspexi,
1022 721 1083 751 nisi
1120 730 1215 761 quum
1254 730 1335 760 pone
1364 730 1433 750 eam
1460 721 1617 751 hominem
1644 726 1782 752 stantem
1809 727 1965 762 putarem,

169 783 220 813 cui
249 784 352 814 cibum
381 785 572 826 porrigeret.

172 855 200 884 I.
246 855 385 885 Arbores
408 855 486 885 Atsl
514 856 607 885 vallis
639 856 748 886 Alalcilr
778 859 809 885 in
841 858 1000 886 vicinitate
1029 867 1097 885 mea
1122 860 1364 894 perseverantes
1391 858 1494 893 rideo,
1526 858 1599 886 dum
1622 859 1798 896 inforitem'a
1821 859 1966 888 Iasidum

963 913 1179 949 perdiderunt.

269 980 439 1021 Quen-itur,
468 980 550 1020 quod
579 980 661 1010 aliae
690 990 763 1018 τες,
793 990 872 1020 quae
899 983 929 1010 ei
959 982 1060 1011 minus
1088 981 1173 1011 cordi
1201 982 1282 1019 sint,
1312 982 1495 1012 immutatae
1525 984 1715 1022 manserint,
1753 982 1822 1013 dum
1857 983 1965 1024 frater,

171 1053 262 1082 quem
290 1043 320 1072 in
347 1052 472 1072 summo
500 1053 605 1073 amore
633 1043 780 1082 haberet,
809 1044 969 1074 interierit.
1024 1045 1247 1085 scholiastes,
1286 1056 1355 1075 eam
1388 1050 1524 1084 putasse
1560 1045 1658 1082 dixit,
1693 1045 1829 1074 omnium
1865 1054 1966 1075 rerum

170 1112 287 1137 statum
316 1111 415 1136 morte
443 1106 551 1137 fratris
582 1107 632 1136 sni
660 1112 813 1137 mutatum
841 1108 886 1136 iri.
940 1107 1030 1145 Quae
1057 1112 1163 1137 autem
1191 1117 1243 1137 res
1264 1117 1357 1146 quum
1377 1107 1468 1137 aliter
1487 1107 1660 1146 accideret,
1691 1117 1760 1137 eam
1781 1111 1963 1148 gementem

170 1170 232 1199 ista
259 1170 359 1199 verba
387 1169 573 1208 protulisse.
627 1169 786 1198 Arborum
816 1166 1095 1211 Atsl,(tamarieis
1131 1170 1291 1200 orientalis
1325 1166 1461 1212 Forsk.)
1497 1171 1621 1200 nonnisi
1657 1171 1846 1200 mentionem
1881 1170 1968 1208 fecit,

170 1232 256 1272 quod
284 1231 366 1261 istae
397 1232 528 1261 arbores
556 1231 585 1260 in
613 1232 696 1261 valle
726 1232 836 1261 Ahkik
864 1232 923 1270 ipsi
960 1234 1140 1271 propinqua
1174 1231 1357 1271 frequentes
1391 1237 1490 1262 erant.
1552 1233 1661 1263 Ahkik
1699 1243 1793 1273 quum
1833 1234 1968 1273 plurium

172 1296 301 1325 vallium
329 1305 443 1325 nomen
473 1296 512 1324 sit
539 1294 664 1332 (conf.
695 1294 801 1323 Abulf.
831 1293 954 1334 Geogr.
984 1304 1013 1333 p.
1040 1295 1068 1323 v‘l
1089 1295 1166 1334 sq),
1193 1295 1388 1324 scholiastes
1407 1295 1520 1325 vallem
1541 1295 1702 1325 inditione
1721 1297 1828 1337 gentis
1844 1297 1966 1338 Ahmir,

171 1356 210 1387 ad
238 1357 363 1396 Hidjasi
396 1357 592 1396 provinciam
621 1356 828 1395 pertinentem
857 1365 933 1385 esse
961 1355 1136 1386 adnotavit.
1189 1357 1284 1387 Plura
1312 1356 1351 1386 de
1378 1358 1514 1387 vallibus
1550 1358 1597 1387 sic
1631 1358 1798 1398 adpellatis
1837 1359 1911 1389 vide
1938 1361 1967 1389 in

168 1420 440 1450 Ebu-Challikani
469 1429 566 1459 opere
594 1419 656 1448 No.
684 1418 754 1448 832
788 1417 860 1447 fine.
913 1418 989 1448 Vox
1016 1415 1139 1463 25„ss
1166 1428 1236 1449 cuin
1263 1428 1347 1448 voce
1374 1415 1444 1464 01³?
1471 1428 1569 1450 sensu
1598 1421 1819 1462 coniungenda
1848 1426 1908 1463 est,
1936 1429 1968 1452 et

170 1491 236 1511 vox
275 1483 358 1518 affin
397 1482 466 1512 loco
505 1480 637 1511 secundi
674 1480 789 1510 obiecti
825 1480 918 1510 verbi
953 1478 1015 1525 45)
1050 1484 1109 1510 est,
1173 1481 1315 1511 Similem
1352 1481 1463 1510 sensui
1502 1490 1630 1512 versum
1669 1487 1854 1522 sequentem
1892 1493 1967 1513 esse

170 1545 460 1584 (metr.Thawil):
498 1545 657 1575 Dicunt
695 1544 822 1582 Hizn,
860 1549 937 1573 tum
966 1553 1102 1573 eorum
1131 1546 1293 1574 animae
1330 1544 1489 1585 nolunt,
1525 1548 1564 1574 et
1601 1545 1801 1584 quomodo
1837 1546 1968 1585 Hizn,

170 1607 259 1637 dum
288 1612 452 1637 montes
483 1607 751 1637 inclinantes
779 1603 907 1636 sunt?
944 1607 1045 1636 Poeta
1072 1606 1179 1636 dicere
1206 1607 1318 1647 voluit,
1347 1616 1403 1637 eos
1421 1607 1559 1637 Hiznum
1582 1613 1738 1638 mortuum
1758 1618 1835 1638 esse
1854 1614 1967 1647 putare

170 1670 325 1711 noluisse,
354 1680 448 1709 quum
475 1670 718 1700 resurrectionis
747 1668 948 1698 advenientis
976 1674 1103 1708 tempus
1131 1679 1191 1699 non
1219 1669 1393 1709 vidissent3
1423 1672 1575 1709 putabant
1603 1672 1697 1708 enim,
1727 1672 1862 1702 futurum
1878 1682 1967 1713 esse,

173 1738 205 1762 ut
234 1738 360 1762 montes
397 1738 500 1763 morte
534 1733 630 1762 llizni
666 1738 860 1762 imitentur.«
925 1732 1024 1761 Simili
1057 1732 1148 1761 modo
1181 1732 1264 1761 lasid
1292 1733 1320 1761 b.
1351 1732 1475 1763 Rabiah
1504 1734 1531 1763 b.
1561 1734 1734 1775 Moffarigh
1758 1735 1966 1775 Hinijarita¹]

172 1795 252 1825 dixit
279 1792 386 1837 (metr.
409 1793 553 1837 Camel):
581 1796 747 1825 Ventus
775 1795 917 1834 plorat
944 1794 980 1823 in
1008 1803 1202 1823 moerore
1227 1804 1300 1824 suo
1329 1801 1367 1825 et
1396 1795 1542 1836 fulgur
1571 1797 1606 1826 in
1634 1798 1739 1827 nube
1767 1804 1967 1828 coruscat

170 1853 238 1894 (112
265 1852 405 1895 469.)
433 1863 474 1887 et
507 1867 586 1898 ego
621 1857 797 1887 Boi-dum
834 1856 1038 1897 (servum)
1076 1857 1260 1888 vendidi.
1322 1858 1485 1889 Utinam
1513 1868 1591 1900 ego
1619 1860 1755 1889 Bordo
1783 1861 1965 1890 absente

170 1920 273 1950 bubo
303 1920 339 1958 (i.
368 1930 396 1949 e.
427 1921 640 1959 mortuus)
668 1914 757 1950 sim!
794 1920 811 1949 i.
843 1930 870 1949 e.
900 1918 967 1949 Cur
1002 1919 1127 1949 Bordus
1165 1919 1313 1950 venditus
1350 1925 1423 1960 est,
1466 1922 1538 1951 dum
1574 1922 1815 1952 resurrectionis
1845 1928 1968 1961 tempus

173 1991 234 2010 non
260 1982 360 2019 venit,
389 1986 424 2010 ut
451 1987 569 2011 ventus
598 1986 631 2010 et
659 1981 766 2022 fulgur
794 1981 898 2010 abeat.

171 2054 201 2081 2.
231 2053 342 2081 Virum
354 2055 442 2081 modo
453 2054 744 2091 ylacliiformalnm,
759 2062 821 2082 non
835 2056 1032 2089 emaciatum,
1048 2057 1136 2084 cuius
1149 2065 1248 2094 neque
1257 2058 1369 2091 pectus
1387 2063 1485 2092 neque
1497 2064 1702 2084 mammarum
1716 2065 1789 2084 caro
1802 2057 1880 2086 lasea
1892 2061 1967 2085 erat.

270 2122 341 2152 Viri
369 2132 486 2161 corpus
515 2132 582 2152 cum
610 2122 716 2163 gladio
745 2132 933 2162 comparans
963 2123 1090 2163 laudat3
1128 2125 1187 2155 sed
1223 2124 1304 2154 idem
1338 2133 1456 2152 versus
1485 2124 1578 2153 Ham.
1608 2134 1636 2163 p.
1665 2123 1709 2153 ἢν
1735 2128 1878 2155 occurrit.
1934 2127 1967 2155 ln

171 2185 291 2215 scholio
319 2186 400 2215 alter
429 2186 555 2226 legendi
584 2187 696 2216 modus
725 2183 856 2227 alq>lgl9,
894 2189 946 2226 qui
972 2189 1003 2216 in
1030 2188 1188 2216 Mersukii
1216 2186 1325 2216 codice
1353 2187 1381 2215 in
1409 2190 1500 2215 textu
1531 2189 1688 2226 reperitur
1716 2193 1749 2218 et
1775 2188 1805 2217 in
1831 2188 1966 2218 Tebrisii

171 2247 279 2278 codice
288 2249 529 2287 superscriptus
541 2254 601 2287 est,
615 2250 792 2288 explicatus
803 2255 864 2288 est,
876 2250 990 2290 quippe
1001 2256 1102 2281 totum
1114 2251 1257 2280 scholion
1268 2260 1309 2280 ex
1321 2250 1477 2279 Mersukii
1490 2253 1716 2281 commentario
1727 2251 1902 2280 desumtum
1912 2251 1964 2281 sit.

170 2332 201 2361 3.
227 2332 330 2368 Quum
353 2333 493 2370 hospites
517 2334 729 2368 adveniebant.
755 2335 856 2363 durus
878 2344 954 2371 erya
973 2334 1129 2372 familiam
1153 2337 1229 2369 erat,
1256 2336 1290 2361 ul
1311 2333 1414 2361 ahena
1437 2334 1688 2370 ‹iss-ponerentur.

270 2403 340 2432 Hoc
367 2402 396 2431 iu
423 2412 523 2432 versu
551 2412 705 2433 summam
733 2403 792 2432 viri
819 2403 1070 2441 hospitalitatem
1099 2407 1130 2432 et
1157 2401 1319 2442 studium,
1347 2412 1407 2441 quo
1444 2402 1588 2442 hospites
1625 2403 1808 2442 exciperet‚
1845 2403 1962 2444 laudat„

172 2464 255 2503 quod
282 2469 400 2495 tantum
430 2469 517 2504 erat,
556 2469 589 2494 ut
624 2465 655 2494 in
689 2465 788 2504 ipsam
817 2465 966 2496 familiam
994 2466 1072 2496 dure
1099 2476 1136 2495 se
1161 2469 1309 2506 gereret,
1346 2475 1408 2506 quo
1440 2467 1574 2496 celerius
1602 2465 1828 2504 hospitalitatis
1856 2465 1959 2496 officio

172 2525 356 2567 satisfieret,
383 2531 416 2557 ut
445 2528 530 2557 cibus
559 2533 815 2567 praepararetur.
869 2528 911 2558 Et
938 2528 1020 2558 idem
1048 2539 1165 2559 versus
1193 2529 1285 2560 Ham.
1313 2540 1342 2569 p.
1368 2529 1413 2559 Ἠν
1441 2529 1586 2561 occurrit.

188 2607 214 2634 l}
236 2608 272 2631 De
291 2613 366 2637 poeta
385 2611 508 2634 conseras
527 2611 757 2635 Ebu-Challikaui
776 2619 845 2642 opus
865 2613 914 2636 No.
935 2614 998 2638 831.
1034 2615 1112 2637 Anno
1133 2615 1167 2637 69
1188 2611 1304 2644 Hedjrae
1323 2616 1443 2637 mortuus
1462 2619 1518 2635 esse
1537 2611 1642 2634 dicitur.
