2155 2892
895 116 1162 146 —422-

138 218 258 248 Waw
285 215 386 246 locum
416 215 505 245 vocis
532 226 577 259 ψ)
605 219 693 245 tenet
718 219 751 245 et
782 214 863 245 hanc
894 216 932 245 ob
960 225 1088 246 causam
1115 216 1276 257 genitivus
1303 218 1457 256 sequitur.
1494 218 1610 248 Verbis
1638 218 1743 259 &⁹9²³
1762 206 1814 260 (³3oe
1831 226 1920 263 ,Μ

137 278 274 309 indicare
301 278 390 318 vult,
429 277 512 307 illam
542 278 807 317 vituperationem
839 279 1017 308 continuam
1045 288 1120 308 esse
1147 283 1179 309 et
1205 288 1224 309 a
1250 279 1404 310 matutino
1432 285 1575 320 tempore
1602 291 1658 321 per
1685 282 1765 314 diem
1793 285 1918 316 durare.

136 388 167 415 2.
211 385 297 421 Quid
315 387 455 414 criminis
475 387 553 414 mihi
574 390 630 420 est,
654 388 685 415 si
705 389 821 415 terram
842 388 946 424 yentis
969 396 1056 415 meae
1076 397 1145 415 amo
1167 390 1197 415 el
1218 391 1389 418 tamaricen
1414 390 1474 419 loci
1489 390 1688 420 Alkozaibull
1712 393 1780 421 odio
1803 393 1920 423 habeo?

247 454 367 485 Contra
394 454 662 494 vituperationem
689 459 837 494 tanquam
865 456 1014 486 iniustam
1041 465 1078 485 se
1106 455 1262 495 defendit,
1300 467 1438 488 amorem
1466 462 1587 498 patriae
1614 466 1745 491 naturae
1781 462 1919 493 innatum

136 527 212 548 esse
239 517 357 548 dicens.
391 518 426 547 In
453 523 543 548 textu
571 518 725 548 Mersukii
752 519 821 548 loco
845 520 934 549 verbi
962 522 1079 557 μωὲρὶ
1107 519 1223 560 legitur
1250 517 1371 557 Qun->i
1398 520 1525 563 (amo)3
1553 523 1610 553 sed
1638 524 1667 553 in
1695 524 1815 554 scholio
1840 535 1918 555 ver-

135 582 206 612 bum
239 580 360 619 gamit-,il
394 582 583 621 explicatum
623 587 684 612 est.
746 584 820 614 Vox
856 578 939 627 εὕρ)
971 593 1085 612 nomen
1124 583 1245 613 arboris
1273 587 1324 612 est
1351 587 1484 621 quatuor
1510 587 1636 623 species
1666 589 1919 627 complectentis,

135 653 262 683 quarum
288 654 348 674 una
377 646 510 675 tamarix
538 646 696 676 orientalis
723 647 811 686 (ῥεῖ)
839 652 890 678 est
925 647 1050 685 (conf.
1077 646 1169 676 Kam.
1208 646 1304 675 Ture.
1344 649 1374 675 et
1402 645 1578 686 Forskal.).
1608 649 1773 679 Kozaibah
1802 660 1915 680 nomen

135 706 196 736 loci
229 706 258 735 in
295 706 426 748 regione
453 708 621 738 Jemamah
648 709 750 749 gentis
778 709 878 749 Taim,
907 708 1013 748 Ahdijj
1042 713 1075 738 et
1100 709 1203 738 Tsaur
1231 709 1330 747 (quae
1357 718 1432 748 pars
1459 710 1566 750 gentis
1594 710 1820 741 Ahbd-Manat
1846 714 1916 751 est)

135 773 168 797 et
194 768 251 798 loci
278 769 358 799 iuter
384 769 509 800 Janboh
537 774 569 800 et
596 770 735 801 Chaibar
763 776 794 801 et
820 770 882 800 loci
909 770 939 800 in
965 772 1097 811 regione
1124 770 1261 800 Bahrain
1287 780 1376 811 esse,
1403 771 1433 800 in
1460 771 1593 801 Kamusi
1620 780 1716 811 opere
1747 774 1893 814 legimus,

134 880 166 908 3.
209 878 248 909 Si
269 882 378 908 ventus
406 881 500 909 verba
532 882 652 910 occulta
685 881 782 919 leyali
801 881 966 918 diliyenter
983 881 1220 917 percunctantis
1246 881 1422 919 perferret,
1444 890 1514 910 cum
1545 880 1664 910 Austro
1693 884 1726 910 in
1755 885 1803 911 via
1836 885 1916 912 inter

721 939 841 965 montes
863 936 1043 965 clanculum
1065 936 1188 965 loculus
1210 946 1320 964 essem.

208 1004 316 1043 Optat,
346 1009 379 1035 ut
406 1014 462 1035 sua
489 1005 589 1034 verba
615 1004 654 1034 ad
682 1004 802 1034 amicos
832 1005 1043 1044 perveniant3
1061 1005 1119 1035 sed
1147 1004 1196 1043 qui
1224 1004 1365 1034 nuntium
1393 1004 1534 1044 perferre
1561 1008 1676 1045 possit,
1698 1016 1736 1037 se
1761 1009 1915 1038 neminem

132 1067 259 1097 habere.
312 1067 385 1097 Vox
411 1077 494 1112 6>2
511 1066 548 1096 de
575 1066 698 1096 indiciis
725 1071 803 1097 nutu
828 1071 860 1097 et
886 1076 1034 1097 sermone
1061 1068 1181 1097 occulto
1210 1071 1242 1096 et
1268 1066 1350 1096 haud
1376 1067 1460 1096 claro
1488 1066 1582 1097 factis
1610 1067 1786 1108 adhibetur,
1814 1069 1914 1108 qualis

131 1131 266 1160 amantis
295 1134 355 1167 est,
383 1130 435 1168 qui
461 1139 526 1159 rem
554 1139 641 1159 suam
670 1130 828 1160 occultare
854 1130 934 1163 vult.
988 1131 1065 1160 Vox
1091 1133 1175 1177 63²>
1203 1131 1410 1168 importunum
1437 1133 1471 1159 et
1494 1129 1624 1160 multum
1652 1130 1691 1161 de
1718 1141 1751 1162 re
1778 1132 1915 1162 interro—

135 1199 262 1236 gantem
289 1194 469 1235 significat3
486 1193 544 1223 sed
572 1202 664 1233 quum
694 1193 764 1223 talis
791 1193 918 1234 legatus
944 1194 973 1223 in
1001 1204 1045 1232 re,
1073 1203 1163 1233 quam
1190 1193 1319 1222 mittens
1339 1191 1497 1221 occultare
1522 1192 1601 1230 vult,
1626 1192 1709 1222 haud
1737 1197 1916 1234 conveniat,

132 1251 326 1296 (2612.)
358 1256 464 1295 potius
491 1256 592 1285 altera
620 1256 710 1286 vocis
738 1256 929 1297 significatio
958 1255 1248 1296 perspicacis,
1266 1256 1329 1284 rei
1356 1254 1516 1284 omnino
1543 1258 1668 1296 gnari
1694 1253 1794 1298 (quie
1813 1257 1915 1297 signis

130 1319 224 1349 factis
251 1318 387 1348 nuntium
411 1318 472 1347 iam
499 1318 683 1358 cognoscit)
718 1317 927 1357 praeferenda
955 1318 1093 1348 videtur.
1156 1318 1304 1348 Poetriae
1337 1317 1469 1356 patriam
1503 1326 1597 1356 quum
1629 1318 1715 1348 venti
1749 1318 1911 1348 Australis

131 1380 319 1410 mentionem
357 1379 489 1419 fecerit,
528 1388 648 1408 versus
691 1379 947 1419 Septentrionem
975 1380 1068 1409 sitam
1098 1389 1174 1409 esse
1202 1379 1354 1409 coniicere
1382 1378 1465 1408 licet.
1495 1379 1538 1408 Et
1563 1380 1655 1409 verbi
1681 1375 1795 1416 cavei>ss
1823 1389 1913 1422 usus,

136 1452 204 1472 eam
230 1441 371 1471 nuntium
400 1442 563 1471 occultare
593 1441 695 1482 velle,
735 1441 861 1474 iudicat.
922 1442 955 1471 ln
981 1441 1138 1472 Mersukii
1167 1440 1286 1481 codice,
1315 1450 1331 1470 e
1359 1449 1419 1478 quo
1446 1440 1589 1470 scholion
1615 1445 1750 1471 sumtum
1778 1446 1841 1483 est,
1868 1442 1914 1472 sic

130 1505 269 1546 legitur:
297 1493 404 1551 6235,
429 1501 555 1552 &9955
573 1505 624 1545 &a
646 1493 756 1546 ῳθᾴὲὶ
784 1516 843 1555 εὑ
871 1496 1163 1554 ψ))ὶ..ω.5ι’λὲὶ,οὸ«λ.ο
1188 1500 1304 1541 &2049
1332 1504 1418 1548 &mse
1437 1512 1508 1548 515>
1536 1501 1599 1530 vol
1629 1500 1802 1548 1:5905-,3
1829 1501 1914 1545 ³3:3³⁴?

1267 1552 1360 1601 ‚3235
1387 1563 1414 1602 3
1438 1560 1563 1611 gii-„2552”
1593 1563 1705 1605 gall,
1734 1588 1739 1594 .
1770 1590 1777 1597 .

130 1663 162 1692 4.
206 1663 311 1701 Eique
333 1664 510 1694 dia-issem:
535 1664 588 1693 Ad
606 1674 658 1692 eos
681 1666 825 1693 nuntium
848 1674 949 1693 meum
969 1664 1076 1702 perfer
1096 1671 1196 1700 neque
1217 1671 1287 1690 enm
1311 1657 1484 1701 sdt‘uturna
1508 1661 1563 1689 tibi
1580 1661 1720 1698 felicitas
1737 1660 1818 1701 sill)
1842 1673 1913 1692 cum

911 1721 996 1746 terra
1018 1715 1138 1744 misce!

225 1788 366 1818 Ventum
394 1795 430 1815 se
458 1787 669 1817 allocuturum
697 1786 798 1816 fuisse
827 1786 910 1816 dicit.
976 1786 1102 1815 Ventus
1131 1786 1160 1814 ei
1188 1785 1254 1814 loco
1283 1793 1440 1823 personae
1467 1788 1519 1813 est
1545 1789 1577 1814 et
1604 1784 1683 1815 hanc
1710 1786 1748 1814 ob
1777 1794 1910 1815 eausam

127 1853 207 1882 bene
235 1854 347 1890 optans
378 1848 546 1879 »diuturna
571 1854 626 1879 tua
652 1849 788 1879 felicitas
815 1844 901 1878 siti«
932 1848 1021 1878 dixit.
1074 1847 1182 1877 Verba
1206 1848 1395 1876 sententiam
1423 1846 1636 1876 intermediam
1663 1846 1815 1878 efficiunt.
1855 1846 1910 1877 Si-

128 1914 229 1944 milem
266 1917 362 1953 poeta
388 1912 418 1941 in
454 1916 609 1951 sequente
637 1921 735 1941 versu
774 1911 914 1941 adhibuit
941 1910 1049 1949 (metr.
1083 1908 1246 1947 'rhawil):
1290 1907 1526 1939 Cunctatio
1566 1914 1734 1947 nostra,
1773 1917 1910 1948 super

128 1975 258 2005 vobis
285 1975 457 2004 duobus
486 1978 688 2003 omentum
716 1972 1012 2012 liquefactum
1039 1981 1216 2010 semper
1243 1966 1329 2000 sit!
1357 1971 1399 2000 in
1432 1971 1538 2000 loco
1565 1970 1784 2012 'l'sahvlan7
1819 1971 1909 2000 nisi

128 2036 323 2077 quamdiu
350 2036 499 2066 cameli
525 2036 860 2075 capistrantur,
891 2034 991 2065 erit.
1034 2034 1136 2072 Quum
1165 2038 1284 2064 ventus
1311 2039 1427 2063 terram
1455 2038 1578 2074 tangat,
1606 2044 1645 2063 ne
1671 2034 1810 2064 nuntium
1838 2043 1908 2064 cum

131 2106 216 2130 terra.
244 2099 387 2135 misceat,
415 2104 540 2139 monet,
568 2108 672 2138 neque
698 2107 777 2127 vero
805 2106 875 2127 cum
902 2097 1074 2127 scholiaste
1101 2101 1242 2136 putante,
1271 2105 1340 2126 eam
1368 2095 1477 2124 verbis
1505 2097 1677 2136 monuisse,
1705 2106 1744 2125 ne
1771 2096 1908 2126 nuntium

127 2161 313 2202 vilipendat,
341 2160 517 2190 consentio.
569 2161 656 2190 Loco
683 2161 775 2191 vocis
803 2157 919 2206 σύμ)
946 2159 976 2188 in
1003 2159 1160 2188 Mersukii
1187 2158 1294 2187 codice
1321 2162 1425 2203 &au-5*
1456 2157 1609 2195 (salutem
1636 2155 1754 2200 meam)
1780 2158 1906 2198 legitur.

128 2270 160 2301 5.
203 2270 268 2309 Et,
292 2280 386 2309 quum
414 2271 524 2298 ventus
556 2267 689 2297 borealis
715 2269 863 2306 spiraret,
894 2278 964 2297 eum
997 2271 1260 2304 itzterroyassem:
1281 2266 1367 2296 Num
1390 2277 1488 2296 sonus
1510 2267 1572 2296 Ioci
1593 2267 1800 2297 Alnomairah
1820 2267 1908 2296 nobis

866 2323 1072 2360 propinquior
1094 2317 1167 2349 est?

230 2393 343 2433 Pergit
372 2392 400 2421 in
428 2389 623 2426 enarrando,
650 2388 732 2429 quod
760 2389 883 2419 factura
911 2389 1038 2430 fuisset,
1067 2388 1094 2418 si
1123 2389 1210 2418 venti
1237 2389 1391 2419 desiderio
1419 2398 1476 2419 suo
1505 2389 1691 2420 satisfacere
1717 2389 1907 2428 potuissent.

129 2453 230 2492 Quum
258 2455 348 2483 venti
374 2453 538 2492 australis,
567 2457 715 2491 tanquam
744 2451 826 2488 eius,
854 2450 906 2489 qui
933 2451 1074 2480 nuntium
1103 2452 1133 2481 in
1161 2452 1293 2491 patriam
1324 2451 1485 2491 perferret,
1504 2452 1688 2481 mentionem
1707 2451 1844 2490 fecisset,
1867 2451 1905 2482 de

128 2516 229 2554 patria
254 2515 453 2555 interrogans
480 2519 612 2544 ventum
639 2514 797 2543 borealem
827 2522 886 2542 non
914 2517 1022 2552 potest
1048 2522 1108 2542 non
1137 2522 1394 2543 commemorare.
1455 2512 1685 2543 Grammaticus
1715 2513 1905 2544 Ebu-Alab-

127 2578 192 2607 rabi
215 2577 305 2618 dixit,
317 2581 446 2608 ventum
461 2577 642 2608 Australem
668 2587 686 2607 e
712 2581 795 2607 terra
810 2577 925 2607 Jemen
952 2578 1061 2608 venire
1089 2582 1121 2609 et
1145 2577 1344 2608 benedictam
1371 2585 1466 2617 esse3
1492 2580 1588 2606 noctu
1616 2581 1720 2606 autem
1736 2586 1806 2607 eum
1833 2587 1903 2608 raro
