2155 2892
891 116 1142 147 —76—

134 233 188 260 aut
215 232 358 265 tanquam
384 224 484 263 prima
509 220 638 262 pluralis
674 229 810 260 persona
845 222 898 249 aut
932 222 1080 256 tanquam
1117 214 1211 245 tertia
1245 213 1418 254 singularis
1453 221 1523 242 cum
1560 210 1678 240 suffixo
1714 210 1911 251 pronunciari

132 294 251 332 potest,
279 298 339 328 qua
364 287 394 316 in
421 287 550 316 diversa
577 284 698 314 ratione
725 291 840 311 sensus
867 280 950 311 idem
978 284 1095 319 manet,
1123 276 1322 308 construendi
1351 275 1462 306 modus
1490 279 1595 305 autem
1614 274 1768 316 variatur,
1795 279 1828 305 ut
1845 285 1912 305 vox

133 349 205 388 bladi
233 355 288 381 aut
314 348 519 379 accusativus
547 346 677 386 obiecti,
704 349 759 374 aut
785 343 1000 373 nominativus
1027 341 1163 371 subiecti
1190 340 1242 369 sit.
1302 339 1445 369 Alterum
1480 343 1586 369 autem
1623 338 1797 379 obiectum,
1830 338 1913 377 quod

135 416 266 445 verbum
294 408 384 442 tamti
413 410 560 450 requirit,
598 417 664 438 vox
690 402 782 447 Ouka-il
812 406 992 444 (homines)
1024 409 1079 434 aut
1112 401 1234 440 ψὶὲῡῖἳ
1263 402 1375 441 (socii)
1411 403 1562 432 omissum
1593 406 1653 435 est.
1703 401 1779 431 Vox
1804 411 1914 438 Μ

133 482 187 508 aut
214 477 283 507 loco
309 476 397 504 vocis
431 474 520 510 „ms
546 470 684 512 (portio)
712 474 766 499 aut
792 469 859 498 loco
886 468 978 497 vocis
1005 469 1124 508 ,ey-,in
1157 467 1227 505 (res
1259 466 1381 504 divisa)
1416 467 1520 504 posita
1554 470 1615 495 est.
1677 464 1914 496 Grammaticus

136 536 433 570 Abu-Mohammed
461 534 653 572 Alabrabi1)
680 530 867 562 Namiritam
896 529 1044 559 refellens
1072 539 1114 558 ex
1141 537 1228 558 more
1257 537 1316 557 suo
1343 527 1566 567 proverbium,
1603 525 1685 565 quod
1719 525 1801 565 apud
1829 525 1915 555 Mei-

137 602 262 633 danium
288 601 326 632 C.
358 601 412 630 19.
441 600 498 631 29.
527 598 671 638 legimuS,
709 595 875 625 adnotavit
902 595 933 621 et
960 591 1040 620 duos
1069 592 1158 620 viros
1187 590 1247 619 hoc
1282 589 1311 618 in
1347 588 1484 618 carmine
1511 588 1692 627 deploratos
1722 598 1798 617 esse
1826 587 1915 617 dixit.

135 665 218 695 Huic
242 666 352 693 versui
379 662 491 692 similia
519 670 594 690 esse
622 660 701 689 alius
730 662 844 697 poetae
871 655 970 685 verba
998 654 1105 692 (metr.
1135 652 1296 690 Thawil):
1326 650 1670 690 Quotiescunque
1696 660 1803 680 mors
1831 659 1875 680 cu
1887 660 1915 680 m

137 726 443 759 Ebu-Mishalo
467 725 645 754 fratrem
673 731 786 752 unum
815 718 990 757 dividit,
1018 719 1053 746 is
1081 714 1292 745 dimidiam
1320 714 1470 744 mortis
1497 719 1662 754 partem
1687 724 1766 744 non
1795 723 1916 744 acce-

138 794 199 831 pit
226 788 517 831 (iuMersOEjQ
546 787 581 816 is
609 787 707 815 sine
735 782 937 822 portione
963 778 1114 818 rediit,
1152 786 1199 806 ea
1225 780 1358 806 autem
1387 776 1528 815 (mors)
1556 777 1647 807 eius
1683 782 1839 816 partem
1868 779 1916 815 (in

140 856 238 885 Mers.
268 853 369 891 limis)
398 850 580 881 abstulit
616 856 698 878 cum
729 854 799 875 sua
827 848 950 883 parte
980 841 1258 880 coniungens.
1308 839 1471 869 Utinam
1503 839 1585 879 (ea)
1612 840 1808 870 inveniat
1838 849 1918 870 cum

139 920 228 957 ipsa
255 914 534 952 dividentem,
576 912 641 950 qui
675 918 757 939 eam
785 906 943 937 iniuria
976 897 1229 941 adficiat12).
1292 903 1418 932 Versus
1453 902 1675 941 composuisse
1709 901 1802 932 filiam
1837 902 1919 932 Far-

139 979 225 1010 wahi
251 978 280 1008 b.
307 976 457 1016 Masubd,
487 980 520 1005 ut
547 973 739 1003 Farwahum
769 975 802 1001 et
828 969 973 1008 Kaisum,
1001 967 1084 996 filios
1111 965 1262 996 Masuhdi
1292 966 1320 996 b.
1339 965 1451 995 Ahmir
1477 965 1506 995 b.
1526 965 1648 995 Ahmru
1666 966 1695 996 b.
1715 966 1921 997 Abi-Rabiah

142 1043 332 1082 deploraret.
384 1039 456 1069 Illos
483 1038 608 1067 occisos
638 1046 713 1066 esse
741 1044 807 1064 cum
836 1030 1038 1063 Almoudsiro
1066 1028 1316 1059 Dsu-1·Karnai11
1344 1028 1392 1058 die
1428 1038 1555 1069 pugnae
1584 1027 1824 1068 Aihn-Obagh,
1863 1038 1923 1067 quo

142 1104 192 1134 die
212 1102 433 1134 Almondsirus
455 1112 473 1131 a
493 1100 659 1131 Schamiro
679 1099 708 1128 b.
729 1097 848 1127 Ahmru
872 1094 1022 1125 Hancfita
1049 1091 1261 1128 occidebatur,
1291 1091 1341 1131 qui
1369 1101 1438 1121 cum
1461 1090 1623 1120 Alliaritso
1645 1091 1674 1121 b.
1696 1090 1925 1121 Abi-Schamir

144 1166 348 1198 Ghassanida
376 1163 514 1203 esset³).
562 1164 592 1192 Is
629 1166 734 1192 autem
760 1158 977 1190 Almondsirus
1004 1157 1032 1186 b.
1061 1154 1300 1194 Amru-l'lx'ais,
1337 1153 1428 1183 cuius
1456 1158 1554 1183 mater
1581 1154 1786 1184 Ma-assema
1813 1154 1925 1184 Nami-

146 1232 204 1260 rita
233 1233 335 1268 esset,
362 1227 464 1257 fuisse
492 1226 611 1256 dicitur.
663 1225 804 1255 Narrant
832 1221 1068 1252 Almondsirum
1096 1220 1158 1249 isto
1186 1217 1236 1248 die
1265 1217 1406 1249 dixisse:
1435 1216 1624 1248 Generosus
1652 1215 1692 1246 ad
1719 1216 1845 1257 locum,
1874 1217 1925 1246 ubi

145 1291 367 1332 prosternitur,
394 1289 492 1319 venit.

954 1354 1130 1388 xxx}-

596 1424 737 1459 luxit
760 1422 931 1464 ohtajj
957 1421 998 1455 b.
1022 1421 1185 1454 Nialec
1209 1416 1476 1453 numantia.

251 1500 487 1533 Grammaticus
515 1496 712 1528 Abu-l'Fath
738 1495 891 1535 duplicem
918 1493 1049 1523 nominis
1077 1492 1183 1532 Olitajj
1212 1490 1374 1521 derivandi
1402 1490 1526 1520 modum
1555 1492 1710 1530 proponit.
1767 1491 1834 1521 Aut
1869 1491 1928 1521 de-

150 1565 246 1595 rivari
273 1573 369 1603 posse
397 1563 475 1593 dixit
501 1572 520 1592 a
546 1560 709 1600 participio
739 1555 813 1596 w'e,
846 1560 891 1588 ita
918 1562 950 1588 ut
977 1555 1202 1596 pronunciandi
1229 1554 1341 1584 modus
1369 1554 1468 1583 lenior
1495 1553 1636 1583 redditus
1663 1553 1718 1593 sit,
1746 1557 1801 1583 aut
1825 1563 1844 1584 a
1870 1563 1930 1583 no-

151 1627 231 1657 mine
258 1626 390 1656 actionis
412 1630 496 1666 ρέα,
525 1624 619 1664 quod,
646 1628 815 1662 postquam
842 1630 954 1650 nomen
982 1619 1139 1659 proprium
1163 1617 1282 1647 factum
1308 1617 1358 1656 sit,
1386 1617 1571 1646 deminutivi
1598 1616 1729 1646 formam
1756 1616 1929 1658 acceperit,

151 1688 252 1729 modo7
281 1697 341 1727 quo
372 1698 390 1717 a
415 1687 538 1716 nomine
566 1686 638 1723 &aab
665 1685 816 1715 formetur
842 1693 908 1713 vox
933 1683 1046 1720 &5125-

152 1762 180 1793 1.
205 1760 231 1790 0
250 1760 390 1790 Altada!
410 1762 480 1799 quis
503 1758 628 1788 camelis
654 1758 816 1793 velocibus,
842 1765 975 1794 quarum
1000 1754 1139 1791 unyulae
1161 1752 1265 1781 laesae
1287 1756 1364 1780 sunt
1384 1755 1414 1781 et
1435 1754 1536 1780 noctis
1557 1751 1740 1788 hospitibus,
1763 1753 1818 1790 qui
1837 1754 1931 1780 noctu

735 1810 936 1843 advenerunt,
962 1809 1004 1836 ad
1023 1809 1248 1836 deversandum
1270 1807 1351 1836 erit?

255 1885 416 1913 Mortuum
444 1881 625 1922 alloquitur,
653 1881 741 1909 cuius
769 1882 900 1908 mortem
928 1878 1092 1916 deplorat,
1127 1877 1198 1906 dum
1227 1878 1296 1906 cius
1324 1876 1572 1914 hospitalitatem
1600 1874 1714 1907 laudat.
1765 1875 1932 1905 Neminem

155 1947 213 1976 iam
242 1955 422 1985 superesse,
450 1945 498 1984 qui
527 1944 619 1974 talem
645 1942 892 1981 hospitalitatem
921 1945 1082 1979 exerceat,
1109 1941 1256 1978 queritur.
1309 1939 1431 1969 Vocem
1463 1935 1548 1973 ϊῴωιρ,
1586 1937 1709 1967 nonnisi
1748 1937 1778 1967 in
1805 1937 1932 1966 camelis

157 2009 280 2038 feminis
317 2007 529 2038 describendis
570 2006 732 2042 adhiberi,
777 2006 1000 2047 grammaticus
1039 2001 1139 2032 Chalil
1175 2000 1339 2030 adnotavit
1370 2003 1525 2039 sequente
1555 2008 1654 2027 versu
1694 1998 1788 2028 citato
1824 1998 1932 2036 (metr.

158 2069 303 2114 Basith):
332 2071 506 2109 Semper
534 2080 618 2099 sum
645 2072 684 2099 in
709 2069 817 2098 sella
844 2067 1019 2106 celeris,
1048 2063 1328 2103 rubicundae,
1358 2061 1540 2091 velocis*
1562 2060 1743 2090 camelae
1771 2064 1842 2089 aut
1866 2068 1933 2088 ve-

158 2133 194 2162 lo
206 2133 266 2163 cis
293 2143 335 2163 ca
347 2143 374 2162 m
386 2134 450 2162 eli.
503 2132 611 2162 Verba
637 2131 716 2169 „ju-⁴>
729 2132 809 2169 ὤμῳ,
835 2132 908 2158 sunt
934 2138 989 2168 pro
1010 2128 1088 2165 „Mag
1107 2127 1206 2167 3⁴93
1222 2127 1322 2156 verba
1340 2130 1445 2155 autem
1462 2121 1523 2160 uz?
1538 2124 1590 2163 gu:
1603 2128 1721 2153 statum
1741 2121 1932 2152 describunt.

180 2222 210 2252 1)
230 2222 356 2245 Videmus
376 2227 407 2243 ex
426 2221 475 2242 huc
493 2218 556 2241 loco
575 2217 675 2240 colluto
696 2212 991 2239 Abu-Mohammedem
1013 2212 1137 2236 Alam-abi
1157 2212 1267 2234 eundem
1286 2216 1347 2232 esse
1366 2215 1441 2239 quam
1461 2207 1685 2239 Ebu-Alalirabi,
1704 2204 1767 2230 nau(
1782 2206 1935 2230 Mei-suiuus

224 2273 331 2290 versum
350 2266 411 2289 citat
430 2264 538 2286 eundem
558 2262 589 2284 ab
610 2259 827 2284 Ebu-Alalirabio
847 2258 988 2287 prolatum.

176 2313 207 2344 2)
226 2315 308 2336 Poeta
327 2318 379 2334 rem
399 2311 436 2333 sic
454 2308 607 2337 descripsit,
633 2307 708 2336 quasi
728 2306 805 2329 morti
825 2312 887 2335 pars
907 2305 999 2328 fratris
1018 2307 1104 2332 essem
1127 2301 1172 2325 sed
1196 2302 1352 2325 illu-tutum
1376 2301 1503 2324 bominem
1529 2301 1662 2329 auferret,
1688 2298 1763 2322 nulla
1789 2299 1844 2322 eius
1864 2301 1937 2329 purte

229 2358 307 2382 alteri
327 2357 430 2380 relicta.
466 2355 537 2377 Haec
557 2352 686 2376 iniustitia
705 2356 755 2381 est,
775 2350 848 2374 cuius
868 2350 1023 2373 mentionem
1043 2349 1114 2373 fecit.

180 2413 209 2443 3)
228 2414 256 2437 ln
276 2412 369 2436 Haririi
389 2419 411 2442 p.
430 2407 472 2436 5⁴⁴5·
491 2408 600 2432 scholiis
620 2410 781 2437 postremum
802 2405 1028 2428 Ghassanidaruin
1047 2410 1134 2434 regem
1154 2410 1167 2426 e
1185 2405 1264 2433 gente
1275 2400 1390 2432 Djafnah
1402 2403 1493 2425 abhoc
1504 2406 1590 2426 ortum
1601 2400 1789 2430 esselegimus.
1810 2398 1938 2431 Djebelah

231 2465 255 2487 b.
274 2463 394 2487 Alaiham
414 2467 563 2491 postremus
582 2467 637 2488 rex,
656 2458 699 2489 qui
719 2461 836 2486 tempore
854 2456 958 2479 Olunari
976 2454 1007 2478 ad
1027 2455 1147 2478 Graecos
1165 2454 1244 2483 sugit,
1263 2454 1334 2477 filius
1354 2453 1556 2477 Abu-l'flaretsi
1574 2452 1721 2482 Alazgmm
1741 2453 1782 2483 qui
1800 2453 1870 2477 filius
1889 2453 1938 2476 Al-

230 2514 328 2537 baretsi
347 2511 473 2542 Alam-adj
494 2509 535 2560 (ζ
545 2504 628 2550 5:30
648 2509 827 2540 cognominati
846 2508 951 2531 dicitur.
994 2507 1042 2530 Hic
1066 2507 1174 2535 denique
1200 2505 1267 2528 filius·
1295 2509 1350 2528 erat
1372 2504 1504 2528 Alliaretsi
1524 2502 1640 2526 Alacbar
1650 2495 1740 2543 5435
1751 2503 1940 2534 cognominati,

231 2566 311 2595 patris
330 2566 465 2593 Schmniri,
485 2566 529 2588 tilii
552 2563 668 2591 Ahmrui,
688 2562 729 2592 qui
748 2567 896 2591 cognomen
919 2559 1092 2583 Almnharrek
1111 2559 1230 2589 gri-ebat.
1252 2559 1298 2581 Hic
1318 2557 1413 2588 primu<
1433 2560 1497 2585 erat,
1515 2554 1670 2584 quiegeme
1684 2552 1935 2583 Djafnaiiorinuuus

230 2613 256 2635 in
274 2612 355 2641 syria
374 2612 503 2641 regnavit.
539 2611 700 2634 Confer-atur
719 2607 901 2631 Ebu-Kotaib.
919 2612 942 2635 p.
963 2605 1015 2627 152
1035 2612 1089 2634 sqq.
