2155 2892
914 139 1183 170 —590-

152 242 213 285 (p.
236 237 368 283 2:30.)
389 250 449 270 nou
478 241 634 270 habuerit.
687 239 776 269 Loco
798 239 886 270 vocis
915 234 969 278 [3313
996 242 1027 269 in
1059 239 1217 269 Mersukfi
1245 237 1358 268 codice
1386 233 1447 285 Ἷῦὶὸ
1475 237 1592 279 legitur
1620 242 1653 268 et
1679 247 1734 277 pro
1761 248 1842 270 voce
1860 241 1941 270 'imm

152 308 192 336 ibi
212 321 276 350 pm
304 309 367 345 est,
395 304 486 334 cuius
514 305 606 333 vocis
634 305 665 333 in
693 302 823 332 scholiis
851 302 968 332 mentio
996 301 1042 332 fit.

990 423 1113 456 th.

896 489 1037 522 ‚llius
1061 489 1198 523 «lixit.

151 564 175 591 Ι.
223 564 256 592 Is
279 573 313 591 re
336 573 408 591 reru
432 563 478 590 vir
500 570 563 589 non
586 563 646 594 est,
683 562 774 589 cuius
806 569 884 587 cura
915 562 978 587 tola
1008 561 1040 587 in
1066 563 1142 595 polu
1175 561 1327 588 matutino
1359 560 1463 595 posita
1493 561 1541 587 est
1562 561 1602 596 et,
1632 560 1662 587 si
1681 567 1811 595 vespera
1833 561 1890 594 est,
1910 561 1943 587 in

802 615 895 648 putus
918 614 1091 648 vespertini
1111 613 1256 650 beneficio
1272 623 1284 648 ;

147 673 178 701 2.
223 670 289 700 Sed
307 679 341 698 re
363 679 436 697 reru
458 670 505 696 vir·
525 670 580 701 est,
606 668 745 705 quitum
777 666 909 702 ves-perd
933 675 1026 703 quam
1055 675 1146 693 nume
1170 668 1204 694 id
1229 669 1308 704 uqil,
1340 671 1375 696 ul
1412 671 1469 696 aut
1499 668 1583 696 lzosli
1613 672 1727 697 noceat
1755 671 1812 697 aut
1842 670 1942 697 amico

993 722 1103 756 prosit.

260 794 329 824 Viri
357 801 468 822 nomeu
496 800 568 820 eum
596 799 656 819 non
684 790 816 822 mereri,
845 789 897 828 qui
924 789 1045 818 nonnisi
1074 788 1144 818 cibo
1172 790 1322 828 potuique
1349 799 1479 829 operam
1507 790 1568 822 det.
1597 792 1763 822 Hominem
1784 802 1845 823 non
1864 793 1941 833 sibi;

149 857 207 887 sed
234 856 302 886 aliis
330 857 443 884 vivere
472 853 609 892 debere,
637 854 681 881 ita
710 856 744 880 ut
771 851 918 880 hostibus
947 856 1073 891 noceat,
1103 851 1214 881 amicis
1243 852 1354 890 prosit.
1409 852 1553 882 Auctore
1584 853 1774 884 Alazmaiho
1807 857 1938 894 sapiens

148 921 198 950 ille
225 919 357 948 Actsam
394 918 422 946 b.
462 916 545 946 Zaifi
574 915 763 955 Tamimita,
802 914 850 952 qui
886 912 1027 952 Hedjrae
1068 922 1148 943 anno
1188 917 1303 942 octavo
1336 912 1418 943 diem
1448 914 1569 944 obiisse
1600 915 1724 956 dicitur,
1753 916 1940 955 praemissis

147 982 274 1012 monitis
303 980 521 1019 sequentibus.
588 978 647 1007 »Ei
675 978 754 1006 inter
780 976 895 1007 fratres
923 977 1031 1006 socius
1060 980 1143 1014 esto,
1171 977 1221 1015 qui
1250 981 1281 1006 te
1307 977 1429 1007 socium
1458 981 1547 1008 ornat
1573 983 1605 1008 et
1632 981 1682 1008 cui
1710 979 1737 1008 si
1768 978 1940 1015 ministras,

147 1051 179 1074 te
207 1043 363 1079 custodit,
403 1041 451 1080 qui
477 1041 504 1070 si
532 1040 625 1069 rebus
653 1039 789 1080 indiges,
818 1038 857 1068 de
881 1038 950 1067 suis
979 1039 1033 1069 tibi
1061 1039 1226 1079 prospicit,
1253 1040 1282 1069 si
1308 1039 1424 1069 bonum
1451 1050 1470 1070 a
1498 1044 1528 1070 te
1555 1040 1730 1080 profectum
1758 1040 1859 1077 videt,
1887 1040 1941 1069 tibi

147 1111 386 1146 remuneratur,
426 1105 475 1135 sin
498 1104 620 1142 vitium,
653 1113 690 1133 se
718 1113 778 1132 nou
812 1102 922 1132 videre
950 1102 1094 1140 simulat3
1136 1101 1228 1130 cuius
1256 1101 1371 1142 agendi
1400 1103 1480 1132 ratio
1520 1103 1574 1132 tibi
1604 1103 1760 1132 contraria
1788 1111 1850 1131 non
1887 1107 1939 1132 est

147 1175 179 1200 et
207 1170 296 1200 cuius
323 1169 515 1208 iniquitatem
543 1177 603 1196 non
633 1166 786 1206 metuis«,
814 1165 894 1194 duos
922 1165 1021 1194 hosce
1048 1173 1167 1194 versus
1190 1165 1349 1195 recitavit.
1402 1166 1506 1196 Multa
1535 1166 1618 1195 illius
1645 1166 1705 1196 viri
1734 1165 1830 1202 dicta⁷
1860 1174 1940 1204 quae

146 1233 316 1263 maximam
345 1235 467 1270 partem
495 1233 525 1260 iu
554 1229 714 1269 proverbii
742 1227 1005 1258 consuetudinem
1034 1230 1203 1266 venerunt,
1231 1236 1304 1255 eum
1331 1226 1415 1256 illius
1443 1229 1593 1266 temporis
1622 1227 1704 1257 inter
1732 1227 1856 1257 Arabes
1883 1234 1941 1255 sa-

147 1296 377 1335 pientissimum
405 1293 505 1324 fuisse
532 1295 701 1323 testantur.
755 1289 913 1322 Conferas
941 1289 1080 1320 Meidan.
1110 1288 1245 1328 append.
1274 1292 1307 1318 et
1334 1289 1522 1329 praesertim
1551 1289 1588 1320 C.
1617 1288 1676 1329 23,
1704 1289 1760 1320 47.

978 1405 1120 1438 an.

441 1474 607 1507 nasas
629 1472 669 1505 1».
705 1472 899 1505 Aluan-u
922 1481 948 1505 e
970 1474 1115 1514 gente
1138 1470 1495 1505 Anba-ivluna?
1513 1469 1644 1504 (lixit.

919 1541 956 1584 (c
969 1553 985 1573 o
998 1554 1015 1573 n
1031 1544 1050 1573 f.
1091 1542 1173 1582 1⁹00.)

147 1621 173 1649 1.
219 1619 340 1650 Cameli
361 1619 448 1647 nobis
471 1620 564 1651 sunt,
601 1626 734 1655 quorum
762 1618 961 1653 generositas
989 1617 1148 1645 dominum
1170 1626 1263 1645 suum
1285 1616 1464 1651 despectum
1487 1623 1550 1643 non
1572 1614 1714 1649 reddidit,
1742 1610 1795 1653 [et
1815 1616 1861 1642 vir
1881 1614 1945 1643 abit

951 1667 1148 1708 [nimitza-U.

246 1741 484 1771 Liberalitatem
513 1740 620 1780 gentis
649 1749 728 1769 suae
755 1739 873 1769 laudat.
905 1738 965 1776 Qui
994 1740 1163 1780 generosis
1183 1737 1314 1768 camelis
1344 1741 1464 1776 parcet,
1492 1740 1524 1767 ut
1551 1736 1776 1776 hospitalitatis
1805 1736 1945 1767 officium

147 1804 304 1845 negligat,
332 1803 359 1832 is
387 1812 424 1832 se
452 1802 641 1840 despectum
679 1801 782 1831 reddit
815 1806 848 1831 et
882 1811 900 1831 e
934 1802 999 1831 vita
1041 1801 1150 1830 abiens
1178 1799 1405 1838 vituperationi
1435 1799 1591 1828 obnoxius
1629 1802 1689 1828 est.
1749 1798 1849 1828 Poeta
1878 1807 1941 1827 rem

146 1866 355 1907 generositati
383 1865 568 1895 camelorum
600 1863 788 1904 adscripsit,
831 1864 946 1904 quippe
974 1873 1055 1902 quac
1084 1862 1230 1903 impedit,
1268 1862 1437 1901 quominus
1465 1869 1523 1889 eos
1551 1864 1690 1889 mactare
1718 1864 1857 1888 recuset.
1909 1859 1944 1888 In

147 1928 317 1967 proverbio
345 1932 418 1956 est:
456 1926 517 1964 Qui
548 1936 627 1965 opes
655 1935 728 1956 suas
758 1926 848 1965 parvi
875 1926 964 1964 facit,
990 1927 1016 1955 is
1045 1927 1165 1956 honore
1191 1937 1228 1956 se
1258 1929 1348 1956 ornat
1375 1925 1472 1955 Meid.
1501 1924 1558 1961 23,
1588 1923 1669 1954 440.
1699 1923 1779 1953 478.
1835 1922 1944 1952 Verba

146 1988 242 2028 &9³53
281 1987 375 2030 &2:25ss
412 1988 601 2018 senteutiam
637 1988 851 2019 intermediam
888 1989 969 2018 inter
1002 1999 1115 2020 vocem
1153 1991 1202 2028 &gl
1237 1990 1371 2028 eiusque
1407 1989 1601 2028 adjectivum
1636 1985 1746 2032 ULSQ
1787 1985 1939 2015 efficiunt.

149 2051 346 2081 Scholiastes
374 2050 556 2086 adnotavit,
587 2051 681 2080 talem
712 2051 904 2080 sententiam
931 2052 1168 2092 intermediam,
1196 2053 1253 2083 nisi
1280 2051 1484 2092 propositioni
1513 2048 1747 2080 confirmandae
1777 2047 1940 2084 inserviat,

147 2113 376 2152 reprobandam
396 2122 480 2150 esse,
498 2115 615 2152 quippe
642 2122 744 2152 neque
771 2123 840 2143 cum
868 2114 972 2153 priore
988 2124 1090 2154 neque
1118 2124 1189 2145 cum
1210 2115 1389 2154 posteriore
1408 2113 1567 2143 sermonis
1588 2117 1679 2151 parte
1698 2111 1937 2141 constructione

147 2175 318 2205 cohaereat
347 2174 448 2203 conf.
477 2174 585 2206 Grani.
614 2175 669 2204 Ar.
698 2176 736 2215 T,
765 2176 791 2204 11
822 2186 850 2215 p.
883 2176 948 2206 161
982 2176 1089 2207 adnot.

146 2284 178 2312 2.
222 2283 360 2316 Nobeks,
383 2293 399 2311 e
420 2284 533 2321 quibus
554 2285 688 2312 anticum
713 2294 954 2313 remuneramur
975 2289 1005 2313 et
1029 2287 1061 2313 in
1084 2287 1197 2322 quibus
1219 2287 1402 2314 desiderans
1425 2287 1540 2321 optus
1559 2287 1687 2321 politur.

221 2352 385 2391 Duplicem
404 2353 589 2381 camelorum
606 2361 695 2382 usum
714 2352 837 2384 indicat.
856 2354 974 2383 Amicis
990 2355 1245 2393 pauperibusque
1260 2354 1341 2383 dono
1359 2354 1480 2386 dautur.
1502 2353 1738 2384 Grammaticus
1753 2352 1940 2390 Sibawaihi,

147 2425 262 2445 vocem
289 2414 398 2459 OL-Jw
425 2415 548 2455 origine
574 2424 688 2444 nomen
715 2416 851 2447 actionis
882 2426 941 2446 non
969 2425 1055 2455 esse,
1083 2416 1155 2445 inde
1182 2416 1351 2457 concludit,
1379 2416 1460 2455 quod
1490 2416 1587 2445 fornia
1613 2415 1714 2445 dualis
1742 2415 1771 2443 in
1799 2423 1859 2442 usu
1887 2416 1942 2453 sit,

147 2482 182 2507 ut
211 2477 340 2516 pluralis
374 2486 501 2516 quoque
535 2477 676 2507 adhiberi
708 2480 820 2518 possit.
888 2479 944 2509 Sic
978 2480 1153 2519 concludit,
1198 2479 1281 2519 quod
1312 2479 1528 2518 substantiva,
1558 2487 1640 2518 quae
1667 2476 1789 2515 origine
1816 2478 1943 2505 nomina

146 2540 275 2570 actionis
303 2545 388 2581 sunt,
417 2541 568 2579 pluralem
598 2551 658 2570 nou
686 2542 812 2572 liabent.
869 2543 957 2572 Loco
985 2542 1077 2571 vocis
1108 2539 1193 2577 tet&
1220 2545 1251 2572 in
1279 2542 1436 2571 Mersukii
1465 2541 1575 2571 codice
1605 2536 1691 2567 teci-s
1719 2536 1941 2580 (praeteritum

146 2608 257 2632 sextae
286 2603 424 2643 formae)
460 2604 629 2633 invenitur.
697 2604 778 2633 lluic
810 2603 930 2634 formae
968 2604 1162 2645 significatio
1203 2605 1375 2643 »aequales
1404 2604 1483 2634 iuter
1511 2612 1548 2632 se
1583 2601 1730 2630 suerunt«
1770 2599 1842 2629 data
1879 2605 1941 2636 est,
