2155 2892
916 106 1182 137 —112-

140 209 181 243 ,ol
209 208 475 251 significationem
501 206 678 246 superioris
706 207 805 246 partis
834 206 948 246 capitis
976 206 1089 237 dantes
1116 216 1245 237 sensum
1275 215 1351 236 esse
1379 205 1500 236 dicunt:
1528 205 1646 235 Eorum
1666 215 1790 237 summa
1809 208 1923 247 capitis

137 282 211 313 pars
238 270 396 300 inlocum
423 267 612 308 profundum
640 268 766 298 decidit.
819 269 854 298 In
881 277 978 299 versu
1005 274 1115 298 nostro
1154 273 1258 299 autem
1293 268 1334 298 ad
1368 277 1434 298 rem
1468 277 1615 308 magnam
1648 259 1923 308 admirandamQue

139 331 378 375 significandam
406 331 529 370 poetria
555 330 664 360 verbis
688 340 747 360 usa
774 335 834 360 est.
864 330 1101 361 Grammaticus
1119 330 1318 360 Abu-l'Ahla
1333 329 1418 370 dicit,
1433 329 1545 369 verba,
1573 329 1682 368 quibus
1699 330 1788 359 Deus
1813 335 1922 360 contra

140 398 274 436 aliquem
301 394 442 424 invocari
469 393 626 434 videatur,
654 394 691 423 ab
721 394 878 423 Arabibus
908 392 1065 423 contrario
1093 401 1193 421 sensu
1220 391 1372 432 adhiberi,
1401 396 1435 421 ut
1462 391 1586 421 laudem
1615 391 1805 432 significent.
1832 393 1923 423 Hanc

140 468 204 488 rem
232 467 267 488 se
294 458 336 488 ita
359 457 487 497 habere,
515 467 556 486 ex
585 466 622 486 eo
651 459 812 497 cognosci,
841 456 924 496 quod
942 456 1042 485 verba
1062 464 1221 494 nunquam
1240 454 1270 483 in
1288 454 1525 493 vituperatione
1542 454 1680 484 adhibita
1696 455 1922 485 invenirentur.

139 521 240 552 Simili
267 520 359 550 modo
386 525 511 559 poetam
539 520 569 549 in
596 520 803 559 sequentibus
830 520 938 549 verbis
966 519 1105 548 locutum
1133 526 1209 546 esse
1238 516 1346 555 (metr.
1378 516 1486 546 Madid
1522 516 1629 546 conf.
1658 517 1868 557 Darstellung
1894 516 1922 546 d.

140 584 238 615 Arab.
267 584 386 614 Versk.
415 592 443 621 p.
478 582 592 620 1810:
630 581 736 610 Eius
765 581 925 621 praeda
953 581 1094 620 petita
1120 589 1324 619 nunquam
1359 579 1547 619 aufugit3
1586 580 1723 618 qualis
1760 578 1842 611 est!
1878 588 1924 608 ne

140 647 235 677 eius
263 646 459 686 personis
487 640 801 675 adnumeretur!
856 644 994 674 Nomina
1021 643 1172 682 temporis
1201 642 1406 672 Nuunatione
1433 642 1557 671 abiecta
1584 651 1649 672 cum
1677 642 1775 671 verbo
1794 641 1924 681 saepius

139 709 371 749 coniunguntur
399 705 528 744 (Gram-
558 705 613 738 ΑΓ.
640 706 676 734 Τ.
704 707 741 735 11.
771 717 800 745 p.
833 706 899 736 147
928 707 1005 745 sq.).
1065 705 1238 744 Djaischan
1272 713 1385 733 nomen
1421 703 1561 744 regionis
1596 700 1703 746 (pagi)
1728 702 1925 733 lemanensis

139 776 200 802 est.
254 771 324 800 Hac
351 769 381 798 in
408 768 539 808 regione
566 778 674 808 pugna
701 769 872 798 commissa
902 773 981 798 erat.
1041 766 1172 798 Gloriae
1207 767 1300 796 funes
1334 766 1525 804 tribuuntur,
1560 766 1672 805 quibus
1707 765 1745 795 ad
1781 765 1925 795 homines

140 833 240 874 ligata
266 836 327 861 est.
379 830 470 859 Hanc
498 829 536 858 ob
565 839 692 860 causam
719 830 819 859 verbo
847 828 930 873 [ajo]
959 830 1098 869 (resecti
1122 829 1213 868 sunt)
1242 837 1302 858 usa
1329 832 1391 858 est.
1444 828 1564 858 Similis
1592 827 1794 868 comparandi
1814 827 1925 857 modus

141 897 233 926 Ham.
263 905 291 934 p.
322 892 386 924 3⁸5⁸?
412 903 443 922 v.
472 893 503 922 4.
532 903 560 932 p.
589 894 641 922 θ’θ’
667 903 698 922 v.
726 892 757 922 3.
787 892 956 923 invenitur.

140 1008 170 1035 2.
195 1006 306 1044 Neque
323 1005 437 1043 suffere
458 1003 633 1038 voluerunt,
658 1004 731 1032 dum
753 1002 883 1030 lanceae
905 1003 1016 1038 insuda
1040 1012 1145 1031 eorum
1169 1002 1365 1039 altiieqebant
1383 1009 1484 1039 neque
1506 1001 1542 1029 ob
1561 1002 1670 1029 mortis
1692 1002 1830 1030 timorem
1851 1010 1928 1030 sca·
1941 992 1950 995 “

880 1058 942 1086 lam
967 1057 1189 1085 conscendere.

239 1129 305 1158 Eos
332 1128 459 1168 quidem
487 1128 565 1169 fuga
594 1127 733 1157 evadere
761 1129 927 1167 potuisse3
962 1126 1033 1166 sed,
1062 1136 1157 1166 quum
1196 1126 1375 1156 constantia
1401 1134 1509 1154 eorum
1537 1124 1598 1154 hoc
1626 1133 1686 1153 non
1718 1123 1928 1164 permitteret,

140 1197 271 1223 mortem
300 1192 399 1233 fugae
426 1201 484 1221 eos
513 1191 715 1231 praetulisse.
769 1190 930 1231 Effugium
960 1198 1029 1218 cuin
1056 1188 1142 1218 scala
1169 1190 1378 1227 comparavit,
1407 1188 1436 1217 in
1459 1196 1550 1227 quam
1578 1187 1785 1217 securitatem
1815 1191 1928 1227 petens

143 1255 340 1287 conscendit.
394 1254 537 1284 Eundem
564 1253 766 1294 comparandi
795 1252 922 1282 modum
949 1252 1041 1280 Ham.
1068 1260 1096 1290 p.
1127 1251 1158 1279 t‘l·
1187 1260 1219 1280 v.
1250 1249 1279 1280 1.
1307 1250 1452 1280 vidimus.

138 1365 170 1394 3.
194 1364 232 1394 Sa·
249 1365 362 1402 suyum
385 1365 551 1400 cepissent,
577 1363 724 1391 honorati
739 1363 899 1401 fnissenl:
922 1363 979 1390 sed
1001 1365 1128 1390 monem
1148 1364 1305 1399 patienter
1324 1363 1421 1400 ferre,
1447 1362 1525 1397 ipsis
1539 1361 1655 1388 maiore
1670 1360 1788 1388 honore
1799 1360 1928 1397 dignum

952 1416 1122 1444 videbatur.

237 1488 347 1518 Talem
375 1492 480 1517 autem
508 1496 611 1516 rerum
638 1485 850 1515 conditionem
878 1484 978 1514 fuisse
1006 1485 1091 1523 dicit,
1132 1488 1176 1525 ut7
1204 1485 1233 1514 si
1260 1485 1367 1525 fugam
1396 1486 1582 1525 cepissent,
1622 1484 1761 1523 ipsorum
1786 1484 1928 1524 dignitas

138 1551 296 1582 deminuta
323 1560 383 1579 non
410 1554 510 1579 esset.
564 1549 721 1578 Namirita
736 1548 826 1587 dixit,
854 1547 946 1584 haec,
973 1548 999 1575 si
1028 1547 1196 1576 exterioris
1225 1557 1341 1577 sensus
1372 1547 1451 1576 ratio
1481 1546 1648 1585 habeatur,
1677 1546 1837 1585 probanda
1866 1555 1926 1575 non

139 1623 226 1651 esse,
253 1622 335 1652 nam,
363 1612 390 1641 si
418 1612 516 1641 omnis
545 1611 672 1651 fugiens
701 1610 876 1640 honoratus
904 1615 1013 1650 esset5
1050 1610 1176 1640 timidus
1205 1610 1378 1639 honoratus
1418 1612 1517 1637 esset.
1584 1608 1762 1637 Verborum
1798 1616 1928 1638 sensum

141 1685 229 1713 esse,
259 1684 316 1704 eos
344 1684 362 1703 a
389 1675 455 1704 suis
483 1673 624 1713 relictos)
649 1682 742 1712 quum
771 1672 918 1702 hostibus
947 1682 1077 1702 numero
1106 1682 1200 1712 pares
1226 1682 1287 1701 non
1308 1675 1432 1710 essent,
1461 1670 1585 1699 sortiter
1606 1675 1785 1710 pugnantes
1806 1670 1928 1700 occisos

139 1733 207 1775 (p.
233 1731 363 1774 425.)
390 1746 476 1767 esse,
530 1736 562 1764 In
601 1735 654 1764 tali
693 1745 795 1764 rerum
833 1740 918 1765 statu
955 1737 982 1765 si
1018 1736 1114 1776 fugae
1146 1745 1182 1765 se
1217 1735 1398 1772 dedissent,
1436 1736 1642 1763 excusatione
1670 1733 1755 1775 digni
1783 1733 1929 1770 fuissent,

140 1803 256 1840 quippe
272 1800 321 1839 qui
338 1805 432 1829 antea
448 1798 660 1828 tortitudinem
679 1799 878 1836 probassent.
907 1798 1048 1828 Similem
1064 1809 1194 1827 sensum
1212 1799 1320 1828 Ausus
1336 1797 1499 1837 expressit
1515 1798 1620 1835 (metr.
1631 1797 1793 1835 'rhawioz
1813 1796 1928 1836 Fuga

141 1862 266 1892 hodie
294 1862 383 1890 viro
411 1860 594 1890 dedecus
623 1869 699 1888 non
725 1859 889 1898 adfert,
919 1869 1034 1898 quum
1064 1860 1152 1889 heri
1181 1860 1398 1889 fortitudo
1427 1860 1518 1889 eius
1546 1860 1807 1899 comprobata
1837 1859 1927 1890 fuit.

938 1979 1114 2013 Lvnl.

370 2045 509 2079 Dixit
532 2045 771 2079 Alhcsain
795 2045 835 2078 1».
858 2044 1080 2079 Nlossnain·
1102 2045 1140 2078 Ι».
1166 2046 1457 2087 Alaschjam
1481 2045 1702 2079 Asauita.

240 2132 347 2162 Cliens
382 2133 488 2172 gentis
527 2132 614 2161 Asad
643 2133 670 2161 b.
700 2131 895 2161 Cliosaimah
923 2132 1004 2168 (tum
1033 2130 1136 2169 gentis
1165 2130 1254 2159 Salid
1283 2131 1309 2159 b.
1340 2130 1444 2159 Maleo
1473 2131 1500 2159 b.
1528 2130 1710 2160 Tsalilebah
1739 2130 1765 2159 b.
1796 2128 1927 2158 Dsudan

142 2198 169 2226 b.
199 2194 305 2230 Asad)
335 2198 413 2223 erat.
465 2193 543 2222 Eius
571 2203 651 2222 avus
679 2189 766 2230 3452ae
793 2193 973 2231 appellatus
1001 2202 1118 2221 servus
1148 2199 1228 2222 erat.
1259 2198 1372 2231 postea
1408 2193 1631 2222 manumissus.
1686 2191 1869 2230 Omajjadas
1897 2197 1928 2221 et

142 2256 355 2293 Alibbasidas,
385 2264 515 2293 quorum
545 2260 686 2293 tempore
715 2255 857 2294 vivebat,
886 2253 1074 2284 carminibus
1104 2255 1291 2284 celebravit.
1354 2253 1511 2283 Clialifam
1539 2253 1647 2283 Mahdi
1674 2254 1928 2294 cognominatum

141 2318 304 2358 (regnavit
345 2317 382 2346 ab
420 2326 500 2346 anno
533 2315 601 2346 160
631 2325 730 2354 usque
758 2315 796 2344 ad
824 2325 937 2344 annum
970 2316 1050 2349 168,
1080 2317 1170 2345 cuius
1199 2316 1269 2345 anni
1298 2316 1384 2345 initio
1413 2315 1505 2355 obiit)
1536 2315 1743 2355 sequentibus
1777 2316 1926 2345 versibus

141 2382 314 2412 celebravit
347 2382 455 2419 (metr.
483 2379 645 2417 'l'liawiljz
674 2379 721 2407 Ei
750 2379 853 2407 dies
882 2379 1196 2409 calamitatis
1225 2383 1325 2418 est,
1356 2379 1442 2417 inq
1462 2387 1513 2407 uo
1548 2376 1820 2407 hominibus
1857 2386 1926 2407 ca-

141 2443 394 2471 lamitates
422 2445 465 2470 et
492 2441 591 2471 dies
618 2442 829 2482 gratiae,
869 2451 953 2480 quo
989 2441 1262 2470 hominibus
1302 2441 1550 2471 beneficia
1585 2443 1705 2469 sunt.
1760 2440 1839 2469 Die
1878 2439 1926 2469 li-

142 2504 437 2533 beralitatis
466 2514 595 2533 manu
622 2513 706 2533 sua
733 2504 1106 2533 beneficiorum
1136 2504 1310 2542 pluvia
1338 2502 1622 2533 effunditur
1656 2507 1697 2532 et
1724 2503 1796 2533 die
1824 2511 1925 2542 poe-

140 2577 262 2598 naee
291 2577 415 2597 manu
455 2577 541 2596 sua
568 2567 776 2607 sanguis
815 2567 1041 2606 profluit.
1108 2566 1152 2596 Si
1192 2566 1266 2596 die
1305 2565 1635 2595 liberalitatis
1675 2565 1925 2595 dexteram
