<?xml version="1.0" encoding="UTF-8"?>
<!DOCTYPE html PUBLIC "-//W3C//DTD XHTML 1.0 Transitional//EN"
    "http://www.w3.org/TR/xhtml1/DTD/xhtml1-transitional.dtd">
<html xmlns="http://www.w3.org/1999/xhtml" xml:lang="en" lang="en">
 <head>
  <title>
</title>
<meta http-equiv="Content-Type" content="text/html;charset=utf-8" />
  <meta name='ocr-system' content='tesseract 3.04.00' />
  <meta name='ocr-capabilities' content='ocr_page ocr_carea ocr_par ocr_line ocrx_word'/>
</head>
<body>
  <div class='ocr_page' id='page_1' title='image "./p2hamassaecarmin02abbiuoft_0045.png"; bbox 0 0 2155 2892; ppageno 0'>
   <div class='ocr_carea' id='block_1_1' title="bbox 941 126 1177 157">
    <p class='ocr_par' dir='ltr' id='par_1_1' title="bbox 941 126 1177 157">
     <span class='ocr_line' id='line_1_1' title="bbox 941 126 1177 157; baseline 0.004 -7"><span class='ocrx_word' id='word_1_1' title='bbox 941 126 1177 157; x_wconf 79' lang='lat'>—35-</span> 
     </span>
    </p>
   </div>
   <div class='ocr_carea' id='block_1_2' title="bbox 170 222 1948 1323">
    <p class='ocr_par' dir='ltr' id='par_1_2' title="bbox 170 222 1948 1323">
     <span class='ocr_line' id='line_1_2' title="bbox 175 222 1941 270; baseline 0.005 -16"><span class='ocrx_word' id='word_1_2' title='bbox 175 235 206 256; x_wconf 84' lang='lat' dir='ltr'><strong>v.</strong></span> <span class='ocrx_word' id='word_1_3' title='bbox 224 225 319 264; x_wconf 71' lang='lat'>6⁴.):</span> <span class='ocrx_word' id='word_1_4' title='bbox 349 225 480 255; x_wconf 77' lang='lat' dir='ltr'><strong>Video</strong></span> <span class='ocrx_word' id='word_1_5' title='bbox 511 229 684 256; x_wconf 84' lang='lat' dir='ltr'><strong>mortem</strong></span> <span class='ocrx_word' id='word_1_6' title='bbox 702 222 726 267; x_wconf 81' lang='lat'><strong>&#39;)</strong></span> <span class='ocrx_word' id='word_1_7' title='bbox 754 233 996 265; x_wconf 81' lang='lat' dir='ltr'><strong>generosos</strong></span> <span class='ocrx_word' id='word_1_8' title='bbox 1022 225 1289 266; x_wconf 76' lang='lat' dir='ltr'><strong>eligentem3</strong></span> <span class='ocrx_word' id='word_1_9' title='bbox 1317 228 1481 265; x_wconf 75' lang='lat' dir='ltr'>posteriori</span> <span class='ocrx_word' id='word_1_10' title='bbox 1510 235 1613 260; x_wconf 81' lang='lat' dir='ltr'><strong>autem</strong></span> <span class='ocrx_word' id='word_1_11' title='bbox 1641 231 1806 270; x_wconf 80' lang='lat' dir='ltr'><strong>sequentia</strong></span> <span class='ocrx_word' id='word_1_12' title='bbox 1835 232 1941 269; x_wconf 87' lang='lat' dir='ltr'><strong>(metr.</strong></span> 
     </span>
     <span class='ocr_line' id='line_1_3' title="bbox 175 286 1944 330; baseline 0.004 -12"><span class='ocrx_word' id='word_1_13' title='bbox 175 287 339 326; x_wconf 71' lang='lat' dir='ltr'><strong>ThawitJ:</strong></span> <span class='ocrx_word' id='word_1_14' title='bbox 375 288 505 319; x_wconf 75' lang='lat' dir='ltr'><strong>Nemo</strong></span> <span class='ocrx_word' id='word_1_15' title='bbox 531 297 580 318; x_wconf 80' lang='lat' dir='ltr'><strong>ex</strong></span> <span class='ocrx_word' id='word_1_16' title='bbox 606 286 720 315; x_wconf 79' lang='lat' dir='ltr'><strong>nobis</strong></span> <span class='ocrx_word' id='word_1_17' title='bbox 749 291 884 317; x_wconf 82' lang='lat' dir='ltr'><strong>morte</strong></span> <span class='ocrx_word' id='word_1_18' title='bbox 918 294 1099 319; x_wconf 85' lang='lat' dir='ltr'><strong>naturae</strong></span> <span class='ocrx_word' id='word_1_19' title='bbox 1134 290 1270 319; x_wconf 84' lang='lat' dir='ltr'><strong>vitam</strong></span> <span class='ocrx_word' id='word_1_20' title='bbox 1306 293 1549 330; x_wconf 75' lang='lat' dir='ltr'>exspiravit.</span> <span class='ocrx_word' id='word_1_21' title='bbox 1603 294 1682 322; x_wconf 80' lang='lat' dir='ltr'><strong>Tres</strong></span> <span class='ocrx_word' id='word_1_22' title='bbox 1711 299 1815 324; x_wconf 85' lang='lat' dir='ltr'><strong>autem</strong></span> <span class='ocrx_word' id='word_1_23' title='bbox 1842 294 1944 325; x_wconf 75' lang='lat' dir='ltr'><strong>fuisse</strong></span> 
     </span>
     <span class='ocr_line' id='line_1_4' title="bbox 171 349 1944 392; baseline 0.006 -14"><span class='ocrx_word' id='word_1_24' title='bbox 171 351 259 379; x_wconf 84' lang='lat' dir='ltr'><strong>viros</strong></span> <span class='ocrx_word' id='word_1_25' title='bbox 297 352 378 380; x_wconf 85' lang='lat' dir='ltr'><strong>inter</strong></span> <span class='ocrx_word' id='word_1_26' title='bbox 414 350 538 380; x_wconf 79' lang='lat' dir='ltr'><strong>Arabes</strong></span> <span class='ocrx_word' id='word_1_27' title='bbox 573 358 683 378; x_wconf 89' lang='lat' dir='ltr'><strong>nomen</strong></span> <span class='ocrx_word' id='word_1_28' title='bbox 716 349 893 379; x_wconf 76' lang='lat' dir='ltr'><strong>Alzinnnnli</strong></span> <span class='ocrx_word' id='word_1_29' title='bbox 929 350 1124 392; x_wconf 85' lang='lat' dir='ltr'><strong>appellatos,</strong></span> <span class='ocrx_word' id='word_1_30' title='bbox 1159 352 1348 382; x_wconf 75' lang='lat' dir='ltr'><strong>scholiastes</strong></span> <span class='ocrx_word' id='word_1_31' title='bbox 1384 353 1478 391; x_wconf 82' lang='lat' dir='ltr'>dixit,</span> <span class='ocrx_word' id='word_1_32' title='bbox 1514 364 1606 384; x_wconf 90' lang='lat' dir='ltr'><strong>unum</strong></span> <span class='ocrx_word' id='word_1_33' title='bbox 1640 359 1788 387; x_wconf 85' lang='lat' dir='ltr'><strong>maiorem</strong></span> <span class='ocrx_word' id='word_1_34' title='bbox 1822 358 1944 388; x_wconf 88' lang='lat' dir='ltr'><strong>nomine</strong></span> 
     </span>
     <span class='ocr_line' id='line_1_5' title="bbox 172 410 1944 457; baseline 0.006 -16"><span class='ocrx_word' id='word_1_35' title='bbox 172 412 277 442; x_wconf 81' lang='lat' dir='ltr'><strong>Malec</strong></span> <span class='ocrx_word' id='word_1_36' title='bbox 307 412 334 443; x_wconf 90' lang='lat' dir='ltr'><strong>b.</strong></span> <span class='ocrx_word' id='word_1_37' title='bbox 361 412 512 442; x_wconf 77' lang='lat' dir='ltr'><strong>Albarets</strong></span> <span class='ocrx_word' id='word_1_38' title='bbox 540 410 568 440; x_wconf 89' lang='lat' dir='ltr'><strong>b.</strong></span> <span class='ocrx_word' id='word_1_39' title='bbox 596 411 792 450; x_wconf 77' lang='lat' dir='ltr'><strong>Moaliwijali</strong></span> <span class='ocrx_word' id='word_1_40' title='bbox 819 412 848 442; x_wconf 88' lang='lat' dir='ltr'><strong>b.</strong></span> <span class='ocrx_word' id='word_1_41' title='bbox 876 413 959 443; x_wconf 83' lang='lat' dir='ltr'><strong>Beer</strong></span> <span class='ocrx_word' id='word_1_42' title='bbox 985 413 1013 443; x_wconf 91' lang='lat' dir='ltr'><strong>b.</strong></span> <span class='ocrx_word' id='word_1_43' title='bbox 1042 414 1227 449; x_wconf 55' lang='lat' dir='ltr'><strong>nativas-cn.</strong></span> <span class='ocrx_word' id='word_1_44' title='bbox 1255 415 1454 454; x_wconf 81' lang='lat' dir='ltr'><strong>sequentium</strong></span> <span class='ocrx_word' id='word_1_45' title='bbox 1482 425 1628 446; x_wconf 86' lang='lat' dir='ltr'><strong>versuum</strong></span> <span class='ocrx_word' id='word_1_46' title='bbox 1655 424 1811 449; x_wconf 80' lang='lat' dir='ltr'>auctorem</span> <span class='ocrx_word' id='word_1_47' title='bbox 1840 420 1944 457; x_wconf 78' lang='lat' dir='ltr'><strong>(metr.</strong></span> 
     </span>
     <span class='ocr_line' id='line_1_6' title="bbox 172 471 1945 518; baseline 0.005 -15"><span class='ocrx_word' id='word_1_48' title='bbox 172 473 319 512; x_wconf 60' lang='lat' dir='ltr'><strong>u&#39;afir):</strong></span> <span class='ocrx_word' id='word_1_49' title='bbox 356 473 384 502; x_wconf 77' lang='lat' dir='ltr'>A</span> <span class='ocrx_word' id='word_1_50' title='bbox 413 473 505 502; x_wconf 90' lang='lat' dir='ltr'><strong>loco</strong></span> <span class='ocrx_word' id='word_1_51' title='bbox 532 471 777 512; x_wconf 76' lang='lat' dir='ltr'><strong>&#39;ratsiits²)</strong></span> <span class='ocrx_word' id='word_1_52' title='bbox 809 483 944 514; x_wconf 89' lang='lat' dir='ltr'><strong>equos</strong></span> <span class='ocrx_word' id='word_1_53' title='bbox 979 474 1194 514; x_wconf 84' lang='lat' dir='ltr'><strong>duximus,</strong></span> <span class='ocrx_word' id='word_1_54' title='bbox 1231 476 1363 507; x_wconf 86' lang='lat' dir='ltr'><strong>donec</strong></span> <span class='ocrx_word' id='word_1_55' title='bbox 1399 477 1445 507; x_wconf 87' lang='lat' dir='ltr'><strong>ad</strong></span> <span class='ocrx_word' id='word_1_56' title='bbox 1479 483 1646 518; x_wconf 80' lang='lat' dir='ltr'><strong>gentem</strong></span> <span class='ocrx_word' id='word_1_57' title='bbox 1683 479 1763 507; x_wconf 75' lang='lat' dir='ltr'><strong>lovi</strong></span> <span class='ocrx_word' id='word_1_58' title='bbox 1792 481 1945 512; x_wconf 77' lang='lat' dir='ltr'>Zarath</span> 
     </span>
     <span class='ocr_line' id='line_1_7' title="bbox 170 535 1944 582; baseline 0.004 -16"><span class='ocrx_word' id='word_1_59' title='bbox 170 542 210 566; x_wconf 89' lang='lat' dir='ltr'><strong>et</strong></span> <span class='ocrx_word' id='word_1_60' title='bbox 246 535 362 566; x_wconf 76' lang='lat' dir='ltr'><strong>Rakd</strong></span> <span class='ocrx_word' id='word_1_61' title='bbox 402 535 742 575; x_wconf 74' lang='lat' dir='ltr'><strong>perveniremus.</strong></span> <span class='ocrx_word' id='word_1_62' title='bbox 802 537 948 577; x_wconf 81' lang='lat' dir='ltr'><strong>Neque</strong></span> <span class='ocrx_word' id='word_1_63' title='bbox 990 544 1126 568; x_wconf 86' lang='lat' dir='ltr'><strong>autem</strong></span> <span class='ocrx_word' id='word_1_64' title='bbox 1166 539 1354 568; x_wconf 87' lang='lat' dir='ltr'><strong>timorem</strong></span> <span class='ocrx_word' id='word_1_65' title='bbox 1394 541 1659 579; x_wconf 80' lang='lat' dir='ltr'><strong>concepimus</strong></span> <span class='ocrx_word' id='word_1_66' title='bbox 1696 550 1828 582; x_wconf 89' lang='lat' dir='ltr'><strong>neque</strong></span> <span class='ocrx_word' id='word_1_67' title='bbox 1862 544 1944 574; x_wconf 87' lang='lat' dir='ltr'><strong>tibi</strong></span> 
     </span>
     <span class='ocr_line' id='line_1_8' title="bbox 171 598 1945 644; baseline 0.003 -15"><span class='ocrx_word' id='word_1_68' title='bbox 171 598 444 635; x_wconf 82' lang='lat' dir='ltr'><strong>recessimus3</strong></span> <span class='ocrx_word' id='word_1_69' title='bbox 480 598 560 628; x_wconf 89' lang='lat' dir='ltr'><strong>sed</strong></span> <span class='ocrx_word' id='word_1_70' title='bbox 598 607 670 627; x_wconf 85' lang='lat' dir='ltr'><strong>cos</strong></span> <span class='ocrx_word' id='word_1_71' title='bbox 704 599 804 628; x_wconf 91' lang='lat' dir='ltr'><strong>omni</strong></span> <span class='ocrx_word' id='word_1_72' title='bbox 832 599 925 629; x_wconf 88' lang='lat' dir='ltr'><strong>alto</strong></span> <span class='ocrx_word' id='word_1_73' title='bbox 953 609 1058 630; x_wconf 90' lang='lat' dir='ltr'><strong>naso</strong></span> <span class='ocrx_word' id='word_1_74' title='bbox 1094 600 1292 639; x_wconf 86' lang='lat' dir='ltr'><strong>praedito</strong></span> <span class='ocrx_word' id='word_1_75' title='bbox 1320 604 1360 630; x_wconf 87' lang='lat' dir='ltr'><strong>et</strong></span> <span class='ocrx_word' id='word_1_76' title='bbox 1388 609 1569 639; x_wconf 89' lang='lat' dir='ltr'><strong>procero</strong></span> <span class='ocrx_word' id='word_1_77' title='bbox 1603 600 1792 644; x_wconf 82' lang='lat' dir='ltr'><strong>occis0³)</strong></span> <span class='ocrx_word' id='word_1_78' title='bbox 1819 604 1945 634; x_wconf 83' lang='lat' dir='ltr'><strong>adfli-</strong></span> 
     </span>
     <span class='ocr_line' id='line_1_9' title="bbox 170 655 1946 706; baseline 0.003 -15"><span class='ocrx_word' id='word_1_79' title='bbox 170 663 313 691; x_wconf 82' lang='lat' dir='ltr'><strong>ximus.</strong></span> <span class='ocrx_word' id='word_1_80' title='bbox 368 655 507 691; x_wconf 79' lang='lat' dir='ltr'><strong>Eheu!</strong></span> <span class='ocrx_word' id='word_1_81' title='bbox 541 660 588 690; x_wconf 83' lang='lat' dir='ltr'><strong>ad</strong></span> <span class='ocrx_word' id='word_1_82' title='bbox 617 666 788 701; x_wconf 83' lang='lat' dir='ltr'><strong>gentem</strong></span> <span class='ocrx_word' id='word_1_83' title='bbox 816 661 1044 701; x_wconf 82' lang='lat' dir='ltr'><strong>Djoscham</strong></span> <span class='ocrx_word' id='word_1_84' title='bbox 1071 662 1100 691; x_wconf 94' lang='lat' dir='ltr'><strong>b.</strong></span> <span class='ocrx_word' id='word_1_85' title='bbox 1129 663 1235 692; x_wconf 89' lang='lat' dir='ltr'><strong>Becr</strong></span> <span class='ocrx_word' id='word_1_86' title='bbox 1274 665 1458 693; x_wconf 88' lang='lat' dir='ltr'><strong>nuntium</strong></span> <span class='ocrx_word' id='word_1_87' title='bbox 1496 664 1660 705; x_wconf 79' lang='lat' dir='ltr'><strong>perfer,</strong></span> <span class='ocrx_word' id='word_1_88' title='bbox 1698 675 1803 702; x_wconf 84' lang='lat' dir='ltr'><strong>nam,</strong></span> <span class='ocrx_word' id='word_1_89' title='bbox 1839 675 1946 706; x_wconf 82' lang='lat' dir='ltr'><strong>quae</strong></span> 
     </span>
     <span class='ocr_line' id='line_1_10' title="bbox 171 723 1945 765; baseline 0.002 -11"><span class='ocrx_word' id='word_1_90' title='bbox 171 723 450 765; x_wconf 84' lang='lat' dir='ltr'><strong>desideratis,</strong></span> <span class='ocrx_word' id='word_1_91' title='bbox 489 732 565 764; x_wconf 85' lang='lat' dir='ltr'><strong>ego</strong></span> <span class='ocrx_word' id='word_1_92' title='bbox 604 732 821 762; x_wconf 85' lang='lat' dir='ltr'><strong>exponere</strong></span> <span class='ocrx_word' id='word_1_93' title='bbox 855 732 1049 763; x_wconf 85' lang='lat' dir='ltr'><strong>possum;</strong></span> <span class='ocrx_word' id='word_1_94' title='bbox 1090 729 1154 753; x_wconf 89' lang='lat' dir='ltr'><strong>tum</strong></span> <span class='ocrx_word' id='word_1_95' title='bbox 1190 723 1322 754; x_wconf 83' lang='lat' dir='ltr'><strong>alterurn</strong></span> <span class='ocrx_word' id='word_1_96' title='bbox 1359 725 1504 754; x_wconf 83' lang='lat' dir='ltr'><strong>minorem</strong></span> <span class='ocrx_word' id='word_1_97' title='bbox 1541 725 1668 755; x_wconf 80' lang='lat' dir='ltr'><strong>fratrem</strong></span> <span class='ocrx_word' id='word_1_98' title='bbox 1703 726 1784 755; x_wconf 87' lang='lat' dir='ltr'><strong>illius</strong></span> <span class='ocrx_word' id='word_1_99' title='bbox 1819 728 1945 758; x_wconf 87' lang='lat' dir='ltr'><strong>maioris</strong></span> 
     </span>
     <span class='ocr_line' id='line_1_11' title="bbox 170 784 1944 832; baseline 0.002 -15"><span class='ocrx_word' id='word_1_100' title='bbox 170 788 294 817; x_wconf 87' lang='lat' dir='ltr'><strong>nomine</strong></span> <span class='ocrx_word' id='word_1_101' title='bbox 322 785 518 825; x_wconf 78' lang='lat' dir='ltr'><strong>Moahwijah</strong></span> <span class='ocrx_word' id='word_1_102' title='bbox 546 785 575 814; x_wconf 92' lang='lat' dir='ltr'><strong>b.</strong></span> <span class='ocrx_word' id='word_1_103' title='bbox 603 784 774 825; x_wconf 77' lang='lat' dir='ltr'><strong>Alliarets,</strong></span> <span class='ocrx_word' id='word_1_104' title='bbox 813 785 1001 825; x_wconf 85' lang='lat' dir='ltr'><strong>cognomine</strong></span> <span class='ocrx_word' id='word_1_105' title='bbox 1028 785 1272 824; x_wconf 76' lang='lat' dir='ltr'><strong>Abu-Doraid,</strong></span> <span class='ocrx_word' id='word_1_106' title='bbox 1312 788 1474 826; x_wconf 87' lang='lat' dir='ltr'><strong>sequentis</strong></span> <span class='ocrx_word' id='word_1_107' title='bbox 1502 798 1619 818; x_wconf 87' lang='lat' dir='ltr'><strong>versus</strong></span> <span class='ocrx_word' id='word_1_108' title='bbox 1652 794 1812 819; x_wconf 77' lang='lat' dir='ltr'><strong>auctorem</strong></span> <span class='ocrx_word' id='word_1_109' title='bbox 1839 787 1944 832; x_wconf 90' lang='lat' dir='ltr'><strong>(metr.</strong></span> 
     </span>
     <span class='ocr_line' id='line_1_12' title="bbox 171 846 1947 892; baseline 0.002 -14"><span class='ocrx_word' id='word_1_110' title='bbox 171 847 402 883; x_wconf 64' lang='lat' dir='ltr'><strong>nominarem:</strong></span> <span class='ocrx_word' id='word_1_111' title='bbox 432 847 588 876; x_wconf 88' lang='lat' dir='ltr'><strong>Paravi</strong></span> <span class='ocrx_word' id='word_1_112' title='bbox 616 846 661 876; x_wconf 87' lang='lat' dir='ltr'><strong>ad</strong></span> <span class='ocrx_word' id='word_1_113' title='bbox 689 847 830 877; x_wconf 88' lang='lat' dir='ltr'><strong>bellum</strong></span> <span class='ocrx_word' id='word_1_114' title='bbox 858 848 1041 886; x_wconf 87' lang='lat' dir='ltr'><strong>(equum)</strong></span> <span class='ocrx_word' id='word_1_115' title='bbox 1070 848 1210 887; x_wconf 87' lang='lat' dir='ltr'><strong>longis</strong></span> <span class='ocrx_word' id='word_1_116' title='bbox 1238 848 1417 887; x_wconf 89' lang='lat' dir='ltr'><strong>pedibus</strong></span> <span class='ocrx_word' id='word_1_117' title='bbox 1445 849 1665 888; x_wconf 85' lang='lat' dir='ltr'><strong>praeditum</strong></span> <span class='ocrx_word' id='word_1_118' title='bbox 1696 847 1731 892; x_wconf 90' lang='lat' dir='ltr'><strong>(i.</strong></span> <span class='ocrx_word' id='word_1_119' title='bbox 1750 860 1778 880; x_wconf 88' lang='lat' dir='ltr'><strong>e.</strong></span> <span class='ocrx_word' id='word_1_120' title='bbox 1799 851 1947 882; x_wconf 85' lang='lat' dir='ltr'><strong>celeriter</strong></span> 
     </span>
     <span class='ocr_line' id='line_1_13' title="bbox 172 908 1946 952; baseline 0.002 -11"><span class='ocrx_word' id='word_1_121' title='bbox 172 911 379 949; x_wconf 79' lang='lat' dir='ltr'><strong>currentem),</strong></span> <span class='ocrx_word' id='word_1_122' title='bbox 408 909 574 950; x_wconf 85' lang='lat' dir='ltr'><strong>longam</strong></span> <span class='ocrx_word' id='word_1_123' title='bbox 600 908 789 938; x_wconf 77' lang='lat' dir='ltr'><strong>lanceam</strong></span> <span class='ocrx_word' id='word_1_124' title='bbox 818 918 1045 948; x_wconf 83' lang='lat' dir='ltr'><strong>ensemque</strong></span> <span class='ocrx_word' id='word_1_125' title='bbox 1072 915 1253 952; x_wconf 81' lang='lat' dir='ltr'><strong>acutum3</strong></span> <span class='ocrx_word' id='word_1_126' title='bbox 1282 911 1407 941; x_wconf 87' lang='lat' dir='ltr'><strong>tertium</strong></span> <span class='ocrx_word' id='word_1_127' title='bbox 1435 911 1568 950; x_wconf 88' lang='lat' dir='ltr'><strong>denique</strong></span> <span class='ocrx_word' id='word_1_128' title='bbox 1586 912 1765 942; x_wconf 85' lang='lat' dir='ltr'><strong>Alzimmah</strong></span> <span class='ocrx_word' id='word_1_129' title='bbox 1784 913 1813 942; x_wconf 90' lang='lat' dir='ltr'><strong>b.</strong></span> <span class='ocrx_word' id='word_1_130' title='bbox 1833 914 1946 944; x_wconf 85' lang='lat' dir='ltr'><strong>Ahbd—</strong></span> 
     </span>
     <span class='ocr_line' id='line_1_14' title="bbox 172 970 1948 1017; baseline 0.002 -13"><span class='ocrx_word' id='word_1_131' title='bbox 172 974 268 1004; x_wconf 81' lang='lat' dir='ltr'><strong>Allah</strong></span> <span class='ocrx_word' id='word_1_132' title='bbox 296 973 324 1002; x_wconf 91' lang='lat' dir='ltr'><strong>b.</strong></span> <span class='ocrx_word' id='word_1_133' title='bbox 349 972 474 1002; x_wconf 80' lang='lat' dir='ltr'><strong>&#39;l&#39;liosail</strong></span> <span class='ocrx_word' id='word_1_134' title='bbox 501 972 529 1001; x_wconf 88' lang='lat' dir='ltr'><strong>b.</strong></span> <span class='ocrx_word' id='word_1_135' title='bbox 557 971 683 1001; x_wconf 82' lang='lat' dir='ltr'><strong>Korrah</strong></span> <span class='ocrx_word' id='word_1_136' title='bbox 709 971 738 1001; x_wconf 88' lang='lat' dir='ltr'><strong>b.</strong></span> <span class='ocrx_word' id='word_1_137' title='bbox 766 971 928 1001; x_wconf 86' lang='lat' dir='ltr'><strong>Hobairah</strong></span> <span class='ocrx_word' id='word_1_138' title='bbox 962 971 990 1000; x_wconf 92' lang='lat' dir='ltr'><strong>b.</strong></span> <span class='ocrx_word' id='word_1_139' title='bbox 1019 970 1130 1000; x_wconf 78' lang='lat' dir='ltr'><strong>Alimir</strong></span> <span class='ocrx_word' id='word_1_140' title='bbox 1166 973 1194 1001; x_wconf 90' lang='lat' dir='ltr'><strong>b.</strong></span> <span class='ocrx_word' id='word_1_141' title='bbox 1231 972 1381 1002; x_wconf 86' lang='lat' dir='ltr'><strong>Salamah</strong></span> <span class='ocrx_word' id='word_1_142' title='bbox 1416 973 1546 1003; x_wconf 78' lang='lat' dir='ltr'><strong>Alcliair</strong></span> <span class='ocrx_word' id='word_1_143' title='bbox 1578 974 1607 1005; x_wconf 91' lang='lat' dir='ltr'><strong>b.</strong></span> <span class='ocrx_word' id='word_1_144' title='bbox 1638 974 1795 1004; x_wconf 86' lang='lat' dir='ltr'><strong>Koschair</strong></span> <span class='ocrx_word' id='word_1_145' title='bbox 1813 972 1863 1017; x_wconf 84' lang='lat'><strong>⁴²),</strong></span> <span class='ocrx_word' id='word_1_146' title='bbox 1898 977 1948 1007; x_wconf 89' lang='lat' dir='ltr'><strong>cui</strong></span> 
     </span>
     <span class='ocr_line' id='line_1_15' title="bbox 172 1033 1947 1080; baseline 0.001 -14"><span class='ocrx_word' id='word_1_147' title='bbox 172 1042 349 1077; x_wconf 73' lang='lat' dir='ltr'><strong>sequentes</strong></span> <span class='ocrx_word' id='word_1_148' title='bbox 376 1044 493 1065; x_wconf 87' lang='lat' dir='ltr'><strong>versus</strong></span> <span class='ocrx_word' id='word_1_149' title='bbox 521 1035 696 1065; x_wconf 82' lang='lat' dir='ltr'><strong>tribuuntur</strong></span> <span class='ocrx_word' id='word_1_150' title='bbox 724 1034 835 1073; x_wconf 81' lang='lat' dir='ltr'><strong>(metr.</strong></span> <span class='ocrx_word' id='word_1_151' title='bbox 861 1033 1020 1073; x_wconf 82' lang='lat' dir='ltr'><strong>Thawil):</strong></span> <span class='ocrx_word' id='word_1_152' title='bbox 1059 1033 1183 1072; x_wconf 82' lang='lat' dir='ltr'><strong>Quum</strong></span> <span class='ocrx_word' id='word_1_153' title='bbox 1218 1034 1351 1075; x_wconf 87' lang='lat' dir='ltr'><strong>iugum</strong></span> <span class='ocrx_word' id='word_1_154' title='bbox 1387 1036 1546 1066; x_wconf 87' lang='lat' dir='ltr'><strong>montis</strong></span> <span class='ocrx_word' id='word_1_155' title='bbox 1573 1036 1724 1066; x_wconf 87' lang='lat' dir='ltr'><strong>Biscbr</strong></span> <span class='ocrx_word' id='word_1_156' title='bbox 1760 1034 1883 1080; x_wconf 88' lang='lat' dir='ltr'><strong>(mons</strong></span> <span class='ocrx_word' id='word_1_157' title='bbox 1910 1040 1947 1070; x_wconf 87' lang='lat' dir='ltr'><strong>in</strong></span> 
     </span>
     <span class='ocr_line' id='line_1_16' title="bbox 173 1096 1948 1138; baseline 0.002 -11"><span class='ocrx_word' id='word_1_158' title='bbox 173 1097 478 1137; x_wconf 76' lang='lat' dir='ltr'><strong>Mesopotamia</strong></span> <span class='ocrx_word' id='word_1_159' title='bbox 505 1097 638 1136; x_wconf 85' lang='lat' dir='ltr'><strong>situs)</strong></span> <span class='ocrx_word' id='word_1_160' title='bbox 665 1098 927 1137; x_wconf 85' lang='lat' dir='ltr'><strong>apparentis</strong></span> <span class='ocrx_word' id='word_1_161' title='bbox 954 1096 1073 1126; x_wconf 90' lang='lat' dir='ltr'><strong>nobis</strong></span> <span class='ocrx_word' id='word_1_162' title='bbox 1101 1097 1465 1136; x_wconf 85' lang='lat' dir='ltr'><strong>conspexissemus</strong></span> <span class='ocrx_word' id='word_1_163' title='bbox 1493 1103 1534 1127; x_wconf 88' lang='lat' dir='ltr'><strong>et</strong></span> <span class='ocrx_word' id='word_1_164' title='bbox 1562 1097 1719 1138; x_wconf 83' lang='lat' dir='ltr'><strong>longos</strong></span> <span class='ocrx_word' id='word_1_165' title='bbox 1746 1108 1948 1131; x_wconf 80' lang='lat' dir='ltr'><strong>arenarum</strong></span> 
     </span>
     <span class='ocr_line' id='line_1_17' title="bbox 174 1158 1948 1198; baseline 0.003 -10"><span class='ocrx_word' id='word_1_166' title='bbox 174 1164 375 1196; x_wconf 86' lang='lat' dir='ltr'><strong>tractus,</strong></span> <span class='ocrx_word' id='word_1_167' title='bbox 404 1167 574 1197; x_wconf 88' lang='lat' dir='ltr'><strong>quarum</strong></span> <span class='ocrx_word' id='word_1_168' title='bbox 601 1159 786 1198; x_wconf 85' lang='lat' dir='ltr'><strong>speciem</strong></span> <span class='ocrx_word' id='word_1_169' title='bbox 815 1158 979 1188; x_wconf 86' lang='lat' dir='ltr'><strong>distans</strong></span> <span class='ocrx_word' id='word_1_170' title='bbox 1007 1158 1194 1198; x_wconf 88' lang='lat' dir='ltr'><strong>spatium</strong></span> <span class='ocrx_word' id='word_1_171' title='bbox 1223 1163 1468 1189; x_wconf 87' lang='lat' dir='ltr'><strong>mutaverat</strong></span> <span class='ocrx_word' id='word_1_172' title='bbox 1495 1164 1536 1189; x_wconf 89' lang='lat' dir='ltr'><strong>et</strong></span> <span class='ocrx_word' id='word_1_173' title='bbox 1563 1160 1686 1189; x_wconf 92' lang='lat' dir='ltr'><strong>nobis</strong></span> <span class='ocrx_word' id='word_1_174' title='bbox 1713 1169 1810 1191; x_wconf 84' lang='lat' dir='ltr'><strong>sese</strong></span> <span class='ocrx_word' id='word_1_175' title='bbox 1837 1163 1948 1194; x_wconf 90' lang='lat' dir='ltr'><strong>obtu-</strong></span> 
     </span>
     <span class='ocr_line' id='line_1_18' title="bbox 173 1219 1948 1262; baseline 0.003 -12"><span class='ocrx_word' id='word_1_176' title='bbox 173 1221 300 1251; x_wconf 83' lang='lat' dir='ltr'><strong>lisset</strong></span> <span class='ocrx_word' id='word_1_177' title='bbox 327 1219 512 1260; x_wconf 82' lang='lat' dir='ltr'><strong>angulus</strong></span> <span class='ocrx_word' id='word_1_178' title='bbox 539 1220 625 1250; x_wconf 83' lang='lat' dir='ltr'><strong>loci</strong></span> <span class='ocrx_word' id='word_1_179' title='bbox 652 1219 815 1260; x_wconf 85' lang='lat' dir='ltr'><strong>Sowadj</strong></span> <span class='ocrx_word' id='word_1_180' title='bbox 845 1220 923 1259; x_wconf 85' lang='lat' dir='ltr'><strong>(duo</strong></span> <span class='ocrx_word' id='word_1_181' title='bbox 950 1220 1020 1251; x_wconf 87' lang='lat' dir='ltr'><strong>loca</strong></span> <span class='ocrx_word' id='word_1_182' title='bbox 1047 1221 1138 1251; x_wconf 89' lang='lat' dir='ltr'><strong>huius</strong></span> <span class='ocrx_word' id='word_1_183' title='bbox 1166 1221 1299 1251; x_wconf 88' lang='lat' dir='ltr'><strong>nominis</strong></span> <span class='ocrx_word' id='word_1_184' title='bbox 1327 1223 1440 1262; x_wconf 85' lang='lat' dir='ltr'><strong>sunt),</strong></span> <span class='ocrx_word' id='word_1_185' title='bbox 1479 1224 1544 1261; x_wconf 89' lang='lat' dir='ltr'><strong>qui</strong></span> <span class='ocrx_word' id='word_1_186' title='bbox 1578 1223 1613 1252; x_wconf 91' lang='lat' dir='ltr'><strong>in</strong></span> <span class='ocrx_word' id='word_1_187' title='bbox 1640 1231 1790 1262; x_wconf 86' lang='lat' dir='ltr'><strong>vapore</strong></span> <span class='ocrx_word' id='word_1_188' title='bbox 1815 1225 1948 1255; x_wconf 88' lang='lat' dir='ltr'><strong>meri-</strong></span> 
     </span>
     <span class='ocr_line' id='line_1_19' title="bbox 173 1280 1186 1323; baseline -0.002 -9"><span class='ocrx_word' id='word_1_189' title='bbox 173 1284 298 1314; x_wconf 86' lang='lat' dir='ltr'><strong>diano</strong></span> <span class='ocrx_word' id='word_1_190' title='bbox 327 1291 454 1321; x_wconf 89' lang='lat' dir='ltr'><strong>equus</strong></span> <span class='ocrx_word' id='word_1_191' title='bbox 482 1282 606 1312; x_wconf 83' lang='lat' dir='ltr'><strong>rusus</strong></span> <span class='ocrx_word' id='word_1_192' title='bbox 635 1283 760 1312; x_wconf 90' lang='lat' dir='ltr'><strong>oculis</strong></span> <span class='ocrx_word' id='word_1_193' title='bbox 788 1283 872 1313; x_wconf 88' lang='lat' dir='ltr'><strong>tuis</strong></span> <span class='ocrx_word' id='word_1_194' title='bbox 900 1282 1128 1314; x_wconf 86' lang='lat' dir='ltr'><strong>videbatur</strong></span> <span class='ocrx_word' id='word_1_195' title='bbox 1146 1280 1186 1323; x_wconf 81' lang='lat'><strong>⁵).</strong></span> 
     </span>
    </p>
   </div>
   <div class='ocr_carea' id='block_1_3' title="bbox 172 1393 1786 1436">
    <p class='ocr_par' dir='ltr' id='par_1_3' title="bbox 172 1393 1786 1436">
     <span class='ocr_line' id='line_1_20' title="bbox 172 1393 1786 1436; baseline 0.001 -12"><span class='ocrx_word' id='word_1_196' title='bbox 172 1396 202 1424; x_wconf 90' lang='lat'><strong>5.</strong></span> <span class='ocrx_word' id='word_1_197' title='bbox 226 1393 265 1424; x_wconf 77' lang='lat' dir='ltr'><strong>Si</strong></span> <span class='ocrx_word' id='word_1_198' title='bbox 285 1403 344 1423; x_wconf 75' lang='lat' dir='ltr'><strong>nos</strong></span> <span class='ocrx_word' id='word_1_199' title='bbox 364 1396 466 1422; x_wconf 77' lang='lat' dir='ltr'><strong>antem</strong></span> <span class='ocrx_word' id='word_1_200' title='bbox 488 1396 644 1431; x_wconf 67' lang='lat' dir='ltr'><strong>sanquine</strong></span> <span class='ocrx_word' id='word_1_201' title='bbox 666 1397 772 1423; x_wconf 77' lang='lat' dir='ltr'><strong>nostro</strong></span> <span class='ocrx_word' id='word_1_202' title='bbox 795 1395 897 1423; x_wconf 78' lang='lat' dir='ltr'><strong>odium</strong></span> <span class='ocrx_word' id='word_1_203' title='bbox 917 1395 1037 1433; x_wconf 67' lang='lat' dir='ltr'><strong>soz-enti</strong></span> <span class='ocrx_word' id='word_1_204' title='bbox 1056 1403 1178 1432; x_wconf 79' lang='lat' dir='ltr'><strong>semper</strong></span> <span class='ocrx_word' id='word_1_205' title='bbox 1199 1393 1364 1423; x_wconf 76' lang='lat' dir='ltr'><strong>obstrictos</strong></span> <span class='ocrx_word' id='word_1_206' title='bbox 1386 1395 1480 1431; x_wconf 78' lang='lat' dir='ltr'><strong>vides,</strong></span> <span class='ocrx_word' id='word_1_207' title='bbox 1504 1397 1560 1434; x_wconf 77' lang='lat' dir='ltr'><strong>qui</strong></span> <span class='ocrx_word' id='word_1_208' title='bbox 1580 1405 1650 1425; x_wconf 81' lang='lat' dir='ltr'><strong>eum</strong></span> <span class='ocrx_word' id='word_1_209' title='bbox 1673 1398 1786 1436; x_wconf 76' lang='lat' dir='ltr'><strong>aufert,</strong></span> 
     </span>
    </p>
   </div>
   <div class='ocr_carea' id='block_1_4' title="bbox 171 1475 1951 1767">
    <p class='ocr_par' dir='ltr' id='par_1_4' title="bbox 171 1475 1951 1767">
     <span class='ocr_line' id='line_1_21' title="bbox 269 1475 1949 1519; baseline 0.002 -13"><span class='ocrx_word' id='word_1_210' title='bbox 269 1476 384 1506; x_wconf 84' lang='lat' dir='ltr'><strong>Status</strong></span> <span class='ocrx_word' id='word_1_211' title='bbox 411 1484 540 1505; x_wconf 88' lang='lat' dir='ltr'><strong>causam</strong></span> <span class='ocrx_word' id='word_1_212' title='bbox 567 1479 600 1504; x_wconf 91' lang='lat' dir='ltr'><strong>et</strong></span> <span class='ocrx_word' id='word_1_213' title='bbox 626 1475 716 1514; x_wconf 84' lang='lat' dir='ltr'><strong>quasi</strong></span> <span class='ocrx_word' id='word_1_214' title='bbox 743 1475 993 1515; x_wconf 82' lang='lat' dir='ltr'><strong>excusationem,</strong></span> <span class='ocrx_word' id='word_1_215' title='bbox 1021 1475 1103 1514; x_wconf 92' lang='lat' dir='ltr'><strong>quod</strong></span> <span class='ocrx_word' id='word_1_216' title='bbox 1130 1475 1236 1516; x_wconf 83' lang='lat' dir='ltr'><strong>gentis</strong></span> <span class='ocrx_word' id='word_1_217' title='bbox 1263 1475 1406 1505; x_wconf 90' lang='lat' dir='ltr'><strong>Zimmah</strong></span> <span class='ocrx_word' id='word_1_218' title='bbox 1433 1481 1497 1506; x_wconf 84' lang='lat' dir='ltr'><strong>tam</strong></span> <span class='ocrx_word' id='word_1_219' title='bbox 1524 1477 1611 1507; x_wconf 79' lang='lat' dir='ltr'><strong>multi</strong></span> <span class='ocrx_word' id='word_1_220' title='bbox 1631 1478 1861 1519; x_wconf 83' lang='lat' dir='ltr'><strong>occiderentur,</strong></span> <span class='ocrx_word' id='word_1_221' title='bbox 1889 1479 1949 1510; x_wconf 86' lang='lat' dir='ltr'><strong>ad-</strong></span> 
     </span>
     <span class='ocr_line' id='line_1_22' title="bbox 171 1536 1950 1577; baseline 0.001 -7"><span class='ocrx_word' id='word_1_222' title='bbox 171 1540 250 1572; x_wconf 84' lang='lat' dir='ltr'><strong>tulit,</strong></span> <span class='ocrx_word' id='word_1_223' title='bbox 302 1539 380 1569; x_wconf 81' lang='lat' dir='ltr'><strong>Eam</strong></span> <span class='ocrx_word' id='word_1_224' title='bbox 414 1547 542 1577; x_wconf 89' lang='lat' dir='ltr'><strong>semper</strong></span> <span class='ocrx_word' id='word_1_225' title='bbox 577 1546 656 1567; x_wconf 88' lang='lat' dir='ltr'><strong>nece</strong></span> <span class='ocrx_word' id='word_1_226' title='bbox 692 1536 823 1567; x_wconf 91' lang='lat' dir='ltr'><strong>aliorum</strong></span> <span class='ocrx_word' id='word_1_227' title='bbox 857 1536 1015 1566; x_wconf 89' lang='lat' dir='ltr'><strong>vindictae</strong></span> <span class='ocrx_word' id='word_1_228' title='bbox 1047 1537 1215 1566; x_wconf 84' lang='lat' dir='ltr'><strong>obnoxiam</strong></span> <span class='ocrx_word' id='word_1_229' title='bbox 1241 1546 1328 1566; x_wconf 87' lang='lat' dir='ltr'><strong>esse.</strong></span> <span class='ocrx_word' id='word_1_230' title='bbox 1380 1538 1568 1568; x_wconf 84' lang='lat' dir='ltr'><strong>Mersukius</strong></span> <span class='ocrx_word' id='word_1_231' title='bbox 1594 1538 1676 1570; x_wconf 89' lang='lat' dir='ltr'><strong>hunc</strong></span> <span class='ocrx_word' id='word_1_232' title='bbox 1702 1548 1831 1570; x_wconf 89' lang='lat' dir='ltr'><strong>versum</strong></span> <span class='ocrx_word' id='word_1_233' title='bbox 1857 1541 1950 1572; x_wconf 85' lang='lat' dir='ltr'><strong>simul</strong></span> 
     </span>
     <span class='ocr_line' id='line_1_23' title="bbox 172 1593 1950 1645; baseline -0.001 -14"><span class='ocrx_word' id='word_1_234' title='bbox 172 1611 242 1633; x_wconf 91' lang='lat' dir='ltr'><strong>cum</strong></span> <span class='ocrx_word' id='word_1_235' title='bbox 268 1604 424 1640; x_wconf 82' lang='lat' dir='ltr'><strong>sequente</strong></span> <span class='ocrx_word' id='word_1_236' title='bbox 450 1599 646 1639; x_wconf 85' lang='lat' dir='ltr'><strong>coniungens</strong></span> <span class='ocrx_word' id='word_1_237' title='bbox 673 1598 771 1628; x_wconf 80' lang='lat' dir='ltr'><strong>dixit:</strong></span> <span class='ocrx_word' id='word_1_238' title='bbox 799 1598 822 1626; x_wconf 74' lang='lat' dir='ltr'><strong>la</strong></span> <span class='ocrx_word' id='word_1_239' title='bbox 850 1594 933 1645; x_wconf 51' lang='lat' dir='ltr'><strong>ibai)</strong></span> <span class='ocrx_word' id='word_1_240' title='bbox 963 1593 998 1627; x_wconf 67' lang='grc' dir='ltr'><strong>[3ῑὸ</strong></span> <span class='ocrx_word' id='word_1_241' title='bbox 1025 1596 1052 1636; x_wconf 69' lang='grc' dir='ltr'><strong>ῥ,</strong></span> <span class='ocrx_word' id='word_1_242' title='bbox 1078 1596 1163 1643; x_wconf 60' lang='lat' dir='ltr'><strong>nudi,</strong></span> <span class='ocrx_word' id='word_1_243' title='bbox 1192 1594 1236 1628; x_wconf 62' lang='lat' dir='ltr'><strong>ub</strong></span> <span class='ocrx_word' id='word_1_244' title='bbox 1256 1603 1318 1640; x_wconf 64' lang='lat'><strong>29&gt;</strong></span> <span class='ocrx_word' id='word_1_245' title='bbox 1346 1599 1407 1628; x_wconf 66' lang='grc' dir='ltr'><strong>ωὼ</strong></span> <span class='ocrx_word' id='word_1_246' title='bbox 1434 1593 1526 1640; x_wconf 58' lang='grc' dir='ltr'><strong>ύόὁῖ</strong></span> <span class='ocrx_word' id='word_1_247' title='bbox 1545 1598 1644 1638; x_wconf 47' lang='grc' dir='ltr'><strong>μυός</strong></span> <span class='ocrx_word' id='word_1_248' title='bbox 1667 1597 1713 1641; x_wconf 60' lang='lat'><strong>1323</strong></span> <span class='ocrx_word' id='word_1_249' title='bbox 1739 1600 1766 1639; x_wconf 66' lang='lat'>3</span> <span class='ocrx_word' id='word_1_250' title='bbox 1793 1599 1826 1630; x_wconf 72' lang='lat' dir='ltr'><strong>Lol</strong></span> <span class='ocrx_word' id='word_1_251' title='bbox 1852 1600 1950 1643; x_wconf 45' lang='lat'><strong>2⁴5?</strong></span> 
     </span>
     <span class='ocr_line' id='line_1_24' title="bbox 173 1658 1951 1704; baseline 0.002 -13"><span class='ocrx_word' id='word_1_252' title='bbox 173 1662 248 1704; x_wconf 59' lang='grc' dir='ltr'><strong>ῳῤ</strong></span> <span class='ocrx_word' id='word_1_253' title='bbox 275 1662 317 1701; x_wconf 53' lang='lat'><strong>[43</strong></span> <span class='ocrx_word' id='word_1_254' title='bbox 345 1661 442 1700; x_wconf 50' lang='grc' dir='ltr'><strong>[θὼρ</strong></span> <span class='ocrx_word' id='word_1_255' title='bbox 483 1662 636 1693; x_wconf 84' lang='lat' dir='ltr'><strong>»Phrasin</strong></span> <span class='ocrx_word' id='word_1_256' title='bbox 662 1667 909 1701; x_wconf 86' lang='lat' dir='ltr'><strong>consequentem</strong></span> <span class='ocrx_word' id='word_1_257' title='bbox 937 1661 1027 1691; x_wconf 82' lang='lat' dir='ltr'><strong>vocis</strong></span> <span class='ocrx_word' id='word_1_258' title='bbox 1056 1658 1088 1689; x_wconf 73' lang='lat' dir='ltr'><strong>Lol</strong></span> <span class='ocrx_word' id='word_1_259' title='bbox 1117 1662 1148 1692; x_wconf 88' lang='lat' dir='ltr'><strong>in</strong></span> <span class='ocrx_word' id='word_1_260' title='bbox 1175 1661 1261 1691; x_wconf 89' lang='lat' dir='ltr'><strong>initio</strong></span> <span class='ocrx_word' id='word_1_261' title='bbox 1288 1670 1406 1691; x_wconf 87' lang='lat' dir='ltr'><strong>versus</strong></span> <span class='ocrx_word' id='word_1_262' title='bbox 1433 1662 1598 1700; x_wconf 78' lang='lat' dir='ltr'><strong>sequentis</strong></span> <span class='ocrx_word' id='word_1_263' title='bbox 1626 1671 1692 1692; x_wconf 85' lang='lat' dir='ltr'><strong>vox</strong></span> <span class='ocrx_word' id='word_1_264' title='bbox 1720 1659 1764 1691; x_wconf 66' lang='lat' dir='ltr'><strong>uls</strong></span> <span class='ocrx_word' id='word_1_265' title='bbox 1791 1663 1891 1694; x_wconf 83' lang='lat' dir='ltr'><strong>efficit</strong></span> <span class='ocrx_word' id='word_1_266' title='bbox 1918 1669 1951 1695; x_wconf 81' lang='lat' dir='ltr'><strong>et</strong></span> 
     </span>
     <span class='ocr_line' id='line_1_25' title="bbox 174 1720 1950 1767; baseline 0 -11"><span class='ocrx_word' id='word_1_267' title='bbox 174 1726 279 1756; x_wconf 88' lang='lat' dir='ltr'><strong>littera</strong></span> <span class='ocrx_word' id='word_1_268' title='bbox 302 1727 341 1756; x_wconf 58' lang='lat' dir='ltr'>Q</span> <span class='ocrx_word' id='word_1_269' title='bbox 367 1725 397 1754; x_wconf 88' lang='lat' dir='ltr'><strong>in</strong></span> <span class='ocrx_word' id='word_1_270' title='bbox 422 1733 505 1755; x_wconf 83' lang='lat' dir='ltr'><strong>voce</strong></span> <span class='ocrx_word' id='word_1_271' title='bbox 531 1720 575 1753; x_wconf 64' lang='lat' dir='ltr'><strong>ub</strong></span> <span class='ocrx_word' id='word_1_272' title='bbox 601 1725 768 1764; x_wconf 87' lang='lat' dir='ltr'><strong>sequentia</strong></span> <span class='ocrx_word' id='word_1_273' title='bbox 795 1724 894 1754; x_wconf 86' lang='lat' dir='ltr'><strong>verba</strong></span> <span class='ocrx_word' id='word_1_274' title='bbox 919 1733 989 1754; x_wconf 91' lang='lat' dir='ltr'><strong>cum</strong></span> <span class='ocrx_word' id='word_1_275' title='bbox 1016 1723 1278 1754; x_wconf 83' lang='lat' dir='ltr'><strong>antecedentibus</strong></span> <span class='ocrx_word' id='word_1_276' title='bbox 1305 1725 1497 1754; x_wconf 82' lang='lat' dir='ltr'><strong>conuecti1.«</strong></span> <span class='ocrx_word' id='word_1_277' title='bbox 1553 1725 1708 1756; x_wconf 76' lang='lat' dir='ltr'><strong>videmus</strong></span> <span class='ocrx_word' id='word_1_278' title='bbox 1736 1726 1844 1767; x_wconf 86' lang='lat' dir='ltr'><strong>igitur,</strong></span> <span class='ocrx_word' id='word_1_279' title='bbox 1873 1735 1950 1765; x_wconf 86' lang='lat' dir='ltr'><strong>pro-</strong></span> 
     </span>
    </p>
   </div>
   <div class='ocr_carea' id='block_1_5' title="bbox 177 1781 1951 1846">
    <p class='ocr_par' dir='ltr' id='par_1_5' title="bbox 177 1781 1951 1846">
     <span class='ocr_line' id='line_1_26' title="bbox 177 1781 1951 1831; baseline 0.001 -15"><span class='ocrx_word' id='word_1_280' title='bbox 177 1786 381 1818; x_wconf 88' lang='lat' dir='ltr'><strong>nuntiandum</strong></span> <span class='ocrx_word' id='word_1_281' title='bbox 401 1795 476 1816; x_wconf 89' lang='lat' dir='ltr'><strong>esse</strong></span> <span class='ocrx_word' id='word_1_282' title='bbox 505 1781 546 1814; x_wconf 65' lang='lat' dir='ltr'><strong>Lali</strong></span> <span class='ocrx_word' id='word_1_283' title='bbox 574 1795 615 1816; x_wconf 82' lang='lat' dir='ltr'><strong>ex</strong></span> <span class='ocrx_word' id='word_1_284' title='bbox 640 1785 679 1831; x_wconf 60' lang='lat' dir='ltr'><strong>Ul</strong></span> <span class='ocrx_word' id='word_1_285' title='bbox 706 1791 739 1816; x_wconf 92' lang='lat' dir='ltr'><strong>et</strong></span> <span class='ocrx_word' id='word_1_286' title='bbox 766 1788 789 1814; x_wconf 65' lang='lat' dir='ltr'><strong>b·</strong></span> <span class='ocrx_word' id='word_1_287' title='bbox 805 1787 1025 1826; x_wconf 86' lang='lat' dir='ltr'><strong>compositum,</strong></span> <span class='ocrx_word' id='word_1_288' title='bbox 1052 1795 1133 1825; x_wconf 88' lang='lat' dir='ltr'><strong>nam,</strong></span> <span class='ocrx_word' id='word_1_289' title='bbox 1153 1786 1212 1815; x_wconf 90' lang='lat' dir='ltr'><strong>nisi</strong></span> <span class='ocrx_word' id='word_1_290' title='bbox 1228 1782 1272 1815; x_wconf 78' lang='lat' dir='ltr'><strong>ita</strong></span> <span class='ocrx_word' id='word_1_291' title='bbox 1288 1786 1522 1827; x_wconf 80' lang='lat' dir='ltr'><strong>pronunciatur,</strong></span> <span class='ocrx_word' id='word_1_292' title='bbox 1549 1786 1588 1816; x_wconf 94' lang='lat' dir='ltr'><strong>de</strong></span> <span class='ocrx_word' id='word_1_293' title='bbox 1607 1787 1715 1826; x_wconf 88' lang='lat' dir='ltr'><strong>phrasi</strong></span> <span class='ocrx_word' id='word_1_294' title='bbox 1734 1792 1951 1826; x_wconf 85' lang='lat' dir='ltr'><strong>consequente</strong></span> 
     </span>
     <span class='ocr_line' id='line_1_27' title="bbox 527 1831 541 1846; baseline 0 0"><span class='ocrx_word' id='word_1_295' title='bbox 527 1831 541 1846; x_wconf 66' lang='grc' dir='ltr'><strong>Β</strong></span> 
     </span>
    </p>
   </div>
   <div class='ocr_carea' id='block_1_6' title="bbox 175 1859 1952 2152">
    <p class='ocr_par' dir='ltr' id='par_1_6' title="bbox 175 1859 1952 2152">
     <span class='ocr_line' id='line_1_28' title="bbox 175 1859 1951 1902; baseline 0.001 -11"><span class='ocrx_word' id='word_1_296' title='bbox 175 1870 278 1892; x_wconf 91' lang='lat' dir='ltr'><strong>sermo</strong></span> <span class='ocrx_word' id='word_1_297' title='bbox 317 1870 393 1890; x_wconf 89' lang='lat' dir='ltr'><strong>esse</strong></span> <span class='ocrx_word' id='word_1_298' title='bbox 419 1870 480 1890; x_wconf 91' lang='lat' dir='ltr'><strong>non</strong></span> <span class='ocrx_word' id='word_1_299' title='bbox 508 1865 617 1900; x_wconf 85' lang='lat' dir='ltr'><strong>potest</strong></span> <span class='ocrx_word' id='word_1_300' title='bbox 643 1864 674 1890; x_wconf 92' lang='lat' dir='ltr'><strong>et</strong></span> <span class='ocrx_word' id='word_1_301' title='bbox 706 1860 898 1890; x_wconf 88' lang='lat' dir='ltr'><strong>scholiasten</strong></span> <span class='ocrx_word' id='word_1_302' title='bbox 929 1864 1069 1890; x_wconf 90' lang='lat' dir='ltr'><strong>nostrum</strong></span> <span class='ocrx_word' id='word_1_303' title='bbox 1105 1859 1187 1890; x_wconf 88' lang='lat' dir='ltr'><strong>haud</strong></span> <span class='ocrx_word' id='word_1_304' title='bbox 1215 1861 1295 1890; x_wconf 90' lang='lat' dir='ltr'><strong>bene</strong></span> <span class='ocrx_word' id='word_1_305' title='bbox 1321 1861 1478 1890; x_wconf 80' lang='lat' dir='ltr'><strong>Mersukii</strong></span> <span class='ocrx_word' id='word_1_306' title='bbox 1514 1862 1614 1891; x_wconf 88' lang='lat' dir='ltr'><strong>verba</strong></span> <span class='ocrx_word' id='word_1_307' title='bbox 1645 1861 1821 1902; x_wconf 87' lang='lat' dir='ltr'><strong>adtulisse,</strong></span> <span class='ocrx_word' id='word_1_308' title='bbox 1856 1871 1951 1901; x_wconf 89' lang='lat' dir='ltr'><strong>quum</strong></span> 
     </span>
     <span class='ocr_line' id='line_1_29' title="bbox 176 1918 1952 1965; baseline 0 -11"><span class='ocrx_word' id='word_1_309' title='bbox 176 1923 357 1954; x_wconf 86' lang='lat' dir='ltr'><strong>necessaria</strong></span> <span class='ocrx_word' id='word_1_310' title='bbox 384 1923 554 1952; x_wconf 88' lang='lat' dir='ltr'><strong>omitteret.</strong></span> <span class='ocrx_word' id='word_1_311' title='bbox 607 1921 704 1951; x_wconf 85' lang='lat' dir='ltr'><strong>Falso</strong></span> <span class='ocrx_word' id='word_1_312' title='bbox 731 1930 854 1960; x_wconf 90' lang='lat' dir='ltr'><strong>quoque</strong></span> <span class='ocrx_word' id='word_1_313' title='bbox 882 1922 973 1965; x_wconf 82' lang='lat' dir='ltr'><strong>modo</strong></span> <span class='ocrx_word' id='word_1_314' title='bbox 1001 1923 1136 1952; x_wconf 80' lang='lat' dir='ltr'><strong>litteram</strong></span> <span class='ocrx_word' id='word_1_315' title='bbox 1164 1926 1201 1954; x_wconf 58' lang='lat' dir='ltr'>Q</span> <span class='ocrx_word' id='word_1_316' title='bbox 1229 1925 1259 1952; x_wconf 93' lang='lat' dir='ltr'><strong>in</strong></span> <span class='ocrx_word' id='word_1_317' title='bbox 1286 1931 1367 1952; x_wconf 86' lang='lat' dir='ltr'><strong>voce</strong></span> <span class='ocrx_word' id='word_1_318' title='bbox 1395 1918 1437 1950; x_wconf 61' lang='lat' dir='ltr'><strong>100ss</strong></span> <span class='ocrx_word' id='word_1_319' title='bbox 1465 1927 1608 1961; x_wconf 85' lang='lat' dir='ltr'><strong>tanquam</strong></span> <span class='ocrx_word' id='word_1_320' title='bbox 1641 1922 1734 1953; x_wconf 90' lang='lat' dir='ltr'><strong>talem</strong></span> <span class='ocrx_word' id='word_1_321' title='bbox 1765 1923 1952 1963; x_wconf 85' lang='lat' dir='ltr'><strong>explicatam</strong></span> 
     </span>
     <span class='ocr_line' id='line_1_30' title="bbox 176 1980 1951 2030; baseline 0.001 -15"><span class='ocrx_word' id='word_1_322' title='bbox 176 1996 273 2024; x_wconf 88' lang='lat' dir='ltr'><strong>esse,</strong></span> <span class='ocrx_word' id='word_1_323' title='bbox 305 1994 385 2025; x_wconf 88' lang='lat' dir='ltr'><strong>quae</strong></span> <span class='ocrx_word' id='word_1_324' title='bbox 411 1985 579 2025; x_wconf 86' lang='lat' dir='ltr'><strong>sequentia</strong></span> <span class='ocrx_word' id='word_1_325' title='bbox 607 1993 674 2014; x_wconf 80' lang='lat' dir='ltr'><strong>cum</strong></span> <span class='ocrx_word' id='word_1_326' title='bbox 704 1983 967 2023; x_wconf 82' lang='lat' dir='ltr'><strong>praecedentibus</strong></span> <span class='ocrx_word' id='word_1_327' title='bbox 995 1985 1211 2024; x_wconf 86' lang='lat' dir='ltr'><strong>coniungeret.</strong></span> <span class='ocrx_word' id='word_1_328' title='bbox 1263 1983 1372 2013; x_wconf 74' lang='lat' dir='ltr'><strong>Verba</strong></span> <span class='ocrx_word' id='word_1_329' title='bbox 1399 1980 1461 2030; x_wconf 61' lang='lat' dir='ltr'><strong>„Sl-53</strong></span> <span class='ocrx_word' id='word_1_330' title='bbox 1477 1982 1495 2011; x_wconf 56' lang='lat'><strong>”5</strong></span> <span class='ocrx_word' id='word_1_331' title='bbox 1522 1993 1622 2023; x_wconf 88' lang='lat' dir='ltr'><strong>usque</strong></span> <span class='ocrx_word' id='word_1_332' title='bbox 1648 1983 1687 2014; x_wconf 88' lang='lat' dir='ltr'><strong>ad</strong></span> <span class='ocrx_word' id='word_1_333' title='bbox 1713 1993 1830 2015; x_wconf 80' lang='lat' dir='ltr'><strong>versus</strong></span> <span class='ocrx_word' id='word_1_334' title='bbox 1857 1985 1951 2016; x_wconf 84' lang='lat' dir='ltr'><strong>finem</strong></span> 
     </span>
     <span class='ocr_line' id='line_1_31' title="bbox 176 2044 1951 2091; baseline -0.001 -13"><span class='ocrx_word' id='word_1_335' title='bbox 176 2048 293 2078; x_wconf 88' lang='lat' dir='ltr'><strong>obiecti</strong></span> <span class='ocrx_word' id='word_1_336' title='bbox 321 2048 421 2078; x_wconf 90' lang='lat' dir='ltr'><strong>locum</strong></span> <span class='ocrx_word' id='word_1_337' title='bbox 448 2047 538 2078; x_wconf 85' lang='lat' dir='ltr'><strong>verbi</strong></span> <span class='ocrx_word' id='word_1_338' title='bbox 564 2050 630 2091; x_wconf 57' lang='lat' dir='ltr'><strong>k55¹2·</strong></span> <span class='ocrx_word' id='word_1_339' title='bbox 660 2052 779 2077; x_wconf 90' lang='lat' dir='ltr'><strong>tenent.</strong></span> <span class='ocrx_word' id='word_1_340' title='bbox 831 2046 985 2076; x_wconf 86' lang='lat' dir='ltr'><strong>Pluralem</strong></span> <span class='ocrx_word' id='word_1_341' title='bbox 1014 2044 1103 2084; x_wconf 59' lang='lat' dir='ltr'><strong>Egi-ot)</strong></span> <span class='ocrx_word' id='word_1_342' title='bbox 1129 2045 1269 2075; x_wconf 86' lang='lat' dir='ltr'><strong>adhibuit</strong></span> <span class='ocrx_word' id='word_1_343' title='bbox 1297 2046 1427 2085; x_wconf 90' lang='lat' dir='ltr'><strong>plurium</strong></span> <span class='ocrx_word' id='word_1_344' title='bbox 1446 2046 1583 2076; x_wconf 89' lang='lat' dir='ltr'><strong>virorum</strong></span> <span class='ocrx_word' id='word_1_345' title='bbox 1610 2046 1797 2087; x_wconf 87' lang='lat' dir='ltr'><strong>sanguinem</strong></span> <span class='ocrx_word' id='word_1_346' title='bbox 1824 2047 1951 2088; x_wconf 82' lang='lat' dir='ltr'><strong>signifi-</strong></span> 
     </span>
     <span class='ocr_line' id='line_1_32' title="bbox 175 2106 1952 2152; baseline 0 -13"><span class='ocrx_word' id='word_1_347' title='bbox 175 2115 305 2140; x_wconf 89' lang='lat' dir='ltr'><strong>caturus</strong></span> <span class='ocrx_word' id='word_1_348' title='bbox 340 2114 372 2139; x_wconf 89' lang='lat' dir='ltr'><strong>et</strong></span> <span class='ocrx_word' id='word_1_349' title='bbox 410 2108 489 2139; x_wconf 90' lang='lat' dir='ltr'><strong>hanc</strong></span> <span class='ocrx_word' id='word_1_350' title='bbox 523 2109 561 2139; x_wconf 92' lang='lat' dir='ltr'><strong>ob</strong></span> <span class='ocrx_word' id='word_1_351' title='bbox 595 2119 726 2139; x_wconf 90' lang='lat' dir='ltr'><strong>causam</strong></span> <span class='ocrx_word' id='word_1_352' title='bbox 759 2109 950 2138; x_wconf 89' lang='lat' dir='ltr'><strong>scholiastes</strong></span> <span class='ocrx_word' id='word_1_353' title='bbox 986 2116 1066 2137; x_wconf 81' lang='lat' dir='ltr'><strong>voce</strong></span> <span class='ocrx_word' id='word_1_354' title='bbox 1087 2111 1148 2152; x_wconf 64' lang='lat'><strong>53,</strong></span> <span class='ocrx_word' id='word_1_355' title='bbox 1183 2117 1252 2137; x_wconf 91' lang='lat' dir='ltr'><strong>cum</strong></span> <span class='ocrx_word' id='word_1_356' title='bbox 1290 2106 1390 2136; x_wconf 83' lang='lat' dir='ltr'><strong>forma</strong></span> <span class='ocrx_word' id='word_1_357' title='bbox 1424 2106 1597 2147; x_wconf 87' lang='lat' dir='ltr'><strong>singularis</strong></span> <span class='ocrx_word' id='word_1_358' title='bbox 1631 2107 1743 2137; x_wconf 88' lang='lat' dir='ltr'><strong>multos</strong></span> <span class='ocrx_word' id='word_1_359' title='bbox 1777 2107 1952 2149; x_wconf 84' lang='lat' dir='ltr'><strong>significari</strong></span> 
     </span>
    </p>
   </div>
   <div class='ocr_carea' id='block_1_7' title="bbox 176 2169 1951 2216">
    <p class='ocr_par' dir='ltr' id='par_1_7' title="bbox 176 2169 1951 2216">
     <span class='ocr_line' id='line_1_33' title="bbox 176 2169 1951 2216; baseline -0.001 -15"><span class='ocrx_word' id='word_1_360' title='bbox 176 2171 263 2202; x_wconf 83' lang='lat' dir='ltr'><strong>dixit.</strong></span> <span class='ocrx_word' id='word_1_361' title='bbox 318 2172 426 2201; x_wconf 77' lang='lat' dir='ltr'><strong>Verba</strong></span> <span class='ocrx_word' id='word_1_362' title='bbox 461 2176 567 2201; x_wconf 87' lang='lat' dir='ltr'><strong>autem</strong></span> <span class='ocrx_word' id='word_1_363' title='bbox 594 2169 690 2216; x_wconf 53' lang='lat' dir='ltr'><strong>3²0&amp;ss</strong></span> <span class='ocrx_word' id='word_1_364' title='bbox 719 2169 816 2216; x_wconf 61' lang='lat' dir='ltr'><strong>5&#39;&gt;ll,</strong></span> <span class='ocrx_word' id='word_1_365' title='bbox 852 2180 934 2210; x_wconf 81' lang='lat' dir='ltr'><strong>quae</strong></span> <span class='ocrx_word' id='word_1_366' title='bbox 969 2171 1101 2210; x_wconf 90' lang='lat' dir='ltr'><strong>tempori</strong></span> <span class='ocrx_word' id='word_1_367' title='bbox 1137 2169 1314 2200; x_wconf 86' lang='lat' dir='ltr'><strong>definiendo</strong></span> <span class='ocrx_word' id='word_1_368' title='bbox 1351 2169 1544 2210; x_wconf 85' lang='lat' dir='ltr'><strong>inserviant,</strong></span> <span class='ocrx_word' id='word_1_369' title='bbox 1582 2170 1705 2199; x_wconf 91' lang='lat' dir='ltr'><strong>nonnisi</strong></span> <span class='ocrx_word' id='word_1_370' title='bbox 1739 2179 1809 2200; x_wconf 91' lang='lat' dir='ltr'><strong>cum</strong></span> <span class='ocrx_word' id='word_1_371' title='bbox 1845 2170 1951 2200; x_wconf 87' lang='lat' dir='ltr'><strong>verbis</strong></span> 
     </span>
    </p>
   </div>
   <div class='ocr_carea' id='block_1_8' title="bbox 190 2279 1290 2371">
    <p class='ocr_par' dir='ltr' id='par_1_8' title="bbox 190 2279 1290 2371">
     <span class='ocr_line' id='line_1_34' title="bbox 195 2279 916 2325; baseline 0.001 -15"><span class='ocrx_word' id='word_1_372' title='bbox 195 2287 221 2316; x_wconf 93' lang='grc'><strong>1)</strong></span> <span class='ocrx_word' id='word_1_373' title='bbox 240 2287 269 2310; x_wconf 86' lang='lat' dir='ltr'><strong>la</strong></span> <span class='ocrx_word' id='word_1_374' title='bbox 288 2287 381 2310; x_wconf 84' lang='lat' dir='ltr'><strong>codice</strong></span> <span class='ocrx_word' id='word_1_375' title='bbox 401 2286 530 2310; x_wconf 72' lang='lat' dir='ltr'><strong>Mersukii</strong></span> <span class='ocrx_word' id='word_1_376' title='bbox 543 2279 637 2325; x_wconf 49' lang='lat'><strong>5⁹0⁵„</strong></span> <span class='ocrx_word' id='word_1_377' title='bbox 656 2292 787 2325; x_wconf 68' lang='lat' dir='ltr'><strong>tempus</strong></span> <span class='ocrx_word' id='word_1_378' title='bbox 806 2288 916 2318; x_wconf 84' lang='lat' dir='ltr'><strong>legitur.</strong></span> 
     </span>
     <span class='ocr_line' id='line_1_35' title="bbox 190 2341 1290 2371; baseline 0 -5"><span class='ocrx_word' id='word_1_379' title='bbox 190 2342 221 2369; x_wconf 76' lang='lat'><strong>2)</strong></span> <span class='ocrx_word' id='word_1_380' title='bbox 240 2342 341 2365; x_wconf 73' lang='lat' dir='ltr'><strong>Nomen</strong></span> <span class='ocrx_word' id='word_1_381' title='bbox 361 2341 411 2365; x_wconf 84' lang='lat' dir='ltr'><strong>loci</strong></span> <span class='ocrx_word' id='word_1_382' title='bbox 430 2347 490 2365; x_wconf 76' lang='lat' dir='ltr'><strong>esse</strong></span> <span class='ocrx_word' id='word_1_383' title='bbox 509 2342 533 2364; x_wconf 91' lang='lat' dir='ltr'><strong>in</strong></span> <span class='ocrx_word' id='word_1_384' title='bbox 555 2342 672 2366; x_wconf 73' lang='lat' dir='ltr'><strong>Kamuso</strong></span> <span class='ocrx_word' id='word_1_385' title='bbox 692 2342 849 2370; x_wconf 72' lang='lat' dir='ltr'><strong>invenimus,</strong></span> <span class='ocrx_word' id='word_1_386' title='bbox 867 2342 898 2365; x_wconf 89' lang='lat' dir='ltr'><strong>de</strong></span> <span class='ocrx_word' id='word_1_387' title='bbox 917 2342 1021 2365; x_wconf 80' lang='lat' dir='ltr'><strong>duobus</strong></span> <span class='ocrx_word' id='word_1_388' title='bbox 1040 2341 1101 2364; x_wconf 74' lang='lat' dir='ltr'><strong>aliia</strong></span> <span class='ocrx_word' id='word_1_389' title='bbox 1120 2341 1156 2364; x_wconf 86' lang='lat' dir='ltr'><strong>nil</strong></span> <span class='ocrx_word' id='word_1_390' title='bbox 1175 2341 1208 2364; x_wconf 82' lang='lat' dir='ltr'><strong>ibi</strong></span> <span class='ocrx_word' id='word_1_391' title='bbox 1229 2341 1290 2371; x_wconf 83' lang='lat' dir='ltr'><strong>legi.</strong></span> 
     </span>
    </p>
   </div>
   <div class='ocr_carea' id='block_1_9' title="bbox 191 2394 1953 2561">
    <p class='ocr_par' dir='ltr' id='par_1_9' title="bbox 192 2394 1952 2476">
     <span class='ocr_line' id='line_1_36' title="bbox 192 2394 1952 2429; baseline 0.001 -12"><span class='ocrx_word' id='word_1_392' title='bbox 192 2396 222 2424; x_wconf 73' lang='lat'><strong>5)</strong></span> <span class='ocrx_word' id='word_1_393' title='bbox 244 2395 366 2417; x_wconf 77' lang='lat' dir='ltr'><strong>Laudant</strong></span> <span class='ocrx_word' id='word_1_394' title='bbox 386 2394 490 2417; x_wconf 76' lang='lat' dir='ltr'><strong>Arabes</strong></span> <span class='ocrx_word' id='word_1_395' title='bbox 510 2394 695 2423; x_wconf 78' lang='lat' dir='ltr'><strong>proceritatem</strong></span> <span class='ocrx_word' id='word_1_396' title='bbox 714 2399 835 2419; x_wconf 76' lang='lat' dir='ltr'><strong>staturae</strong></span> <span class='ocrx_word' id='word_1_397' title='bbox 853 2399 881 2419; x_wconf 80' lang='lat' dir='ltr'><strong>et</strong></span> <span class='ocrx_word' id='word_1_398' title='bbox 899 2397 980 2420; x_wconf 81' lang='lat' dir='ltr'><strong>altum</strong></span> <span class='ocrx_word' id='word_1_399' title='bbox 1000 2403 1094 2420; x_wconf 85' lang='lat' dir='ltr'><strong>nasum</strong></span> <span class='ocrx_word' id='word_1_400' title='bbox 1106 2414 1114 2427; x_wconf 85' lang='lat'><strong>,</strong></span> <span class='ocrx_word' id='word_1_401' title='bbox 1132 2398 1219 2427; x_wconf 82' lang='lat' dir='ltr'><strong>qualis</strong></span> <span class='ocrx_word' id='word_1_402' title='bbox 1238 2398 1286 2421; x_wconf 80' lang='lat' dir='ltr'><strong>sub</strong></span> <span class='ocrx_word' id='word_1_403' title='bbox 1307 2403 1373 2421; x_wconf 81' lang='lat' dir='ltr'><strong>voce</strong></span> <span class='ocrx_word' id='word_1_404' title='bbox 1401 2407 1492 2429; x_wconf 49' lang='grc' dir='ltr'><em>μ</em></span> <span class='ocrx_word' id='word_1_405' title='bbox 1510 2397 1659 2426; x_wconf 84' lang='lat' dir='ltr'><strong>descriptus</strong></span> <span class='ocrx_word' id='word_1_406' title='bbox 1677 2399 1729 2427; x_wconf 82' lang='lat' dir='ltr'><strong>est,</strong></span> <span class='ocrx_word' id='word_1_407' title='bbox 1748 2399 1773 2420; x_wconf 83' lang='lat' dir='ltr'><strong>et</strong></span> <span class='ocrx_word' id='word_1_408' title='bbox 1791 2395 1816 2419; x_wconf 87' lang='lat' dir='ltr'><strong>in</strong></span> <span class='ocrx_word' id='word_1_409' title='bbox 1836 2397 1885 2419; x_wconf 79' lang='lat' dir='ltr'><strong>noc</strong></span> <span class='ocrx_word' id='word_1_410' title='bbox 1903 2401 1952 2419; x_wconf 86' lang='lat' dir='ltr'><strong>no-</strong></span> 
     </span>
     <span class='ocr_line' id='line_1_37' title="bbox 242 2440 596 2476; baseline -0.003 -7"><span class='ocrx_word' id='word_1_411' title='bbox 242 2445 356 2469; x_wconf 80' lang='lat' dir='ltr'><strong>bilitatis</strong></span> <span class='ocrx_word' id='word_1_412' title='bbox 374 2445 480 2476; x_wconf 87' lang='lat' dir='ltr'><strong>signum</strong></span> <span class='ocrx_word' id='word_1_413' title='bbox 500 2440 596 2468; x_wconf 77' lang='lat' dir='ltr'><strong>vident.</strong></span> 
     </span>
    </p>

    <p class='ocr_par' dir='ltr' id='par_1_10' title="bbox 191 2490 1953 2561">
     <span class='ocr_line' id='line_1_38' title="bbox 191 2490 1953 2523; baseline -0.001 -9"><span class='ocrx_word' id='word_1_414' title='bbox 191 2490 225 2522; x_wconf 80' lang='lat'><strong>4)</strong></span> <span class='ocrx_word' id='word_1_415' title='bbox 244 2492 326 2515; x_wconf 80' lang='lat' dir='ltr'><strong>Poeta</strong></span> <span class='ocrx_word' id='word_1_416' title='bbox 345 2495 462 2522; x_wconf 86' lang='lat' dir='ltr'><strong>tempore</strong></span> <span class='ocrx_word' id='word_1_417' title='bbox 480 2490 679 2522; x_wconf 78' lang='lat' dir='ltr'><strong>Omajjadarum</strong></span> <span class='ocrx_word' id='word_1_418' title='bbox 699 2493 794 2516; x_wconf 76' lang='lat' dir='ltr'><strong>vivens</strong></span> <span class='ocrx_word' id='word_1_419' title='bbox 818 2493 843 2516; x_wconf 87' lang='lat' dir='ltr'><strong>in</strong></span> <span class='ocrx_word' id='word_1_420' title='bbox 865 2493 940 2523; x_wconf 84' lang='lat' dir='ltr'><strong>regni</strong></span> <span class='ocrx_word' id='word_1_421' title='bbox 960 2492 1076 2516; x_wconf 81' lang='lat' dir='ltr'><strong>confinia</strong></span> <span class='ocrx_word' id='word_1_422' title='bbox 1094 2494 1228 2523; x_wconf 56' lang='lat' dir='ltr'><strong>profectus*</strong></span> <span class='ocrx_word' id='word_1_423' title='bbox 1248 2498 1368 2517; x_wconf 79' lang='lat' dir='ltr'><strong>mortuus</strong></span> <span class='ocrx_word' id='word_1_424' title='bbox 1388 2497 1437 2517; x_wconf 81' lang='lat' dir='ltr'><strong>est.</strong></span> <span class='ocrx_word' id='word_1_425' title='bbox 1472 2493 1535 2516; x_wconf 80' lang='lat' dir='ltr'><strong>Eius</strong></span> <span class='ocrx_word' id='word_1_426' title='bbox 1553 2498 1622 2515; x_wconf 76' lang='lat' dir='ltr'><strong>avus</strong></span> <span class='ocrx_word' id='word_1_427' title='bbox 1642 2491 1744 2515; x_wconf 69' lang='lat' dir='ltr'><strong>Korma</strong></span> <span class='ocrx_word' id='word_1_428' title='bbox 1765 2490 1953 2514; x_wconf 67' lang='lat' dir='ltr'><strong>Monam-aedis</strong></span> 
     </span>
     <span class='ocr_line' id='line_1_39' title="bbox 242 2537 550 2561; baseline 0 -1"><span class='ocrx_word' id='word_1_429' title='bbox 242 2537 379 2561; x_wconf 83' lang='lat' dir='ltr'><strong>sociorum</strong></span> <span class='ocrx_word' id='word_1_430' title='bbox 398 2543 467 2560; x_wconf 82' lang='lat' dir='ltr'><strong>nnus</strong></span> <span class='ocrx_word' id='word_1_431' title='bbox 487 2543 550 2560; x_wconf 77' lang='lat' dir='ltr'><strong>erat.</strong></span> 
     </span>
    </p>
   </div>
   <div class='ocr_carea' id='block_1_10' title="bbox 192 2583 1463 2624">
    <p class='ocr_par' dir='ltr' id='par_1_11' title="bbox 192 2583 1463 2624">
     <span class='ocr_line' id='line_1_40' title="bbox 192 2583 1463 2624; baseline 0 -8"><span class='ocrx_word' id='word_1_432' title='bbox 192 2594 223 2619; x_wconf 69' lang='grc' dir='ltr'><strong>ὁ)</strong></span> <span class='ocrx_word' id='word_1_433' title='bbox 243 2592 302 2616; x_wconf 85' lang='lat' dir='ltr'><strong>Vox</strong></span> <span class='ocrx_word' id='word_1_434' title='bbox 324 2583 413 2624; x_wconf 42' lang='lat' dir='ltr'><strong>„gil</strong></span> <span class='ocrx_word' id='word_1_435' title='bbox 435 2593 460 2616; x_wconf 83' lang='lat' dir='ltr'><strong>in</strong></span> <span class='ocrx_word' id='word_1_436' title='bbox 479 2599 560 2616; x_wconf 84' lang='lat' dir='ltr'><strong>versu</strong></span> <span class='ocrx_word' id='word_1_437' title='bbox 581 2594 712 2616; x_wconf 76' lang='lat' dir='ltr'><strong>flamasae</strong></span> <span class='ocrx_word' id='word_1_438' title='bbox 730 2594 832 2617; x_wconf 77' lang='lat' dir='ltr'><strong>duabus</strong></span> <span class='ocrx_word' id='word_1_439' title='bbox 853 2594 994 2618; x_wconf 77' lang='lat' dir='ltr'><strong>vocalibus</strong></span> <span class='ocrx_word' id='word_1_440' title='bbox 1013 2595 1098 2618; x_wconf 72' lang='lat' dir='ltr'><strong>Fatua</strong></span> <span class='ocrx_word' id='word_1_441' title='bbox 1116 2597 1141 2617; x_wconf 84' lang='lat' dir='ltr'><strong>et</strong></span> <span class='ocrx_word' id='word_1_442' title='bbox 1160 2594 1246 2618; x_wconf 74' lang='lat' dir='ltr'><strong>Kesra</strong></span> <span class='ocrx_word' id='word_1_443' title='bbox 1265 2594 1395 2617; x_wconf 79' lang='lat' dir='ltr'><strong>instructa</strong></span> <span class='ocrx_word' id='word_1_444' title='bbox 1414 2597 1463 2617; x_wconf 82' lang='lat' dir='ltr'><strong>est.</strong></span> 
     </span>
    </p>
   </div>
  </div>
 </body>
</html>
