<?xml version="1.0" encoding="UTF-8"?>
<!DOCTYPE html PUBLIC "-//W3C//DTD XHTML 1.0 Transitional//EN"
    "http://www.w3.org/TR/xhtml1/DTD/xhtml1-transitional.dtd">
<html xmlns="http://www.w3.org/1999/xhtml" xml:lang="en" lang="en">
 <head>
  <title>
</title>
<meta http-equiv="Content-Type" content="text/html;charset=utf-8" />
  <meta name='ocr-system' content='tesseract 3.04.00' />
  <meta name='ocr-capabilities' content='ocr_page ocr_carea ocr_par ocr_line ocrx_word'/>
</head>
<body>
  <div class='ocr_page' id='page_1' title='image "./p2hamassaecarmin02abbiuoft_0225.png"; bbox 0 0 2155 2892; ppageno 0'>
   <div class='ocr_carea' id='block_1_1' title="bbox 878 143 1148 174">
    <p class='ocr_par' dir='ltr' id='par_1_1' title="bbox 878 143 1148 174">
     <span class='ocr_line' id='line_1_1' title="bbox 878 143 1148 174; baseline -0.004 0"><span class='ocrx_word' id='word_1_1' title='bbox 878 143 1148 174; x_wconf 74' lang='lat'><strong>—215—</strong></span> 
     </span>
    </p>
   </div>
   <div class='ocr_carea' id='block_1_2' title="bbox 127 238 1906 292">
    <p class='ocr_par' dir='ltr' id='par_1_2' title="bbox 127 238 1906 292">
     <span class='ocr_line' id='line_1_2' title="bbox 127 238 1906 292; baseline -0.006 -16"><span class='ocrx_word' id='word_1_2' title='bbox 127 247 185 276; x_wconf 86' lang='lat' dir='ltr'>iter</span> <span class='ocrx_word' id='word_1_3' title='bbox 223 247 251 275; x_wconf 92' lang='lat' dir='ltr'>in</span> <span class='ocrx_word' id='word_1_4' title='bbox 279 247 421 285; x_wconf 73' lang='lat' dir='ltr'>penuria,</span> <span class='ocrx_word' id='word_1_5' title='bbox 448 248 623 274; x_wconf 72' lang='lat' dir='ltr'><strong>commeatu</strong></span> <span class='ocrx_word' id='word_1_6' title='bbox 652 242 830 274; x_wconf 76' lang='lat' dir='ltr'>deficiente.</span> <span class='ocrx_word' id='word_1_7' title='bbox 860 252 990 272; x_wconf 78' lang='lat' dir='ltr'>causam</span> <span class='ocrx_word' id='word_1_8' title='bbox 1018 242 1133 271; x_wconf 84' lang='lat' dir='ltr'>habere</span> <span class='ocrx_word' id='word_1_9' title='bbox 1156 244 1264 280; x_wconf 78' lang='lat' dir='ltr'>potuit.</span> <span class='ocrx_word' id='word_1_10' title='bbox 1319 242 1457 271; x_wconf 70' lang='lat' dir='ltr'>Verbum</span> <span class='ocrx_word' id='word_1_11' title='bbox 1478 238 1522 292; x_wconf 52' lang='grc' dir='ltr'>ΓΞ</span> <span class='ocrx_word' id='word_1_12' title='bbox 1543 250 1609 270; x_wconf 81' lang='lat' dir='ltr'>cum</span> <span class='ocrx_word' id='word_1_13' title='bbox 1630 240 1751 269; x_wconf 83' lang='lat' dir='ltr'>nomine</span> <span class='ocrx_word' id='word_1_14' title='bbox 1771 240 1906 268; x_wconf 75' lang='lat' dir='ltr'>actionis</span> 
     </span>
    </p>
   </div>
   <div class='ocr_carea' id='block_1_3' title="bbox 164 301 1904 347">
    <p class='ocr_par' dir='ltr' id='par_1_3' title="bbox 164 301 1904 347">
     <span class='ocr_line' id='line_1_3' title="bbox 164 301 1904 347; baseline -0.006 -9"><span class='ocrx_word' id='word_1_15' title='bbox 164 320 199 338; x_wconf 67' lang='grc' dir='ltr'>..ε</span> <span class='ocrx_word' id='word_1_16' title='bbox 229 314 259 338; x_wconf 92' lang='lat' dir='ltr'>et</span> <span class='ocrx_word' id='word_1_17' title='bbox 291 311 366 343; x_wconf 44' lang='grc' dir='ltr'>..με</span> <span class='ocrx_word' id='word_1_18' title='bbox 397 312 490 347; x_wconf 72' lang='lat' dir='ltr'>vaput</span> <span class='ocrx_word' id='word_1_19' title='bbox 517 304 704 336; x_wconf 66' lang='lat' dir='ltr'>deflectendi</span> <span class='ocrx_word' id='word_1_20' title='bbox 733 304 760 332; x_wconf 93' lang='lat' dir='ltr'>in</span> <span class='ocrx_word' id='word_1_21' title='bbox 788 304 868 333; x_wconf 75' lang='lat' dir='ltr'>latus</span> <span class='ocrx_word' id='word_1_22' title='bbox 895 304 1158 343; x_wconf 68' lang='lat' dir='ltr'>significationem</span> <span class='ocrx_word' id='word_1_23' title='bbox 1188 304 1297 341; x_wconf 71' lang='lat' dir='ltr'>hubet;</span> <span class='ocrx_word' id='word_1_24' title='bbox 1337 305 1405 331; x_wconf 73' lang='lat' dir='ltr'>voci</span> <span class='ocrx_word' id='word_1_25' title='bbox 1434 310 1536 331; x_wconf 67' lang='lat' dir='ltr'>unium</span> <span class='ocrx_word' id='word_1_26' title='bbox 1564 303 1645 337; x_wconf 45' lang='lat'>029&gt;</span> <span class='ocrx_word' id='word_1_27' title='bbox 1674 312 1711 331; x_wconf 71' lang='lat' dir='ltr'>se</span> <span class='ocrx_word' id='word_1_28' title='bbox 1742 301 1904 330; x_wconf 77' lang='lat' dir='ltr'>avertendi</span> 
     </span>
    </p>
   </div>
   <div class='ocr_carea' id='block_1_4' title="bbox 129 331 171 362">
    <p class='ocr_par' dir='ltr' id='par_1_4' title="bbox 129 331 171 362">
     <span class='ocr_line' id='line_1_4' title="bbox 129 331 171 362; baseline 0 -13"><span class='ocrx_word' id='word_1_29' title='bbox 129 331 171 362; x_wconf 46' lang='grc' dir='ltr'>ζα</span> 
     </span>
    </p>
   </div>
   <div class='ocr_carea' id='block_1_5' title="bbox 125 360 1903 470">
    <p class='ocr_par' dir='ltr' id='par_1_5' title="bbox 125 360 1903 470">
     <span class='ocr_line' id='line_1_5' title="bbox 127 360 1903 404; baseline -0.005 -5"><span class='ocrx_word' id='word_1_30' title='bbox 127 371 164 400; x_wconf 85' lang='lat' dir='ltr'>ab</span> <span class='ocrx_word' id='word_1_31' title='bbox 193 371 302 400; x_wconf 83' lang='lat' dir='ltr'>itinere</span> <span class='ocrx_word' id='word_1_32' title='bbox 328 369 367 399; x_wconf 83' lang='lat' dir='ltr'>ad</span> <span class='ocrx_word' id='word_1_33' title='bbox 391 365 628 398; x_wconf 87' lang='lat' dir='ltr'>subsistendum</span> <span class='ocrx_word' id='word_1_34' title='bbox 657 364 922 404; x_wconf 77' lang='lat' dir='ltr'>significationem</span> <span class='ocrx_word' id='word_1_35' title='bbox 952 366 1100 394; x_wconf 87' lang='lat' dir='ltr'>tribuunt.</span> <span class='ocrx_word' id='word_1_36' title='bbox 1164 364 1234 392; x_wconf 84' lang='lat' dir='ltr'>lloc</span> <span class='ocrx_word' id='word_1_37' title='bbox 1262 362 1402 392; x_wconf 74' lang='lat' dir='ltr'>admisso</span> <span class='ocrx_word' id='word_1_38' title='bbox 1433 364 1622 401; x_wconf 67' lang='lat' dir='ltr'>praepositio</span> <span class='ocrx_word' id='word_1_39' title='bbox 1650 360 1669 396; x_wconf 63' lang='grc' dir='ltr'><em>ὸ</em></span> <span class='ocrx_word' id='word_1_40' title='bbox 1697 372 1824 391; x_wconf 78' lang='lat' dir='ltr'>eausam</span> <span class='ocrx_word' id='word_1_41' title='bbox 1856 363 1903 391; x_wconf 89' lang='lat' dir='ltr'>iu-</span> 
     </span>
     <span class='ocr_line' id='line_1_6' title="bbox 125 419 1902 470; baseline -0.004 -9"><span class='ocrx_word' id='word_1_42' title='bbox 125 433 231 462; x_wconf 75' lang='lat' dir='ltr'>dicare</span> <span class='ocrx_word' id='word_1_43' title='bbox 260 432 394 461; x_wconf 77' lang='lat' dir='ltr'>videtur.</span> <span class='ocrx_word' id='word_1_44' title='bbox 447 430 526 459; x_wconf 78' lang='lat' dir='ltr'>Cum</span> <span class='ocrx_word' id='word_1_45' title='bbox 555 427 615 456; x_wconf 79' lang='lat' dir='ltr'>hoc</span> <span class='ocrx_word' id='word_1_46' title='bbox 643 426 786 466; x_wconf 87' lang='lat' dir='ltr'>loquendi</span> <span class='ocrx_word' id='word_1_47' title='bbox 815 427 936 456; x_wconf 88' lang='lat' dir='ltr'>modum</span> <span class='ocrx_word' id='word_1_48' title='bbox 964 425 1048 462; x_wconf 40' lang='lat' dir='ltr'>OQ&gt;</span> <span class='ocrx_word' id='word_1_49' title='bbox 1077 419 1134 453; x_wconf 51' lang='lat' dir='ltr'>&#39;Lu‘</span> <span class='ocrx_word' id='word_1_50' title='bbox 1166 438 1215 470; x_wconf 55' lang='grc' dir='ltr'>ωε</span> <span class='ocrx_word' id='word_1_51' title='bbox 1244 423 1294 454; x_wconf 55' lang='lat'>453</span> <span class='ocrx_word' id='word_1_52' title='bbox 1323 429 1345 452; x_wconf 75' lang='lat' dir='ltr'>t.-</span> <span class='ocrx_word' id='word_1_53' title='bbox 1377 425 1446 453; x_wconf 67' lang='lat' dir='ltr'>„Ab</span> <span class='ocrx_word' id='word_1_54' title='bbox 1484 424 1532 454; x_wconf 76' lang='lat'>1110</span> <span class='ocrx_word' id='word_1_55' title='bbox 1570 427 1723 462; x_wconf 65' lang='lat' dir='ltr'>retugium</span> <span class='ocrx_word' id='word_1_56' title='bbox 1755 427 1805 454; x_wconf 81' lang='lat' dir='ltr'>tibi</span> <span class='ocrx_word' id='word_1_57' title='bbox 1843 434 1902 454; x_wconf 89' lang='lat' dir='ltr'>nou</span> 
     </span>
    </p>
   </div>
   <div class='ocr_carea' id='block_1_6' title="bbox 123 486 1900 527">
    <p class='ocr_par' dir='ltr' id='par_1_6' title="bbox 123 486 1900 527">
     <span class='ocr_line' id='line_1_7' title="bbox 123 486 1900 527; baseline -0.005 -3"><span class='ocrx_word' id='word_1_58' title='bbox 123 500 193 523; x_wconf 76' lang='lat' dir='ltr'>estu</span> <span class='ocrx_word' id='word_1_59' title='bbox 223 494 395 523; x_wconf 76' lang='lat' dir='ltr'>cohaerere</span> <span class='ocrx_word' id='word_1_60' title='bbox 423 491 539 520; x_wconf 82' lang='lat' dir='ltr'>dicunt.</span> <span class='ocrx_word' id='word_1_61' title='bbox 593 490 653 519; x_wconf 75' lang='lat' dir='ltr'>Atii</span> <span class='ocrx_word' id='word_1_62' title='bbox 681 491 750 519; x_wconf 79' lang='lat' dir='ltr'>voci</span> <span class='ocrx_word' id='word_1_63' title='bbox 778 493 861 526; x_wconf 37' lang='lat'>0¹4&gt;</span> <span class='ocrx_word' id='word_1_64' title='bbox 888 492 943 525; x_wconf 81' lang='lat' dir='ltr'>rei,</span> <span class='ocrx_word' id='word_1_65' title='bbox 970 491 1007 519; x_wconf 85' lang='lat' dir='ltr'>ud</span> <span class='ocrx_word' id='word_1_66' title='bbox 1035 498 1123 527; x_wconf 86' lang='lat' dir='ltr'>quum</span> <span class='ocrx_word' id='word_1_67' title='bbox 1154 488 1181 515; x_wconf 87' lang='lat' dir='ltr'>iu</span> <span class='ocrx_word' id='word_1_68' title='bbox 1211 491 1297 526; x_wconf 70' lang='lat' dir='ltr'>praito</span> <span class='ocrx_word' id='word_1_69' title='bbox 1319 486 1503 519; x_wconf 73' lang='lat' dir='ltr'>declinatur,</span> <span class='ocrx_word' id='word_1_70' title='bbox 1531 487 1795 524; x_wconf 62' lang='lat' dir='ltr'>¹significatiouein</span> <span class='ocrx_word' id='word_1_71' title='bbox 1817 487 1900 516; x_wconf 78' lang='lat' dir='ltr'>dant.</span> 
     </span>
    </p>
   </div>
   <div class='ocr_carea' id='block_1_7' title="bbox 125 546 1898 597">
    <p class='ocr_par' dir='ltr' id='par_1_7' title="bbox 125 546 1898 597">
     <span class='ocr_line' id='line_1_8' title="bbox 125 546 1898 597; baseline -0.006 -11"><span class='ocrx_word' id='word_1_72' title='bbox 125 557 192 586; x_wconf 75' lang='lat' dir='ltr'>llac</span> <span class='ocrx_word' id='word_1_73' title='bbox 219 555 452 597; x_wconf 80' lang='lat' dir='ltr'>significatione</span> <span class='ocrx_word' id='word_1_74' title='bbox 482 558 609 592; x_wconf 77' lang='lat' dir='ltr'>recepta</span> <span class='ocrx_word' id='word_1_75' title='bbox 638 553 861 592; x_wconf 80' lang='lat' dir='ltr'>praepositioni</span> <span class='ocrx_word' id='word_1_76' title='bbox 889 549 908 586; x_wconf 62' lang='grc' dir='ltr'><em>Δ</em></span> <span class='ocrx_word' id='word_1_77' title='bbox 936 551 1124 591; x_wconf 71' lang='lat' dir='ltr'>significatio</span> <span class='ocrx_word' id='word_1_78' title='bbox 1153 549 1399 589; x_wconf 69' lang='lat' dir='ltr'>praepositionis</span> <span class='ocrx_word' id='word_1_79' title='bbox 1426 546 1458 583; x_wconf 54' lang='lat' dir='ltr'>gl</span> <span class='ocrx_word' id='word_1_80' title='bbox 1485 548 1585 578; x_wconf 80' lang='lat' dir='ltr'>danda</span> <span class='ocrx_word' id='word_1_81' title='bbox 1613 555 1685 580; x_wconf 72' lang='lat' dir='ltr'>est.</span> <span class='ocrx_word' id='word_1_82' title='bbox 1722 555 1752 577; x_wconf 91' lang='lat' dir='ltr'>ut</span> <span class='ocrx_word' id='word_1_83' title='bbox 1781 559 1898 578; x_wconf 60' lang='lat' dir='ltr'>sensu«</span> 
     </span>
    </p>
   </div>
   <div class='ocr_carea' id='block_1_8' title="bbox 123 611 1900 779">
    <p class='ocr_par' dir='ltr' id='par_1_8' title="bbox 123 611 1900 779">
     <span class='ocr_line' id='line_1_9' title="bbox 123 611 1900 655; baseline -0.006 -7"><span class='ocrx_word' id='word_1_84' title='bbox 123 621 176 649; x_wconf 82' lang='lat' dir='ltr'>sit:</span> <span class='ocrx_word' id='word_1_85' title='bbox 214 619 353 648; x_wconf 80' lang='lat' dir='ltr'>caiiielos</span> <span class='ocrx_word' id='word_1_86' title='bbox 380 617 408 646; x_wconf 90' lang='lat' dir='ltr'>in</span> <span class='ocrx_word' id='word_1_87' title='bbox 440 617 551 646; x_wconf 89' lang='lat' dir='ltr'>itinere</span> <span class='ocrx_word' id='word_1_88' title='bbox 578 625 705 654; x_wconf 83' lang='lat' dir='ltr'>semper</span> <span class='ocrx_word' id='word_1_89' title='bbox 740 620 913 655; x_wconf 77' lang='lat' dir='ltr'>pergentes</span> <span class='ocrx_word' id='word_1_90' title='bbox 942 614 979 644; x_wconf 85' lang='lat' dir='ltr'>ad</span> <span class='ocrx_word' id='word_1_91' title='bbox 1008 614 1122 642; x_wconf 71' lang='lat' dir='ltr'>herbas</span> <span class='ocrx_word' id='word_1_92' title='bbox 1151 611 1367 651; x_wconf 73' lang='lat' dir='ltr'>depascendas</span> <span class='ocrx_word' id='word_1_93' title='bbox 1398 617 1489 650; x_wconf 74' lang='lat' dir='ltr'>caput</span> <span class='ocrx_word' id='word_1_94' title='bbox 1519 620 1578 639; x_wconf 90' lang='lat' dir='ltr'>uon</span> <span class='ocrx_word' id='word_1_95' title='bbox 1608 611 1766 639; x_wconf 79' lang='lat' dir='ltr'>inclinare.</span> <span class='ocrx_word' id='word_1_96' title='bbox 1822 612 1900 639; x_wconf 71' lang='lat' dir='ltr'>Aius</span> 
     </span>
     <span class='ocr_line' id='line_1_10' title="bbox 124 667 1900 719; baseline -0.006 -9"><span class='ocrx_word' id='word_1_97' title='bbox 124 681 256 719; x_wconf 79' lang='lat' dir='ltr'>denique</span> <span class='ocrx_word' id='word_1_98' title='bbox 274 667 353 707; x_wconf 46' lang='lat' dir='ltr'>&gt;Lag</span> <span class='ocrx_word' id='word_1_99' title='bbox 383 684 533 718; x_wconf 74' lang='lat' dir='ltr'>»propter</span> <span class='ocrx_word' id='word_1_100' title='bbox 561 688 659 717; x_wconf 85' lang='lat' dir='ltr'>equos</span> <span class='ocrx_word' id='word_1_101' title='bbox 688 687 887 719; x_wconf 76' lang='lat' dir='ltr'>generosos«</span> <span class='ocrx_word' id='word_1_102' title='bbox 922 677 1042 717; x_wconf 77' lang='lat' dir='ltr'>legere,</span> <span class='ocrx_word' id='word_1_103' title='bbox 1071 675 1263 704; x_wconf 69' lang='lat' dir='ltr'>scholiastes</span> <span class='ocrx_word' id='word_1_104' title='bbox 1283 674 1454 709; x_wconf 75' lang='lat' dir='ltr'>adnotavit,</span> <span class='ocrx_word' id='word_1_105' title='bbox 1483 682 1544 712; x_wconf 82' lang='lat' dir='ltr'>qua</span> <span class='ocrx_word' id='word_1_106' title='bbox 1571 682 1649 701; x_wconf 79' lang='lat' dir='ltr'>voce</span> <span class='ocrx_word' id='word_1_107' title='bbox 1678 678 1770 711; x_wconf 87' lang='lat' dir='ltr'>poeta</span> <span class='ocrx_word' id='word_1_108' title='bbox 1799 674 1900 710; x_wconf 67' lang='lat' dir='ltr'>signi-</span> 
     </span>
     <span class='ocr_line' id='line_1_11' title="bbox 123 734 1900 779; baseline -0.005 -8"><span class='ocrx_word' id='word_1_109' title='bbox 123 742 216 772; x_wconf 66' lang='lat' dir='ltr'>ficare</span> <span class='ocrx_word' id='word_1_110' title='bbox 243 742 399 778; x_wconf 84' lang='lat' dir='ltr'>voluerit,</span> <span class='ocrx_word' id='word_1_111' title='bbox 437 740 576 771; x_wconf 85' lang='lat' dir='ltr'>camelos</span> <span class='ocrx_word' id='word_1_112' title='bbox 603 741 758 771; x_wconf 83' lang='lat' dir='ltr'>molestiis</span> <span class='ocrx_word' id='word_1_113' title='bbox 786 739 981 779; x_wconf 75' lang='lat' dir='ltr'>perferendis</span> <span class='ocrx_word' id='word_1_114' title='bbox 1011 739 1148 778; x_wconf 72' lang='lat' dir='ltr'>aptiores</span> <span class='ocrx_word' id='word_1_115' title='bbox 1175 738 1213 767; x_wconf 83' lang='lat' dir='ltr'>ab</span> <span class='ocrx_word' id='word_1_116' title='bbox 1240 737 1350 766; x_wconf 84' lang='lat' dir='ltr'>itinere</span> <span class='ocrx_word' id='word_1_117' title='bbox 1377 745 1436 765; x_wconf 90' lang='lat' dir='ltr'>nou</span> <span class='ocrx_word' id='word_1_118' title='bbox 1465 735 1644 774; x_wconf 75' lang='lat' dir='ltr'>desistere,</span> <span class='ocrx_word' id='word_1_119' title='bbox 1680 734 1803 774; x_wconf 81' lang='lat' dir='ltr'>quando</span> <span class='ocrx_word' id='word_1_120' title='bbox 1830 734 1900 772; x_wconf 78' lang='lat' dir='ltr'>equi</span> 
     </span>
    </p>
   </div>
   <div class='ocr_carea' id='block_1_9' title="bbox 121 803 441 833">
    <p class='ocr_par' dir='ltr' id='par_1_9' title="bbox 121 803 441 833">
     <span class='ocr_line' id='line_1_12' title="bbox 121 803 441 833; baseline 0 0"><span class='ocrx_word' id='word_1_121' title='bbox 121 809 206 833; x_wconf 83' lang='lat' dir='ltr'>stent</span> <span class='ocrx_word' id='word_1_122' title='bbox 234 809 289 833; x_wconf 83' lang='lat' dir='ltr'>aut</span> <span class='ocrx_word' id='word_1_123' title='bbox 317 803 441 833; x_wconf 81' lang='lat' dir='ltr'>cadant.</span> 
     </span>
    </p>
   </div>
   <div class='ocr_carea' id='block_1_10' title="bbox 119 894 1901 988">
    <p class='ocr_par' dir='ltr' id='par_1_10' title="bbox 119 894 1901 988">
     <span class='ocr_line' id='line_1_13' title="bbox 119 894 1901 939; baseline -0.007 -9"><span class='ocrx_word' id='word_1_124' title='bbox 119 901 146 930; x_wconf 70' lang='grc'>4.</span> <span class='ocrx_word' id='word_1_125' title='bbox 171 901 313 931; x_wconf 82' lang='lat' dir='ltr'>Camelos</span> <span class='ocrx_word' id='word_1_126' title='bbox 336 902 489 929; x_wconf 74' lang='lat' dir='ltr'>rectarios</span> <span class='ocrx_word' id='word_1_127' title='bbox 511 902 720 937; x_wconf 62' lang='lat' dir='ltr'>instigarunt,</span> <span class='ocrx_word' id='word_1_128' title='bbox 753 910 830 939; x_wconf 77' lang='lat' dir='ltr'>quos</span> <span class='ocrx_word' id='word_1_129' title='bbox 859 900 1004 928; x_wconf 70' lang='lat' dir='ltr'>emaciari</span> <span class='ocrx_word' id='word_1_130' title='bbox 1031 906 1137 925; x_wconf 74' lang='lat' dir='ltr'>eorum</span> <span class='ocrx_word' id='word_1_131' title='bbox 1161 905 1258 932; x_wconf 71' lang='lat' dir='ltr'>prope</span> <span class='ocrx_word' id='word_1_132' title='bbox 1280 895 1498 932; x_wconf 62' lang='lat' dir='ltr'>wquebrmlur,</span> <span class='ocrx_word' id='word_1_133' title='bbox 1535 897 1598 921; x_wconf 80' lang='lat' dir='ltr'>rum</span> <span class='ocrx_word' id='word_1_134' title='bbox 1621 894 1680 921; x_wconf 76' lang='lat' dir='ltr'>duo</span> <span class='ocrx_word' id='word_1_135' title='bbox 1704 895 1849 919; x_wconf 62' lang='lat' dir='ltr'>ameum·</span> <span class='ocrx_word' id='word_1_136' title='bbox 1872 895 1901 918; x_wconf 74' lang='lat' dir='ltr'>e!</span> 
     </span>
     <span class='ocr_line' id='line_1_14' title="bbox 812 951 1203 988; baseline -0.013 -8"><span class='ocrx_word' id='word_1_137' title='bbox 812 962 908 988; x_wconf 59' lang='grc' dir='ltr'><em>αμα-σο</em></span> <span class='ocrx_word' id='word_1_138' title='bbox 929 962 979 980; x_wconf 78' lang='lat' dir='ltr'>eos</span> <span class='ocrx_word' id='word_1_139' title='bbox 1002 951 1203 985; x_wconf 72' lang='lat' dir='ltr'>itzsliy1117mI.</span> 
     </span>
    </p>
   </div>
   <div class='ocr_carea' id='block_1_11' title="bbox 219 1013 1897 1064">
    <p class='ocr_par' dir='ltr' id='par_1_11' title="bbox 219 1013 1897 1064">
     <span class='ocr_line' id='line_1_15' title="bbox 219 1013 1897 1064; baseline -0.008 -9"><span class='ocrx_word' id='word_1_140' title='bbox 219 1025 345 1055; x_wconf 78' lang='lat' dir='ltr'>versus</span> <span class='ocrx_word' id='word_1_141' title='bbox 372 1034 443 1054; x_wconf 88' lang='lat' dir='ltr'>cum</span> <span class='ocrx_word' id='word_1_142' title='bbox 470 1025 573 1064; x_wconf 86' lang='lat' dir='ltr'>priore</span> <span class='ocrx_word' id='word_1_143' title='bbox 601 1032 700 1052; x_wconf 87' lang='lat' dir='ltr'>seusu</span> <span class='ocrx_word' id='word_1_144' title='bbox 727 1023 888 1052; x_wconf 85' lang='lat' dir='ltr'>cohaeret.</span> <span class='ocrx_word' id='word_1_145' title='bbox 942 1019 1126 1050; x_wconf 78' lang='lat' dir='ltr'>Mersukius</span> <span class='ocrx_word' id='word_1_146' title='bbox 1157 1018 1225 1046; x_wconf 86' lang='lat' dir='ltr'>siue</span> <span class='ocrx_word' id='word_1_147' title='bbox 1253 1016 1345 1045; x_wconf 89' lang='lat' dir='ltr'>dubio</span> <span class='ocrx_word' id='word_1_148' title='bbox 1376 1025 1471 1045; x_wconf 85' lang='lat' dir='ltr'>versu</span> <span class='ocrx_word' id='word_1_149' title='bbox 1502 1016 1608 1053; x_wconf 90' lang='lat' dir='ltr'>quinto</span> <span class='ocrx_word' id='word_1_150' title='bbox 1636 1019 1808 1044; x_wconf 82' lang='lat' dir='ltr'>commotus</span> <span class='ocrx_word' id='word_1_151' title='bbox 1839 1013 1897 1042; x_wconf 86' lang='lat' dir='ltr'>iter</span> 
     </span>
    </p>
   </div>
   <div class='ocr_carea' id='block_1_12' title="bbox 117 1077 1896 1128">
    <p class='ocr_par' dir='ltr' id='par_1_12' title="bbox 117 1077 1896 1128">
     <span class='ocr_line' id='line_1_16' title="bbox 117 1077 1896 1128; baseline -0.008 -9"><span class='ocrx_word' id='word_1_152' title='bbox 117 1098 234 1128; x_wconf 84' lang='lat' dir='ltr'>eorum,</span> <span class='ocrx_word' id='word_1_153' title='bbox 265 1089 317 1128; x_wconf 94' lang='lat' dir='ltr'>qui</span> <span class='ocrx_word' id='word_1_154' title='bbox 345 1097 416 1117; x_wconf 89' lang='lat' dir='ltr'>eum</span> <span class='ocrx_word' id='word_1_155' title='bbox 448 1086 673 1116; x_wconf 85' lang='lat' dir='ltr'>beneficiorum</span> <span class='ocrx_word' id='word_1_156' title='bbox 701 1094 799 1115; x_wconf 83' lang='lat' dir='ltr'>causa</span> <span class='ocrx_word' id='word_1_157' title='bbox 827 1084 970 1122; x_wconf 69' lang='lat' dir='ltr'>adierint,</span> <span class='ocrx_word' id='word_1_158' title='bbox 998 1092 1015 1111; x_wconf 88' lang='lat' dir='ltr'>e</span> <span class='ocrx_word' id='word_1_159' title='bbox 1044 1088 1128 1111; x_wconf 77' lang='lat' dir='ltr'>tei-ra</span> <span class='ocrx_word' id='word_1_160' title='bbox 1155 1085 1276 1109; x_wconf 87' lang='lat' dir='ltr'>remota</span> <span class='ocrx_word' id='word_1_161' title='bbox 1304 1079 1468 1107; x_wconf 82' lang='lat' dir='ltr'>venientes</span> <span class='ocrx_word' id='word_1_162' title='bbox 1496 1078 1631 1107; x_wconf 79' lang='lat' dir='ltr'>describi</span> <span class='ocrx_word' id='word_1_163' title='bbox 1658 1077 1740 1106; x_wconf 80' lang='lat' dir='ltr'>dicit,</span> <span class='ocrx_word' id='word_1_164' title='bbox 1789 1077 1851 1105; x_wconf 64' lang='lat' dir='ltr'>Eos</span> <span class='ocrx_word' id='word_1_165' title='bbox 1879 1085 1896 1104; x_wconf 92' lang='lat' dir='ltr'>e</span> 
     </span>
    </p>
   </div>
   <div class='ocr_carea' id='block_1_13' title="bbox 117 1141 1893 1187">
    <p class='ocr_par' dir='ltr' id='par_1_13' title="bbox 117 1141 1893 1187">
     <span class='ocr_line' id='line_1_17' title="bbox 117 1141 1893 1187; baseline -0.007 -7"><span class='ocrx_word' id='word_1_166' title='bbox 117 1155 200 1180; x_wconf 80' lang='lat' dir='ltr'>terra</span> <span class='ocrx_word' id='word_1_167' title='bbox 228 1155 348 1180; x_wconf 80' lang='lat' dir='ltr'>remota</span> <span class='ocrx_word' id='word_1_168' title='bbox 376 1150 496 1187; x_wconf 85' lang='lat' dir='ltr'>venire,</span> <span class='ocrx_word' id='word_1_169' title='bbox 523 1149 651 1178; x_wconf 86' lang='lat' dir='ltr'>camelis</span> <span class='ocrx_word' id='word_1_170' title='bbox 678 1147 771 1187; x_wconf 83' lang='lat' dir='ltr'>longo</span> <span class='ocrx_word' id='word_1_171' title='bbox 798 1147 909 1176; x_wconf 87' lang='lat' dir='ltr'>itinere</span> <span class='ocrx_word' id='word_1_172' title='bbox 935 1145 1095 1174; x_wconf 79' lang='lat' dir='ltr'>emaciatis</span> <span class='ocrx_word' id='word_1_173' title='bbox 1125 1149 1217 1183; x_wconf 82' lang='lat' dir='ltr'>pocta</span> <span class='ocrx_word' id='word_1_174' title='bbox 1243 1141 1406 1171; x_wconf 79' lang='lat' dir='ltr'>indicavit.</span> <span class='ocrx_word' id='word_1_175' title='bbox 1468 1142 1619 1181; x_wconf 80' lang='lat' dir='ltr'>Magnam</span> <span class='ocrx_word' id='word_1_176' title='bbox 1646 1144 1749 1169; x_wconf 88' lang='lat' dir='ltr'>autem</span> <span class='ocrx_word' id='word_1_177' title='bbox 1774 1148 1893 1176; x_wconf 60' lang='lat' dir='ltr'>exspe-</span> 
     </span>
    </p>
   </div>
   <div class='ocr_carea' id='block_1_14' title="bbox 116 1202 1894 1375">
    <p class='ocr_par' dir='ltr' id='par_1_14' title="bbox 116 1202 1894 1375">
     <span class='ocr_line' id='line_1_18' title="bbox 117 1202 1894 1251; baseline -0.007 -10"><span class='ocrx_word' id='word_1_178' title='bbox 117 1211 306 1251; x_wconf 81' lang='lat' dir='ltr'>ctationem,</span> <span class='ocrx_word' id='word_1_179' title='bbox 333 1219 394 1249; x_wconf 85' lang='lat' dir='ltr'>qua</span> <span class='ocrx_word' id='word_1_180' title='bbox 419 1219 489 1239; x_wconf 88' lang='lat' dir='ltr'>eum</span> <span class='ocrx_word' id='word_1_181' title='bbox 517 1209 651 1249; x_wconf 81' lang='lat' dir='ltr'>adeunt,</span> <span class='ocrx_word' id='word_1_182' title='bbox 679 1209 709 1238; x_wconf 89' lang='lat' dir='ltr'>in</span> <span class='ocrx_word' id='word_1_183' title='bbox 735 1217 773 1238; x_wconf 94' lang='lat' dir='ltr'>eo</span> <span class='ocrx_word' id='word_1_184' title='bbox 800 1207 914 1243; x_wconf 79' lang='lat' dir='ltr'>video,</span> <span class='ocrx_word' id='word_1_185' title='bbox 942 1206 1023 1247; x_wconf 91' lang='lat' dir='ltr'>quod</span> <span class='ocrx_word' id='word_1_186' title='bbox 1052 1207 1132 1236; x_wconf 90' lang='lat' dir='ltr'>omni</span> <span class='ocrx_word' id='word_1_187' title='bbox 1157 1205 1249 1235; x_wconf 86' lang='lat' dir='ltr'>modo</span> <span class='ocrx_word' id='word_1_188' title='bbox 1277 1205 1388 1234; x_wconf 87' lang='lat' dir='ltr'>cameli</span> <span class='ocrx_word' id='word_1_189' title='bbox 1417 1204 1454 1233; x_wconf 90' lang='lat' dir='ltr'>ad</span> <span class='ocrx_word' id='word_1_190' title='bbox 1483 1203 1619 1233; x_wconf 90' lang='lat' dir='ltr'>celerem</span> <span class='ocrx_word' id='word_1_191' title='bbox 1647 1204 1806 1231; x_wconf 78' lang='lat' dir='ltr'>incessum</span> <span class='ocrx_word' id='word_1_192' title='bbox 1836 1202 1894 1229; x_wconf 89' lang='lat' dir='ltr'>im-</span> 
     </span>
     <span class='ocr_line' id='line_1_19' title="bbox 116 1263 1894 1312; baseline -0.007 -9"><span class='ocrx_word' id='word_1_193' title='bbox 116 1274 282 1312; x_wconf 88' lang='lat' dir='ltr'>pelluntur.</span> <span class='ocrx_word' id='word_1_194' title='bbox 322 1273 356 1302; x_wconf 88' lang='lat' dir='ltr'>ln</span> <span class='ocrx_word' id='word_1_195' title='bbox 380 1272 429 1302; x_wconf 91' lang='lat' dir='ltr'>his</span> <span class='ocrx_word' id='word_1_196' title='bbox 456 1277 560 1302; x_wconf 89' lang='lat' dir='ltr'>autem</span> <span class='ocrx_word' id='word_1_197' title='bbox 586 1281 730 1302; x_wconf 87' lang='lat' dir='ltr'>summae</span> <span class='ocrx_word' id='word_1_198' title='bbox 757 1271 966 1306; x_wconf 86' lang='lat' dir='ltr'>liberalitatis,</span> <span class='ocrx_word' id='word_1_199' title='bbox 994 1270 1082 1299; x_wconf 85' lang='lat' dir='ltr'>cuius</span> <span class='ocrx_word' id='word_1_200' title='bbox 1110 1269 1189 1299; x_wconf 78' lang='lat' dir='ltr'>sama</span> <span class='ocrx_word' id='word_1_201' title='bbox 1218 1268 1364 1306; x_wconf 88' lang='lat' dir='ltr'>innotuit,</span> <span class='ocrx_word' id='word_1_202' title='bbox 1392 1266 1460 1297; x_wconf 90' lang='lat' dir='ltr'>laus</span> <span class='ocrx_word' id='word_1_203' title='bbox 1488 1271 1551 1296; x_wconf 89' lang='lat' dir='ltr'>est.</span> <span class='ocrx_word' id='word_1_204' title='bbox 1606 1264 1727 1296; x_wconf 89' lang='lat' dir='ltr'>Cameli</span> <span class='ocrx_word' id='word_1_205' title='bbox 1755 1263 1894 1292; x_wconf 81' lang='lat' dir='ltr'>canendo</span> 
     </span>
     <span class='ocr_line' id='line_1_20' title="bbox 116 1331 1894 1375; baseline -0.005 -11"><span class='ocrx_word' id='word_1_206' title='bbox 116 1335 354 1375; x_wconf 79' lang='lat' dir='ltr'>impellebantur</span> <span class='ocrx_word' id='word_1_207' title='bbox 380 1341 412 1365; x_wconf 88' lang='lat' dir='ltr'>et</span> <span class='ocrx_word' id='word_1_208' title='bbox 438 1344 506 1365; x_wconf 88' lang='lat' dir='ltr'>cum</span> <span class='ocrx_word' id='word_1_209' title='bbox 532 1343 612 1364; x_wconf 78' lang='lat' dir='ltr'>voce</span> <span class='ocrx_word' id='word_1_210' title='bbox 638 1331 705 1362; x_wconf 62' lang='lat' dir='ltr'>ot&gt;</span> <span class='ocrx_word' id='word_1_211' title='bbox 734 1334 865 1364; x_wconf 88' lang='lat' dir='ltr'>canendi</span> <span class='ocrx_word' id='word_1_212' title='bbox 891 1332 1080 1373; x_wconf 82' lang='lat' dir='ltr'>significatio</span> <span class='ocrx_word' id='word_1_213' title='bbox 1109 1332 1276 1361; x_wconf 90' lang='lat' dir='ltr'>coniuncta</span> <span class='ocrx_word' id='word_1_214' title='bbox 1302 1335 1374 1370; x_wconf 88' lang='lat' dir='ltr'>est,</span> <span class='ocrx_word' id='word_1_215' title='bbox 1413 1332 1530 1369; x_wconf 85' lang='lat' dir='ltr'>quippe</span> <span class='ocrx_word' id='word_1_216' title='bbox 1562 1337 1659 1368; x_wconf 85' lang='lat' dir='ltr'>agaso</span> <span class='ocrx_word' id='word_1_217' title='bbox 1696 1336 1812 1358; x_wconf 90' lang='lat' dir='ltr'>canere</span> <span class='ocrx_word' id='word_1_218' title='bbox 1837 1335 1894 1355; x_wconf 89' lang='lat' dir='ltr'>so-</span> 
     </span>
    </p>
   </div>
   <div class='ocr_carea' id='block_1_15' title="bbox 114 1389 1894 1437">
    <p class='ocr_par' dir='ltr' id='par_1_15' title="bbox 114 1389 1894 1437">
     <span class='ocr_line' id='line_1_21' title="bbox 114 1389 1894 1437; baseline -0.006 -11"><span class='ocrx_word' id='word_1_219' title='bbox 114 1397 201 1427; x_wconf 85' lang='lat' dir='ltr'>leret.</span> <span class='ocrx_word' id='word_1_220' title='bbox 254 1397 336 1427; x_wconf 81' lang='lat' dir='ltr'>Huic</span> <span class='ocrx_word' id='word_1_221' title='bbox 363 1396 513 1437; x_wconf 85' lang='lat' dir='ltr'>agasoni,</span> <span class='ocrx_word' id='word_1_222' title='bbox 548 1400 582 1425; x_wconf 88' lang='lat' dir='ltr'>ut</span> <span class='ocrx_word' id='word_1_223' title='bbox 608 1403 727 1425; x_wconf 83' lang='lat' dir='ltr'>summa</span> <span class='ocrx_word' id='word_1_224' title='bbox 752 1395 898 1425; x_wconf 74' lang='lat' dir='ltr'>celeritas</span> <span class='ocrx_word' id='word_1_225' title='bbox 925 1400 1035 1431; x_wconf 85' lang='lat' dir='ltr'>esset,</span> <span class='ocrx_word' id='word_1_226' title='bbox 1074 1399 1168 1434; x_wconf 88' lang='lat' dir='ltr'>poeta</span> <span class='ocrx_word' id='word_1_227' title='bbox 1205 1393 1286 1423; x_wconf 88' lang='lat' dir='ltr'>duos</span> <span class='ocrx_word' id='word_1_228' title='bbox 1323 1397 1474 1422; x_wconf 86' lang='lat' dir='ltr'>canentes</span> <span class='ocrx_word' id='word_1_229' title='bbox 1510 1390 1638 1420; x_wconf 89' lang='lat' dir='ltr'>addidit.</span> <span class='ocrx_word' id='word_1_230' title='bbox 1690 1390 1776 1419; x_wconf 86' lang='lat' dir='ltr'>Loco</span> <span class='ocrx_word' id='word_1_231' title='bbox 1804 1389 1894 1417; x_wconf 83' lang='lat' dir='ltr'>vocis</span> 
     </span>
    </p>
   </div>
   <div class='ocr_carea' id='block_1_16' title="bbox 116 1455 1892 1516">
    <p class='ocr_par' dir='ltr' id='par_1_16' title="bbox 116 1455 1892 1516">
     <span class='ocr_line' id='line_1_22' title="bbox 116 1455 1892 1516; baseline -0.006 -15"><span class='ocrx_word' id='word_1_232' title='bbox 116 1455 198 1512; x_wconf 54' lang='lat' dir='ltr'>[4⁸3⁵ss</span> <span class='ocrx_word' id='word_1_233' title='bbox 224 1472 357 1513; x_wconf 86' lang='lat' dir='ltr'>legitur:</span> <span class='ocrx_word' id='word_1_234' title='bbox 385 1455 497 1512; x_wconf 50' lang='lat'>&amp;0933</span> <span class='ocrx_word' id='word_1_235' title='bbox 523 1470 633 1509; x_wconf 87' lang='lat' dir='ltr'>(rediit</span> <span class='ocrx_word' id='word_1_236' title='bbox 661 1469 701 1500; x_wconf 86' lang='lat' dir='ltr'>ad</span> <span class='ocrx_word' id='word_1_237' title='bbox 727 1471 813 1509; x_wconf 88' lang='lat' dir='ltr'>eos).</span> <span class='ocrx_word' id='word_1_238' title='bbox 863 1469 1002 1500; x_wconf 81' lang='lat' dir='ltr'>Verbum</span> <span class='ocrx_word' id='word_1_239' title='bbox 1031 1468 1075 1516; x_wconf 57' lang='lat' dir='ltr'>w)-</span> <span class='ocrx_word' id='word_1_240' title='bbox 1105 1468 1144 1498; x_wconf 88' lang='lat' dir='ltr'>de</span> <span class='ocrx_word' id='word_1_241' title='bbox 1171 1472 1279 1504; x_wconf 81' lang='lat' dir='ltr'>vento,</span> <span class='ocrx_word' id='word_1_242' title='bbox 1306 1467 1357 1507; x_wconf 89' lang='lat' dir='ltr'>qui</span> <span class='ocrx_word' id='word_1_243' title='bbox 1383 1467 1513 1497; x_wconf 87' lang='lat' dir='ltr'>herbam</span> <span class='ocrx_word' id='word_1_244' title='bbox 1540 1465 1747 1503; x_wconf 83' lang='lat' dir='ltr'>arboremque</span> <span class='ocrx_word' id='word_1_245' title='bbox 1774 1466 1892 1501; x_wconf 73' lang='lat' dir='ltr'>movet,</span> 
     </span>
    </p>
   </div>
   <div class='ocr_carea' id='block_1_17' title="bbox 116 1532 823 1564">
    <p class='ocr_par' dir='ltr' id='par_1_17' title="bbox 116 1532 823 1564">
     <span class='ocr_line' id='line_1_23' title="bbox 116 1532 823 1564; baseline 0 -2"><span class='ocrx_word' id='word_1_246' title='bbox 116 1532 285 1563; x_wconf 79' lang='lat' dir='ltr'>adhibitum</span> <span class='ocrx_word' id='word_1_247' title='bbox 313 1533 342 1562; x_wconf 89' lang='lat' dir='ltr'>in</span> <span class='ocrx_word' id='word_1_248' title='bbox 365 1539 519 1564; x_wconf 84' lang='lat' dir='ltr'>canentes</span> <span class='ocrx_word' id='word_1_249' title='bbox 547 1533 734 1563; x_wconf 88' lang='lat' dir='ltr'>translatum</span> <span class='ocrx_word' id='word_1_250' title='bbox 760 1538 823 1562; x_wconf 90' lang='lat' dir='ltr'>est.</span> 
     </span>
    </p>
   </div>
   <div class='ocr_carea' id='block_1_18' title="bbox 112 1650 1688 1690">
    <p class='ocr_par' dir='ltr' id='par_1_18' title="bbox 112 1650 1688 1690">
     <span class='ocr_line' id='line_1_24' title="bbox 112 1650 1688 1690; baseline -0.002 -11"><span class='ocrx_word' id='word_1_251' title='bbox 112 1651 144 1680; x_wconf 83' lang='lat'>5.</span> <span class='ocrx_word' id='word_1_252' title='bbox 168 1650 270 1686; x_wconf 82' lang='lat' dir='ltr'>Quum</span> <span class='ocrx_word' id='word_1_253' title='bbox 293 1652 518 1688; x_wconf 72' lang='lat' dir='ltr'>coynovissent,</span> <span class='ocrx_word' id='word_1_254' title='bbox 542 1661 577 1680; x_wconf 85' lang='lat' dir='ltr'>se</span> <span class='ocrx_word' id='word_1_255' title='bbox 598 1651 774 1681; x_wconf 70' lang='lat' dir='ltr'>Medi-icum</span> <span class='ocrx_word' id='word_1_256' title='bbox 796 1661 859 1680; x_wconf 83' lang='lat' dir='ltr'>non</span> <span class='ocrx_word' id='word_1_257' title='bbox 881 1654 1046 1687; x_wconf 81' lang='lat' dir='ltr'>invenisse,</span> <span class='ocrx_word' id='word_1_258' title='bbox 1071 1653 1184 1690; x_wconf 75' lang='lat' dir='ltr'>diqilos</span> <span class='ocrx_word' id='word_1_259' title='bbox 1206 1661 1281 1681; x_wconf 77' lang='lat' dir='ltr'>suos</span> <span class='ocrx_word' id='word_1_260' title='bbox 1304 1660 1399 1688; x_wconf 83' lang='lat' dir='ltr'>super</span> <span class='ocrx_word' id='word_1_261' title='bbox 1422 1652 1526 1678; x_wconf 80' lang='lat' dir='ltr'>iecora</span> <span class='ocrx_word' id='word_1_262' title='bbox 1545 1657 1688 1686; x_wconf 81' lang='lat' dir='ltr'>posuere.</span> 
     </span>
    </p>
   </div>
   <div class='ocr_carea' id='block_1_19' title="bbox 113 1717 1890 2324">
    <p class='ocr_par' dir='ltr' id='par_1_19' title="bbox 113 1717 1890 2324">
     <span class='ocr_line' id='line_1_25' title="bbox 212 1717 1890 1761; baseline -0.004 -12"><span class='ocrx_word' id='word_1_263' title='bbox 212 1721 318 1749; x_wconf 81' lang='lat' dir='ltr'>Morte</span> <span class='ocrx_word' id='word_1_264' title='bbox 341 1719 472 1750; x_wconf 82' lang='lat' dir='ltr'>Modrici</span> <span class='ocrx_word' id='word_1_265' title='bbox 498 1729 701 1760; x_wconf 89' lang='lat' dir='ltr'>summopere</span> <span class='ocrx_word' id='word_1_266' title='bbox 728 1720 873 1751; x_wconf 84' lang='lat' dir='ltr'>adflictos</span> <span class='ocrx_word' id='word_1_267' title='bbox 901 1731 977 1752; x_wconf 87' lang='lat' dir='ltr'>esse</span> <span class='ocrx_word' id='word_1_268' title='bbox 1003 1731 1073 1761; x_wconf 78' lang='lat' dir='ltr'>eos,</span> <span class='ocrx_word' id='word_1_269' title='bbox 1101 1724 1152 1760; x_wconf 93' lang='lat' dir='ltr'>qui</span> <span class='ocrx_word' id='word_1_270' title='bbox 1179 1721 1217 1751; x_wconf 92' lang='lat' dir='ltr'>ob</span> <span class='ocrx_word' id='word_1_271' title='bbox 1245 1719 1396 1750; x_wconf 85' lang='lat' dir='ltr'>beneficia</span> <span class='ocrx_word' id='word_1_272' title='bbox 1423 1719 1451 1748; x_wconf 94' lang='lat' dir='ltr'>in</span> <span class='ocrx_word' id='word_1_273' title='bbox 1480 1719 1569 1757; x_wconf 88' lang='lat' dir='ltr'>ipsos</span> <span class='ocrx_word' id='word_1_274' title='bbox 1596 1717 1709 1747; x_wconf 88' lang='lat' dir='ltr'>collata</span> <span class='ocrx_word' id='word_1_275' title='bbox 1734 1724 1804 1745; x_wconf 89' lang='lat' dir='ltr'>eum</span> <span class='ocrx_word' id='word_1_276' title='bbox 1830 1723 1890 1742; x_wconf 77' lang='lat' dir='ltr'>ve-</span> 
     </span>
     <span class='ocr_line' id='line_1_26' title="bbox 116 1775 1889 1824; baseline -0.005 -12"><span class='ocrx_word' id='word_1_277' title='bbox 116 1782 277 1812; x_wconf 90' lang='lat' dir='ltr'>hementer</span> <span class='ocrx_word' id='word_1_278' title='bbox 304 1788 446 1812; x_wconf 85' lang='lat' dir='ltr'>amarent</span> <span class='ocrx_word' id='word_1_279' title='bbox 471 1787 524 1812; x_wconf 91' lang='lat' dir='ltr'>aut</span> <span class='ocrx_word' id='word_1_280' title='bbox 550 1792 620 1824; x_wconf 67' lang='lat' dir='ltr'>eos,</span> <span class='ocrx_word' id='word_1_281' title='bbox 646 1784 696 1822; x_wconf 92' lang='lat' dir='ltr'>qui</span> <span class='ocrx_word' id='word_1_282' title='bbox 724 1793 808 1814; x_wconf 86' lang='lat' dir='ltr'>nova</span> <span class='ocrx_word' id='word_1_283' title='bbox 834 1784 988 1813; x_wconf 77' lang='lat' dir='ltr'>beneficia</span> <span class='ocrx_word' id='word_1_284' title='bbox 1013 1786 1260 1823; x_wconf 76' lang='lat' dir='ltr'>exspectarent,</span> <span class='ocrx_word' id='word_1_285' title='bbox 1287 1791 1357 1811; x_wconf 89' lang='lat' dir='ltr'>nam</span> <span class='ocrx_word' id='word_1_286' title='bbox 1386 1789 1502 1810; x_wconf 86' lang='lat' dir='ltr'>versus</span> <span class='ocrx_word' id='word_1_287' title='bbox 1530 1787 1646 1808; x_wconf 84' lang='lat' dir='ltr'>sensus</span> <span class='ocrx_word' id='word_1_288' title='bbox 1675 1782 1729 1807; x_wconf 87' lang='lat' dir='ltr'>aut</span> <span class='ocrx_word' id='word_1_289' title='bbox 1755 1775 1793 1806; x_wconf 86' lang='lat' dir='ltr'>ad</span> <span class='ocrx_word' id='word_1_290' title='bbox 1820 1784 1889 1812; x_wconf 86' lang='lat' dir='ltr'>eos,</span> 
     </span>
     <span class='ocr_line' id='line_1_27' title="bbox 115 1841 1887 1886; baseline -0.005 -12"><span class='ocrx_word' id='word_1_291' title='bbox 115 1845 166 1885; x_wconf 88' lang='lat' dir='ltr'>qui</span> <span class='ocrx_word' id='word_1_292' title='bbox 193 1844 284 1874; x_wconf 86' lang='lat' dir='ltr'>simul</span> <span class='ocrx_word' id='word_1_293' title='bbox 310 1844 368 1874; x_wconf 89' lang='lat' dir='ltr'>iter</span> <span class='ocrx_word' id='word_1_294' title='bbox 395 1844 548 1874; x_wconf 85' lang='lat' dir='ltr'>facientes</span> <span class='ocrx_word' id='word_1_295' title='bbox 575 1854 614 1874; x_wconf 90' lang='lat' dir='ltr'>eo</span> <span class='ocrx_word' id='word_1_296' title='bbox 642 1850 742 1875; x_wconf 85' lang='lat' dir='ltr'>morte</span> <span class='ocrx_word' id='word_1_297' title='bbox 769 1846 884 1885; x_wconf 81' lang='lat' dir='ltr'>privati</span> <span class='ocrx_word' id='word_1_298' title='bbox 912 1850 1002 1875; x_wconf 90' lang='lat' dir='ltr'>erant</span> <span class='ocrx_word' id='word_1_299' title='bbox 1031 1851 1083 1877; x_wconf 85' lang='lat' dir='ltr'>aut</span> <span class='ocrx_word' id='word_1_300' title='bbox 1108 1845 1147 1875; x_wconf 91' lang='lat' dir='ltr'>ad</span> <span class='ocrx_word' id='word_1_301' title='bbox 1175 1855 1244 1886; x_wconf 67' lang='grc' dir='ltr'>θος,</span> <span class='ocrx_word' id='word_1_302' title='bbox 1271 1845 1322 1885; x_wconf 86' lang='lat' dir='ltr'>qui</span> <span class='ocrx_word' id='word_1_303' title='bbox 1348 1854 1366 1874; x_wconf 93' lang='lat' dir='ltr'>e</span> <span class='ocrx_word' id='word_1_304' title='bbox 1395 1846 1464 1874; x_wconf 91' lang='lat' dir='ltr'>loco</span> <span class='ocrx_word' id='word_1_305' title='bbox 1492 1846 1608 1872; x_wconf 87' lang='lat' dir='ltr'>remoto</span> <span class='ocrx_word' id='word_1_306' title='bbox 1629 1841 1797 1870; x_wconf 84' lang='lat' dir='ltr'>venientes</span> <span class='ocrx_word' id='word_1_307' title='bbox 1816 1846 1887 1866; x_wconf 87' lang='lat' dir='ltr'>eum</span> 
     </span>
     <span class='ocr_line' id='line_1_28' title="bbox 114 1901 1886 1946; baseline -0.005 -10"><span class='ocrx_word' id='word_1_308' title='bbox 114 1906 336 1936; x_wconf 84' lang='lat' dir='ltr'>beneficiorum</span> <span class='ocrx_word' id='word_1_309' title='bbox 363 1915 460 1936; x_wconf 89' lang='lat' dir='ltr'>causa</span> <span class='ocrx_word' id='word_1_310' title='bbox 497 1906 648 1946; x_wconf 79' lang='lat' dir='ltr'>adierant,</span> <span class='ocrx_word' id='word_1_311' title='bbox 685 1907 796 1937; x_wconf 82' lang='lat' dir='ltr'>referri</span> <span class='ocrx_word' id='word_1_312' title='bbox 833 1917 930 1946; x_wconf 86' lang='lat' dir='ltr'>posse</span> <span class='ocrx_word' id='word_1_313' title='bbox 968 1908 1103 1938; x_wconf 86' lang='lat' dir='ltr'>videtur.</span> <span class='ocrx_word' id='word_1_314' title='bbox 1166 1908 1264 1938; x_wconf 87' lang='lat' dir='ltr'>Priori</span> <span class='ocrx_word' id='word_1_315' title='bbox 1298 1907 1479 1936; x_wconf 85' lang='lat' dir='ltr'>sententiae</span> <span class='ocrx_word' id='word_1_316' title='bbox 1507 1905 1605 1934; x_wconf 87' lang='lat' dir='ltr'>verba</span> <span class='ocrx_word' id='word_1_317' title='bbox 1633 1902 1746 1932; x_wconf 86' lang='lat' dir='ltr'>scholii</span> <span class='ocrx_word' id='word_1_318' title='bbox 1773 1901 1886 1936; x_wconf 86' lang='lat' dir='ltr'>nostri,</span> 
     </span>
     <span class='ocr_line' id='line_1_29' title="bbox 114 1962 1888 2008; baseline -0.001 -12"><span class='ocrx_word' id='word_1_319' title='bbox 114 1969 281 2007; x_wconf 87' lang='lat' dir='ltr'>posteriori</span> <span class='ocrx_word' id='word_1_320' title='bbox 309 1967 407 1996; x_wconf 80' lang='lat' dir='ltr'>verba</span> <span class='ocrx_word' id='word_1_321' title='bbox 432 1967 589 1996; x_wconf 80' lang='lat' dir='ltr'>Mersukii</span> <span class='ocrx_word' id='word_1_322' title='bbox 618 1967 729 1997; x_wconf 85' lang='lat' dir='ltr'>favere</span> <span class='ocrx_word' id='word_1_323' title='bbox 755 1967 912 1997; x_wconf 81' lang='lat' dir='ltr'>videntur.</span> <span class='ocrx_word' id='word_1_324' title='bbox 965 1969 998 1998; x_wconf 81' lang='lat' dir='ltr'>In</span> <span class='ocrx_word' id='word_1_325' title='bbox 1026 1969 1130 1998; x_wconf 89' lang='lat' dir='ltr'>iecore</span> <span class='ocrx_word' id='word_1_326' title='bbox 1157 1968 1245 1999; x_wconf 89' lang='lat' dir='ltr'>dolor</span> <span class='ocrx_word' id='word_1_327' title='bbox 1263 1969 1433 2008; x_wconf 88' lang='lat' dir='ltr'>percipitur</span> <span class='ocrx_word' id='word_1_328' title='bbox 1461 1967 1565 1998; x_wconf 81' lang='lat' dir='ltr'>cons.</span> <span class='ocrx_word' id='word_1_329' title='bbox 1586 1967 1678 1996; x_wconf 89' lang='lat' dir='ltr'>Ham.</span> <span class='ocrx_word' id='word_1_330' title='bbox 1700 1975 1728 2004; x_wconf 94' lang='lat' dir='ltr'>p.</span> <span class='ocrx_word' id='word_1_331' title='bbox 1749 1967 1788 1993; x_wconf 78' lang='lat' dir='ltr'>it&#39;v</span> <span class='ocrx_word' id='word_1_332' title='bbox 1804 1973 1833 1992; x_wconf 82' lang='lat' dir='ltr'>v.</span> <span class='ocrx_word' id='word_1_333' title='bbox 1856 1962 1888 1993; x_wconf 80' lang='grc'>3.</span> 
     </span>
     <span class='ocr_line' id='line_1_30' title="bbox 113 2027 1886 2070; baseline -0.004 -9"><span class='ocrx_word' id='word_1_334' title='bbox 113 2032 146 2061; x_wconf 89' lang='lat' dir='ltr'>ln</span> <span class='ocrx_word' id='word_1_335' title='bbox 174 2031 240 2059; x_wconf 91' lang='lat' dir='ltr'>loco</span> <span class='ocrx_word' id='word_1_336' title='bbox 262 2034 388 2070; x_wconf 80' lang='lat' dir='ltr'>autem,</span> <span class='ocrx_word' id='word_1_337' title='bbox 426 2030 476 2059; x_wconf 85' lang='lat' dir='ltr'>ubi</span> <span class='ocrx_word' id='word_1_338' title='bbox 512 2029 651 2059; x_wconf 90' lang='lat' dir='ltr'>dolorem</span> <span class='ocrx_word' id='word_1_339' title='bbox 678 2030 832 2060; x_wconf 88' lang='lat' dir='ltr'>internum</span> <span class='ocrx_word' id='word_1_340' title='bbox 867 2031 1035 2070; x_wconf 88' lang='lat' dir='ltr'>sentimus,</span> <span class='ocrx_word' id='word_1_341' title='bbox 1070 2041 1192 2061; x_wconf 91' lang='lat' dir='ltr'>manum</span> <span class='ocrx_word' id='word_1_342' title='bbox 1229 2040 1346 2070; x_wconf 91' lang='lat' dir='ltr'>ponere</span> <span class='ocrx_word' id='word_1_343' title='bbox 1372 2032 1530 2068; x_wconf 87' lang='lat' dir='ltr'>solemus,</span> <span class='ocrx_word' id='word_1_344' title='bbox 1569 2034 1603 2059; x_wconf 89' lang='lat' dir='ltr'>ut</span> <span class='ocrx_word' id='word_1_345' title='bbox 1629 2028 1716 2058; x_wconf 92' lang='lat' dir='ltr'>dolor</span> <span class='ocrx_word' id='word_1_346' title='bbox 1743 2027 1886 2056; x_wconf 85' lang='lat' dir='ltr'>leniatur.</span> 
     </span>
     <span class='ocr_line' id='line_1_31' title="bbox 113 2088 1885 2134; baseline -0.004 -11"><span class='ocrx_word' id='word_1_347' title='bbox 113 2093 186 2123; x_wconf 78' lang='lat' dir='ltr'>Non</span> <span class='ocrx_word' id='word_1_348' title='bbox 212 2097 318 2122; x_wconf 89' lang='lat' dir='ltr'>autem</span> <span class='ocrx_word' id='word_1_349' title='bbox 344 2091 396 2131; x_wconf 81' lang='lat' dir='ltr'>fit,</span> <span class='ocrx_word' id='word_1_350' title='bbox 424 2091 516 2131; x_wconf 85' lang='lat' dir='ltr'>quod,</span> <span class='ocrx_word' id='word_1_351' title='bbox 553 2102 593 2121; x_wconf 88' lang='lat' dir='ltr'>ne</span> <span class='ocrx_word' id='word_1_352' title='bbox 620 2092 708 2121; x_wconf 86' lang='lat' dir='ltr'>iecur</span> <span class='ocrx_word' id='word_1_353' title='bbox 733 2098 906 2132; x_wconf 86' lang='lat' dir='ltr'>rumpatur,</span> <span class='ocrx_word' id='word_1_354' title='bbox 933 2094 1090 2134; x_wconf 75' lang='lat' dir='ltr'>timemus,</span> <span class='ocrx_word' id='word_1_355' title='bbox 1119 2093 1379 2132; x_wconf 86' lang='lat' dir='ltr'>quemadmodum</span> <span class='ocrx_word' id='word_1_356' title='bbox 1405 2093 1596 2123; x_wconf 82' lang='lat' dir='ltr'>scholiastes</span> <span class='ocrx_word' id='word_1_357' title='bbox 1625 2091 1711 2120; x_wconf 86' lang='lat' dir='ltr'>dixit.</span> <span class='ocrx_word' id='word_1_358' title='bbox 1740 2088 1831 2126; x_wconf 86' lang='lat' dir='ltr'>Quod</span> <span class='ocrx_word' id='word_1_359' title='bbox 1859 2088 1885 2116; x_wconf 80' lang='lat' dir='ltr'>si</span> 
     </span>
     <span class='ocr_line' id='line_1_32' title="bbox 114 2152 1886 2199; baseline -0.003 -16"><span class='ocrx_word' id='word_1_360' title='bbox 114 2155 223 2184; x_wconf 85' lang='lat' dir='ltr'>mirum</span> <span class='ocrx_word' id='word_1_361' title='bbox 250 2152 385 2190; x_wconf 85' lang='lat' dir='ltr'>videtur,</span> <span class='ocrx_word' id='word_1_362' title='bbox 413 2158 538 2192; x_wconf 81' lang='lat' dir='ltr'>poetam</span> <span class='ocrx_word' id='word_1_363' title='bbox 563 2153 667 2199; x_wconf 41' lang='grc' dir='ltr'>βψ)</span> <span class='ocrx_word' id='word_1_364' title='bbox 688 2155 830 2184; x_wconf 89' lang='lat' dir='ltr'>eiusdem</span> <span class='ocrx_word' id='word_1_365' title='bbox 849 2164 1005 2194; x_wconf 84' lang='lat' dir='ltr'>personae</span> <span class='ocrx_word' id='word_1_366' title='bbox 1024 2157 1204 2195; x_wconf 89' lang='lat' dir='ltr'>pronomine</span> <span class='ocrx_word' id='word_1_367' title='bbox 1225 2165 1294 2185; x_wconf 89' lang='lat' dir='ltr'>cum</span> <span class='ocrx_word' id='word_1_368' title='bbox 1315 2155 1412 2185; x_wconf 86' lang='lat' dir='ltr'>verbo</span> <span class='ocrx_word' id='word_1_369' title='bbox 1430 2155 1596 2184; x_wconf 90' lang='lat' dir='ltr'>coniuncto</span> <span class='ocrx_word' id='word_1_370' title='bbox 1616 2152 1749 2189; x_wconf 81' lang='lat' dir='ltr'>dixisse,</span> <span class='ocrx_word' id='word_1_371' title='bbox 1772 2152 1886 2189; x_wconf 87' lang='lat' dir='ltr'>quippe</span> 
     </span>
     <span class='ocr_line' id='line_1_33' title="bbox 113 2211 1884 2257; baseline 0 -11"><span class='ocrx_word' id='word_1_372' title='bbox 113 2217 182 2246; x_wconf 91' lang='lat' dir='ltr'>loco</span> <span class='ocrx_word' id='word_1_373' title='bbox 209 2215 400 2255; x_wconf 88' lang='lat' dir='ltr'>pronominis</span> <span class='ocrx_word' id='word_1_374' title='bbox 427 2224 492 2244; x_wconf 84' lang='lat' dir='ltr'>vox</span> <span class='ocrx_word' id='word_1_375' title='bbox 517 2217 591 2256; x_wconf 49' lang='grc' dir='ltr'>φεῦ·</span> <span class='ocrx_word' id='word_1_376' title='bbox 619 2221 772 2256; x_wconf 88' lang='lat' dir='ltr'>ponatur,</span> <span class='ocrx_word' id='word_1_377' title='bbox 808 2216 996 2246; x_wconf 87' lang='lat' dir='ltr'>monendum</span> <span class='ocrx_word' id='word_1_378' title='bbox 1023 2223 1092 2257; x_wconf 76' lang='lat' dir='ltr'>est,</span> <span class='ocrx_word' id='word_1_379' title='bbox 1127 2227 1190 2247; x_wconf 88' lang='lat' dir='ltr'>rem</span> <span class='ocrx_word' id='word_1_380' title='bbox 1220 2218 1249 2246; x_wconf 92' lang='lat' dir='ltr'>in</span> <span class='ocrx_word' id='word_1_381' title='bbox 1277 2217 1383 2247; x_wconf 86' lang='lat' dir='ltr'>verbis</span> <span class='ocrx_word' id='word_1_382' title='bbox 1411 2227 1429 2247; x_wconf 89' lang='lat' dir='ltr'>a</span> <span class='ocrx_word' id='word_1_383' title='bbox 1455 2215 1669 2257; x_wconf 85' lang='lat' dir='ltr'>grammaticis</span> <span class='ocrx_word' id='word_1_384' title='bbox 1695 2211 1781 2245; x_wconf 49' lang='lat' dir='ltr'>ew!</span> <span class='ocrx_word' id='word_1_385' title='bbox 1809 2211 1884 2246; x_wconf 41' lang='lat'>&amp;⁸5¹</span> 
     </span>
     <span class='ocr_line' id='line_1_34' title="bbox 113 2274 1884 2324; baseline -0.002 -18"><span class='ocrx_word' id='word_1_386' title='bbox 113 2276 230 2324; x_wconf 38' lang='lat' dir='ltr'>(flagi)</span> <span class='ocrx_word' id='word_1_387' title='bbox 258 2278 420 2316; x_wconf 78' lang='lat' dir='ltr'>appellatis</span> <span class='ocrx_word' id='word_1_388' title='bbox 449 2274 569 2319; x_wconf 87' lang='lat' dir='ltr'>(conf.</span> <span class='ocrx_word' id='word_1_389' title='bbox 597 2277 705 2308; x_wconf 87' lang='lat' dir='ltr'>Gram.</span> <span class='ocrx_word' id='word_1_390' title='bbox 733 2280 787 2309; x_wconf 88' lang='lat' dir='ltr'>Ar.</span> <span class='ocrx_word' id='word_1_391' title='bbox 818 2279 855 2309; x_wconf 88' lang='grc' dir='ltr'>Τ.</span> <span class='ocrx_word' id='word_1_392' title='bbox 882 2280 920 2308; x_wconf 92' lang='grc' dir='ltr'>ΙΙ.</span> <span class='ocrx_word' id='word_1_393' title='bbox 949 2290 976 2319; x_wconf 89' lang='lat' dir='ltr'>p.</span> <span class='ocrx_word' id='word_1_394' title='bbox 1008 2279 1108 2319; x_wconf 75' lang='lat'>580.)</span> <span class='ocrx_word' id='word_1_395' title='bbox 1136 2280 1246 2309; x_wconf 86' lang='lat' dir='ltr'>licitam</span> <span class='ocrx_word' id='word_1_396' title='bbox 1274 2280 1391 2309; x_wconf 87' lang='lat' dir='ltr'>haberi.</span> <span class='ocrx_word' id='word_1_397' title='bbox 1444 2279 1582 2310; x_wconf 83' lang='lat' dir='ltr'>Causam</span> <span class='ocrx_word' id='word_1_398' title='bbox 1618 2279 1646 2307; x_wconf 92' lang='lat' dir='ltr'>in</span> <span class='ocrx_word' id='word_1_399' title='bbox 1681 2286 1718 2306; x_wconf 89' lang='lat' dir='ltr'>eo</span> <span class='ocrx_word' id='word_1_400' title='bbox 1754 2275 1884 2305; x_wconf 79' lang='lat' dir='ltr'>inveniri</span> 
     </span>
    </p>
   </div>
   <div class='ocr_carea' id='block_1_20' title="bbox 112 2337 1884 2387">
    <p class='ocr_par' dir='ltr' id='par_1_20' title="bbox 112 2337 1884 2387">
     <span class='ocr_line' id='line_1_35' title="bbox 112 2337 1884 2387; baseline -0.004 -16"><span class='ocrx_word' id='word_1_401' title='bbox 112 2341 185 2371; x_wconf 86' lang='lat' dir='ltr'>dicit</span> <span class='ocrx_word' id='word_1_402' title='bbox 213 2340 427 2387; x_wconf 73' lang='lat' dir='ltr'>scholiastes,</span> <span class='ocrx_word' id='word_1_403' title='bbox 460 2339 542 2378; x_wconf 89' lang='lat' dir='ltr'>quod</span> <span class='ocrx_word' id='word_1_404' title='bbox 575 2340 637 2370; x_wconf 90' lang='lat' dir='ltr'>ista</span> <span class='ocrx_word' id='word_1_405' title='bbox 671 2341 769 2371; x_wconf 79' lang='lat' dir='ltr'>verba</span> <span class='ocrx_word' id='word_1_406' title='bbox 801 2342 936 2371; x_wconf 87' lang='lat' dir='ltr'>caeteris</span> <span class='ocrx_word' id='word_1_407' title='bbox 970 2343 1127 2372; x_wconf 88' lang='lat' dir='ltr'>contrario</span> <span class='ocrx_word' id='word_1_408' title='bbox 1165 2342 1254 2372; x_wconf 91' lang='lat' dir='ltr'>modo</span> <span class='ocrx_word' id='word_1_409' title='bbox 1282 2342 1454 2372; x_wconf 85' lang='lat' dir='ltr'>subiectum</span> <span class='ocrx_word' id='word_1_410' title='bbox 1490 2340 1767 2381; x_wconf 86' lang='lat' dir='ltr'>praedicatumque</span> <span class='ocrx_word' id='word_1_411' title='bbox 1792 2337 1820 2366; x_wconf 94' lang='lat' dir='ltr'>in</span> <span class='ocrx_word' id='word_1_412' title='bbox 1847 2346 1884 2365; x_wconf 85' lang='lat' dir='ltr'>se</span> 
     </span>
    </p>
   </div>
   <div class='ocr_carea' id='block_1_21' title="bbox 112 2401 1882 2457">
    <p class='ocr_par' dir='ltr' id='par_1_21' title="bbox 112 2401 1882 2457">
     <span class='ocr_line' id='line_1_36' title="bbox 112 2401 1882 2457; baseline -0.003 -13"><span class='ocrx_word' id='word_1_413' title='bbox 112 2415 301 2445; x_wconf 87' lang='lat' dir='ltr'>contineant.</span> <span class='ocrx_word' id='word_1_414' title='bbox 363 2414 454 2452; x_wconf 86' lang='lat' dir='ltr'>Quod</span> <span class='ocrx_word' id='word_1_415' title='bbox 488 2418 593 2444; x_wconf 84' lang='lat' dir='ltr'>autem</span> <span class='ocrx_word' id='word_1_416' title='bbox 629 2415 820 2446; x_wconf 89' lang='lat' dir='ltr'>scholiastes</span> <span class='ocrx_word' id='word_1_417' title='bbox 847 2417 876 2446; x_wconf 88' lang='lat' dir='ltr'>in</span> <span class='ocrx_word' id='word_1_418' title='bbox 903 2416 965 2446; x_wconf 81' lang='lat' dir='ltr'>fine</span> <span class='ocrx_word' id='word_1_419' title='bbox 991 2416 1104 2446; x_wconf 88' lang='lat' dir='ltr'>scholii</span> <span class='ocrx_word' id='word_1_420' title='bbox 1130 2417 1229 2446; x_wconf 89' lang='lat' dir='ltr'>verba</span> <span class='ocrx_word' id='word_1_421' title='bbox 1257 2401 1340 2457; x_wconf 53' lang='grc' dir='ltr'>ψὲϊ</span> <span class='ocrx_word' id='word_1_422' title='bbox 1368 2416 1465 2445; x_wconf 80' lang='lat' dir='ltr'>statui</span> <span class='ocrx_word' id='word_1_423' title='bbox 1492 2412 1699 2445; x_wconf 88' lang='lat' dir='ltr'>describendo</span> <span class='ocrx_word' id='word_1_424' title='bbox 1726 2411 1882 2442; x_wconf 77' lang='lat' dir='ltr'>inservire</span> 
     </span>
    </p>
   </div>
   <div class='ocr_carea' id='block_1_22' title="bbox 112 2475 814 2517">
    <p class='ocr_par' dir='ltr' id='par_1_22' title="bbox 112 2475 814 2517">
     <span class='ocr_line' id='line_1_37' title="bbox 112 2475 814 2517; baseline 0.004 -12"><span class='ocrx_word' id='word_1_425' title='bbox 112 2475 201 2517; x_wconf 85' lang='lat' dir='ltr'>dixit,</span> <span class='ocrx_word' id='word_1_426' title='bbox 228 2476 258 2506; x_wconf 91' lang='lat' dir='ltr'>id</span> <span class='ocrx_word' id='word_1_427' title='bbox 284 2475 323 2506; x_wconf 86' lang='lat' dir='ltr'>ad</span> <span class='ocrx_word' id='word_1_428' title='bbox 350 2486 480 2506; x_wconf 84' lang='lat' dir='ltr'>versum</span> <span class='ocrx_word' id='word_1_429' title='bbox 509 2478 642 2515; x_wconf 89' lang='lat' dir='ltr'>priorem</span> <span class='ocrx_word' id='word_1_430' title='bbox 669 2478 814 2515; x_wconf 87' lang='lat' dir='ltr'>pertinet.</span> 
     </span>
    </p>
   </div>
  </div>
 </body>
</html>
