2155 2892
891 165 1160 195 —201—

137 263 338 294 referendum
366 274 442 295 esse
469 264 554 305 dicit,
583 264 643 295 hoo
670 263 736 293 loco
765 264 803 293 ad
832 263 978 303 indolem,
1007 264 1234 303 proprietatem
1270 253 1407 300 (Ἀλωὲῐ)
1445 265 1550 295 refert.
1616 265 1750 304 Signum
1784 264 1921 294 seminini

137 330 199 357 tam
226 336 296 357 cum
323 329 446 358 nomine
473 333 506 358 et
534 327 704 363 adiectivo,
729 335 823 365 qnam
850 335 921 355 euni
949 326 1061 366 verbo,
1090 334 1160 355 raro
1187 331 1293 355 antem
1321 336 1389 356 oum
1418 327 1568 364 particula
1597 328 1754 367 coniungi.
1807 327 1840 356 ln
1861 336 1921 356 no-

138 390 232 430 mine,
259 391 286 420 si
313 391 468 431 quiescat,
496 390 525 420 in
553 390 688 418 litteram
715 401 727 417 u
753 392 865 419 mutari
893 393 923 419 et
951 396 1046 418 casus
1076 388 1204 427 signum
1232 388 1259 416 in
1288 388 1379 417 istam
1408 388 1543 417 litterani
1568 390 1742 418 transferri.
1773 389 1805 418 ln
1822 388 1921 418 verbo

139 453 270 484 litterum
297 463 331 482 cs)
357 463 484 494 semper
496 447 644 483 xinveniri
671 458 701 482 et
729 452 916 491 quiescere,
948 451 1008 481 nisi
1035 460 1128 490 quum
1159 460 1230 481 cum
1259 452 1359 481 altera
1386 451 1491 481 littera
1518 452 1700 490 quiescente
1739 451 1919 481 conveniat.

139 516 172 545 ln
199 517 360 555 particulis
387 521 493 545 autem
521 524 648 553 semper
675 514 819 544 vocalem
851 511 982 545 Fatham
1009 514 1135 544 habere.

139 613 172 643 6.
215 613 261 642 ΕΙ
281 614 336 651 qm’
355 615 491 648 tempore
515 611 777 641 Olibaial-Alhahi
798 611 903 639 hebete
926 614 994 640 risu
1017 622 1064 640 me
1086 612 1288 648 adspeaeerat,
1314 613 1341 639 is
1364 612 1425 639 iam
1450 612 1518 639 acri
1538 611 1653 638 intuitu
1676 619 1723 637 me
1745 610 1900 644 adaperit.

238 680 348 711 Filium
378 686 535 710 mortuum
564 680 657 709 talem
686 680 847 718 describit,
876 690 970 720 quem
999 681 1097 720 patris
1128 681 1240 710 inimici
1274 681 1436 717 timerent,
1477 683 1510 709 ut
1546 684 1666 718 patrem
1705 677 1827 707 nonnisi
1863 678 1922 706 leui

139 743 229 774 vultu
255 743 422 782 adspicere
450 743 611 775 auderent,
661 742 730 772 Filii
759 747 857 773 morte
885 753 985 773 reruni
1013 748 1132 773 statum
1161 747 1311 773 mutatum
1335 752 1422 783 esse,
1451 747 1484 772 ut
1510 751 1601 771 nemo
1629 740 1818 770 inimicitiam
1846 740 1923 778 patri

138 806 230 835 vultu
257 805 428 835 ostendere
458 806 591 834 timeret.
645 805 731 833 lnest
762 804 855 844 igilur
883 805 911 834 in
939 814 1038 834 versu
1067 804 1118 834 filii
1147 804 1214 835 laus
1243 810 1388 844 tanquam
1415 805 1473 834 viri
1502 804 1592 834 sortis
1621 807 1651 833 et
1670 808 1790 842 patrem
1810 802 1923 832 defen-

139 867 251 897 dentis.
304 868 444 897 Verbum
465 869 524 896 eui:
550 868 609 897 hoc
637 868 784 896 inversu
805 866 1067 907 significationem
1096 877 1249 907 acrem,
1278 867 1575 896 vehementem
1604 865 1788 896 reddidit
1816 865 1923 902 habet,

139 930 212 961 voei
245 936 351 960 autem
387 927 487 975 0512st
525 930 724 960 movendi
764 930 998 969 palpebras
1037 930 1073 959 in
1111 929 1309 960 intuendo
1345 929 1610 969 significationem
1646 929 1831 958 Mersnkius
1859 927 1923 957 dat.

140 991 208 1022 Hoc
237 993 266 1022 in
292 1002 389 1023 versu
418 993 513 1022 lilium
543 991 794 1029 Obbaid—Allah,
823 992 852 1021 in
880 992 1023 1031 proxime
1050 997 1207 1032 sequente
1228 991 1435 1021 Ahbd-Allah
1456 991 1639 1030 appellavit.
1693 989 1774 1028 Quid
1803 994 1924 1019 rectum

140 1054 194 1094 sit,
223 1056 342 1085 nescio.
394 1056 515 1084 Poetae
543 1056 634 1084 metri
663 1055 784 1083 ratione
811 1053 937 1083 adducti
964 1054 1105 1083 virorum
1133 1054 1257 1084 nomina
1285 1054 1439 1083 interdum
1466 1058 1645 1092 permutare
1672 1053 1774 1082 solent
1800 1051 1923 1090 (conf.

140 1116 207 1146 libr.
239 1127 359 1148 meum:
389 1117 539 1148 Darstell.
565 1117 594 1146 d.
625 1117 724 1147 Arab.
752 1117 938 1147 Verskunst
964 1126 992 1155 p.
1023 1115 1134 1155 509).
1188 1115 1280 1154 Quod
1307 1121 1412 1146 autem
1446 1119 1540 1155 poeta
1573 1113 1731 1155 &kf-,99
1760 1123 1815 1153 pro
1845 1110 1924 1150 >lq-,25

140 1183 257 1219 posuit,
285 1179 315 1209 id
343 1185 444 1210 metro
471 1178 784 1217 homoioteleutoque
812 1177 1008 1208 tribuendum
1036 1182 1096 1207 est.
1411 1183 1418 1191 ‘

140 1281 171 1310 7.
195 1280 365 1319 Profecto!
384 1283 444 1310 etsi
457 1279 713 1310 Ahhd-Allalms
735 1289 751 1308 e
773 1280 836 1308 Ioco
858 1289 915 1308 suo
937 1275 1250 1318 decessit[11101·t1111.s·
1264 1275 1333 1319 est)
1349 1283 1493 1316 tempore,
1519 1289 1578 1318 quo
1600 1281 1746 1308 iuventus
1765 1288 1833 1307 mea
1856 1288 1927 1307 cum

841 1337 1001 1363 senectute
1023 1336 1228 1363 commutatur
1238 1355 1246 1367 ,

239 1405 366 1435 vei-sus
407 1413 522 1436 sensus
558 1405 681 1435 nonnisi
718 1408 873 1444 sequente
909 1413 1008 1434 versu
1043 1403 1237 1441 absolvitur,
1273 1402 1343 1432 dum
1378 1403 1547 1432 verborum
1576 1400 1641 1447 Ου’
1667 1398 1724 1447 0²⁵
1752 1400 1926 1441 propositio

139 1476 340 1507 consequens
369 1468 477 1498 verbis
503 1477 596 1504 ,με-Ω.)
622 1464 682 1497 odi-5
713 1468 903 1497 continetur.
955 1467 1004 1496 De
1030 1476 1090 1496 usu
1116 1465 1205 1495 vocis
1231 1462 1289 1511 025
1319 1465 1425 1496 conf.
1454 1466 1543 1495 Ham.
1572 1475 1601 1504 p.
1629 1463 1675 1493 ft‘l
1701 1473 1733 1492 v.
1762 1463 1793 1492 4.
1821 1472 1850 1502 p.
1880 1463 1928 1491 Plo

139 1538 171 1558 v.
203 1530 232 1559 1.
286 1529 335 1558 De
360 1529 505 1569 loquendi
535 1530 624 1560 modo
651 1526 737 1558 ›02ss
764 1529 830 1569 ,gs-³>
858 1528 940 1558 cons.
969 1528 1062 1558 llam.
1090 1538 1119 1567 p,
1146 1529 1197 1558 t⁸v¹l
1226 1538 1257 1557 v.
1288 1528 1319 1558 5.
1372 1527 1571 1558 Scholiastes
1599 1527 1628 1556 in
1653 1535 1735 1556 voce
1762 1535 1842 1571 0³²>
1867 1534 1927 1554 ex-

139 1591 285 1631 plicanda
312 1592 502 1622 Abu-liilali
528 1592 716 1622 sententiam
745 1591 895 1630 exposuit
922 1590 1064 1628 dicentis,
1093 1599 1206 1620 vocem
1239 1590 1300 1620 hoc
1337 1590 1407 1620 loco
1443 1589 1567 1619 nonnisi
1605 1598 1713 1619 casum
1751 1587 1928 1628 genitivum

138 1655 256 1684 habere
282 1664 393 1695 posse,
421 1655 573 1694 siqnidem
601 1664 677 1685 vox.
707 1664 842 1694 quacum
877 1664 950 1695 ..ρ
978 1653 1198 1694 coniungatur,
1227 1653 1421 1682 declinabilis
1441 1653 1499 1691 sit3
1526 1660 1640 1681 vocem
1659 1656 1778 1688 autem,
1807 1650 1833 1679 si
1859 1658 1928 1678 cum

869 1682 888 1699 k

140 1716 239 1746 verbo
265 1717 488 1758 coniungatur,
515 1723 570 1748 aut
597 1718 821 1748 accusativum
849 1722 904 1747 aut
929 1717 1104 1758 genitivum
1132 1716 1250 1746 habere
1276 1726 1385 1756 posse.
1437 1717 1507 1746 Hoc
1530 1716 1597 1745 fieri
1617 1725 1728 1755 posse,
1756 1714 1839 1754 quod
1863 1718 1927 1744 tres

141 1787 237 1808 casus
265 1777 383 1807 habens
410 1778 440 1808 in
466 1780 609 1819 genitivo
636 1780 776 1819 positum
801 1781 863 1820 sit,
899 1778 972 1808 illud
1010 1783 1128 1815 autem,
1155 1777 1239 1816 quod
1266 1787 1333 1807 cum
1360 1787 1443 1807 voce
1470 1777 1677 1807 indeclinabili
1705 1778 1926 1815 coniungatur.

140 1839 262 1869 Vocem
296 1842 398 1879 ipsam
434 1840 684 1871 indeclinabilem
718 1842 805 1878 fieri,
846 1840 926 1880 quod
954 1840 1035 1870 duae
1061 1849 1162 1870 voces
1192 1840 1379 1870 coniunctae
1409 1850 1498 1871 unam
1525 1850 1592 1870 rem
1620 1840 1800 1880 designent.
1855 1838 1929 1867 Vox

141 1906 247 1932 autem
273 1912 354 1948 0²>
383 1903 442 1933 hoc
468 1903 498 1932 in
526 1912 623 1932 versu
649 1914 691 1933 ex
716 1914 785 1934 mea
810 1903 969 1934 sententia
997 1913 1058 1932 non
1084 1903 1189 1932 solum
1216 1912 1286 1933 cum
1314 1912 1375 1932 una
1403 1911 1486 1932 voce
1522 1909 1624 1943 &xa-«03
1662 1900 1720 1930 sed
1756 1908 1826 1930 cum
1861 1903 1929 1928 tota

140 1962 248 2001 phrasi
273 1968 360 2001 ,μύω
386 1960 513 2001 „ql-mdia
539 1978 621 2003 ῥυ...-
647 1965 816 1995 coniuucta
845 1971 906 1995 est.

140 2071 174 2100 8.
201 2072 315 2101 Tamen
337 2072 450 2102 lancea
471 2082 540 2101 mea
562 2073 643 2101 dura
665 2076 825 2106 remansit.
851 2084 1038 2112 quamquam
1062 2077 1143 2103 cutis
1166 2083 1234 2102 mea
1257 2075 1419 2112 adst1'9itur
1441 2077 1471 2102 et
1490 2075 1595 2111 flac-ca
1615 2075 1660 2111 fit.

240 2140 452 2171 Nihilominus
479 2146 597 2182 tamen,
625 2142 687 2171 etsi
716 2143 839 2172 iuvenis
877 2153 937 2173 non
973 2145 1035 2185 sit3
1073 2144 1133 2173 sed
1169 2143 1207 2174 ad
1243 2148 1442 2173 senectutem
1477 2152 1576 2182 prope
1613 2142 1762 2182 accedat,
1799 2141 1930 2172 aliorum

141 2203 297 2234 voluntati
322 2212 384 2232 non
411 2204 590 2234 subiectum
621 2215 656 2235 se
681 2205 831 2236 honorem
859 2216 950 2236 suurn
980 2206 1162 2236 defendere.
1191 2206 1262 2236 Hoc
1288 2205 1526 2246 significaturus
1549 2205 1689 2235 lanceam
1712 2213 1802 2234 suam
1822 2203 1930 2232 duram

142 2274 219 2295 esse
246 2265 335 2296 dixit.
389 2262 507 2296 Poetae
535 2267 627 2297 talem
653 2268 748 2298 animi
775 2268 911 2298 indolem
938 2277 1009 2298 cum
1038 2269 1166 2306 lancea,
1197 2278 1279 2309 quae
1307 2268 1430 2297 nonnisi
1457 2277 1524 2298 cum
1553 2267 1699 2296 molestia
1727 2270 1812 2294 recta
1842 2263 1930 2294 reddi

143 2332 261 2369 potest,
288 2333 509 2367 compararunt
536 2329 619 2359 conf.
648 2330 752 2360 Ham.
781 2341 811 2370 p.
838 2330 894 2360 fv?
920 2336 954 2361 et
980 2331 1104 2361 Ahmru
1132 2332 1160 2360 b.
1188 2330 1293 2360 Celth.
1322 2329 1430 2359 Moall.
1457 2339 1488 2358 v.
1510 2330 1556 2358 57
1572 2338 1620 2367 sq.
1674 2329 1722 2357 De
1748 2335 1831 2356 voce
1858 2321 1930 2364 ἰ’άῲ

144 2390 248 2419 conf.
274 2389 366 2420 Ham.
395 2401 425 2430 p.
452 2391 522 2420 Ροῖ.
575 2391 716 2423 Verbum
742 2392 804 2430 ,μό
827 2393 1000 2435 significat,
1028 2399 1132 2424 cutem
1158 2402 1252 2424 carne
1279 2392 1463 2431 disparente
1490 2391 1660 2421 flaccidam
1689 2390 1767 2422 fieri.

144 2498 177 2528 9.
199 2499 273 2528 Non
296 2503 398 2529 autem
423 2504 471 2529 est
492 2504 604 2536 status,
629 2503 684 2540 qui
703 2503 737 2530 in
758 2502 855 2531 alium
878 2506 997 2531 statum
1017 2511 1081 2530 mm
1103 2504 1240 2530 mutetur
1263 2504 1292 2530 et
1314 2504 1424 2529 cesset.

242 2568 277 2598 In
302 2568 362 2599 hoc
387 2569 536 2599 solatium
555 2574 614 2598 est.
666 2570 715 2600 lta
732 2579 835 2600 rerum
854 2570 1056 2601 humanarum
1076 2575 1220 2600 naturam
1240 2578 1328 2608 esse,
1356 2573 1390 2598 ut
1408 2577 1535 2606 semper
1557 2572 1717 2597 mutentur
1735 2572 1768 2598 et
1787 2573 1930 2598 cessent.

146 2629 269 2660 Homini
296 2631 391 2672 igitur
418 2630 613 2661 moriendum
639 2639 725 2660 esse.

1641 2690 1687 2720 26
