2155 2892
899 174 1169 205 —359-

152 274 225 302 voci
253 272 408 312 quandam
434 273 579 303 adiectivi
607 272 871 314 significationem
899 276 960 311 (sc.
988 273 1095 312 parvi)
1123 274 1226 303 addat.
1265 274 1437 304 Articulum
1469 278 1573 304 antem
1601 272 1722 304 nonnisi
1749 273 1924 304 nominibus

151 335 299 375 propriis,
328 345 409 375 quae
434 345 474 365 ox
501 335 668 365 adiectivis
695 334 848 373 originem
876 335 1033 374 duxerint,
1061 342 1094 365 ut
1123 336 1193 365 voci
1221 325 1326 379 “³53¹
1359 340 1418 366 etc.
1448 338 1629 367 convenire.
1683 339 1783 369 Vocis
1815 335 1927 368 „As-‘Ji

154 396 247 425 aliani
276 397 426 426 rationein
453 405 540 432 esse,
567 395 618 425 cui
644 395 704 424 nisi
732 396 762 424 in
790 405 828 424 eo
859 399 1002 436 turpis
1029 398 1220 438 significatio
1245 400 1351 438 lateat,
1381 403 1526 438 tanquam
1553 399 1666 428 nomini
1695 401 1818 440 proprio
1846 401 1925 431 arti-

155 458 245 487 culus
271 457 433 488 addendus
472 466 533 486 nou
569 457 622 486 sit.
685 456 745 487 Rei
772 458 979 497 explicandae
1006 469 1105 490 causa
1131 459 1252 500 adtulit,
1279 460 1368 489 vocis
1395 463 1546 490 rationem
1575 463 1667 491 taleni
1694 472 1781 503 esse,
1810 467 1843 494 ut
1870 463 1927 494 de·-

155 521 298 550 minum-i
327 521 457 550 sormam
484 529 545 549 non
572 520 734 560 admittat,
771 522 884 560 quippe
922 525 993 552 voci
1020 531 1175 561 nunquam
1203 521 1393 551 adieetivum
1422 522 1565 553 addatur.
1593 523 1760 554 Adiectivo
1780 526 1927 565 apposito

154 581 293 612 futurum
320 592 406 623 esse,
437 587 470 612 ut
496 582 594 621 prima
621 583 690 611 eius
719 582 863 623 conditio,
892 593 952 622 qna
978 593 1108 613 sensum
1136 583 1290 622 integrum
1319 581 1409 621 (obb-
1436 594 1508 614 con
1520 584 1539 613 s.
1569 584 1807 625 Antliol.grani.
1825 597 1853 626 p.
1870 588 1927 627 w)

155 645 279 686 offerat,
298 650 417 676 cesset.
446 645 541 675 Vocis
561 655 678 674 sensus
706 645 820 686 integri
847 648 999 675 rationem
1027 646 1119 675 talem
1149 654 1234 685 esse,
1262 650 1295 675 ut
1321 655 1448 684 semper
1475 645 1654 675 indefinitus
1681 648 1731 677 sit.
1761 648 1927 679 Adiectivo

156 713 261 738 autem
291 707 396 738 addito
429 717 521 746 quum
560 706 784 746 quodammodo
811 716 927 737 sensus
955 708 1099 738 definitus
1127 708 1203 749 fiat,
1245 709 1303 739 liae
1333 709 1362 737 in
1391 718 1424 738 re
1451 718 1580 739 causam
1606 709 1817 748 quaerendam
1844 720 1928 751 esse,

155 778 208 800 cur
234 779 336 809 neque
365 770 552 800 adiectis-um
579 778 681 809 neque
708 770 769 800 alia
795 779 845 800 res
880 772 948 809 (ex.
978 780 1026 812 gr.
1053 771 1238 801 deminutivi
1267 771 1382 810 surina)
1409 781 1508 801 sensu
1535 771 1693 802 adiectivo
1720 772 1830 802 similis
1857 782 1928 803 cum

156 842 194 862 eo
221 833 367 875 coniungi
395 833 507 873 possit.

157 931 185 960 1.
228 929 267 960 Si
287 929 383 959 Laila
402 927 635 967 Alachjalejyali
657 938 705 958 me
725 929 880 958 salutare!
901 930 994 958 Immo
1016 933 1046 958 et
1066 929 1228 967 sepulc-leri
1248 930 1403 967 lapidibus
1425 940 1472 959 me
1493 931 1682 967 teqenlibns,

156 996 188 1024 2.
233 995 402 1034 Proseclo!
420 1005 476 1032 eya
498 996 616 1024 laetitia·
637 996 780 1034 adseclas
799 997 969 1025 salularem
993 1000 1049 1025 aa!
1070 998 1145 1025 lmbo
1159 998 1326 1034 esepulcri
1345 997 1442 1025 latere
1464 1006 1566 1025 nocem
1589 998 1682 1026 edens
1699 997 1898 1027 acclamaret.

255 1065 354 1094 Tanto
370 1073 404 1094 se
423 1074 529 1094 amore
547 1065 637 1094 istius
665 1064 800 1095 feminae
826 1070 950 1104 captum
978 1075 1066 1106 esse,
1095 1070 1127 1095 ut
1154 1068 1224 1104 ipsa
1251 1070 1352 1095 morte
1379 1075 1463 1095 amor
1487 1066 1644 1105 periturus
1662 1076 1722 1096 non
1749 1067 1801 1097 sit.
1838 1067 1930 1098 l’onit

155 1127 216 1157 sibi
253 1127 283 1156 in
316 1127 463 1166 sepulcro
495 1126 611 1157 iacenti
640 1126 783 1157 feminam
813 1128 850 1158 ab
882 1130 954 1167 ipso
980 1134 1113 1158 amatam
1143 1128 1278 1157 salutem
1306 1127 1422 1161 dicere.
1474 1129 1507 1157 In
1534 1129 1682 1167 sepulcro
1711 1130 1789 1169 lapis
1818 1131 1928 1171 largus

157 1190 333 1228 ponebatur
353 1188 458 1218 conf.
477 1190 570 1219 Ham.
600 1190 658 1219 W.
687 1190 885 1220 Mortuorum
913 1200 989 1221 ossa
1006 1192 1035 1220 in
1051 1191 1191 1221 bubones
1218 1191 1330 1220 mutari
1356 1190 1508 1230 putabant
1535 1189 1641 1220 conf.
1663 1191 1754 1221 llam.
1769 1192 1796 1220 11
1811 1202 1841 1232 p.
1857 1192 1928 1223 626

156 1256 189 1282 et
210 1250 260 1281 fu.
288 1252 414 1282 Lateris
434 1257 540 1282 autem
558 1252 694 1292 sepulcri
722 1253 904 1284 mentionem
930 1254 1017 1295 facit,
1033 1254 1114 1293 quod
1133 1256 1163 1284 in
1184 1253 1269 1284 fundi
1298 1254 1397 1283 latere
1425 1252 1550 1283 foveam
1576 1241 1640 1281 &2⁵—
1667 1254 1868 1295 appellatam,
1897 1255 1929 1285 in

157 1321 218 1352 qua
243 1318 386 1343 mortuus
414 1319 596 1354 poneretur,
623 1323 734 1353 parare
763 1316 906 1345 solebant
933 1316 1038 1345 conf.
1066 1316 1094 1344 11
1120 1325 1149 1355 p.
1178 1316 1233 1345 25.
1285 1315 1428 1345 Salutem
1456 1320 1561 1346 autem
1590 1316 1751 1355 quominus
1770 1316 1930 1358 redderet,

153 1374 180 1404 si
207 1375 377 1414 impeditus
406 1381 508 1416 esset,
535 1384 593 1405 suo
621 1376 691 1406 loeo
719 1376 871 1407 bubonem
898 1387 978 1407 voce
1004 1387 1060 1408 sna
1087 1387 1305 1417 responsurum
1327 1387 1402 1408 esse
1429 1378 1512 1410 dicit.
1565 1379 1655 1410 haila
1678 1385 1784 1410 autem
1810 1380 1930 1411 Alach-

155 1438 279 1479 jalijjaih
306 1440 529 1480 cognominata
559 1440 681 1479 poetria
709 1440 845 1480 insignis
871 1443 1011 1479 tempore
1039 1440 1145 1470 lslami
1171 1440 1262 1470 vixit.
1304 1439 1475 1482 Reguante
1500 1440 1764 1472 Ahbd-Almalico
1792 1441 1821 1472 b.
1841 1443 1932 1473 Mer-

157 1509 231 1530 wan
258 1500 444 1542 grandaeva
471 1506 539 1531 erat
566 1500 668 1531 cons.
699 1500 762 1531 Cit.
790 1501 961 1542 Alaghani,

161 1611 194 1641 3.
238 1609 326 1646 Quae
348 1621 366 1639 a
389 1610 483 1640 Laila
513 1611 593 1640 milui
615 1620 676 1640 non
705 1614 905 1651 conlitzyutzt,
928 1622 964 1641 ea
986 1613 1065 1641 milii
1085 1614 1231 1643 inrident.
1276 1611 1325 1642 0!
1349 1621 1448 1651 omne,
1471 1622 1530 1651 quo
1553 1615 1677 1642 animus
1705 1613 1859 1649 laetatur,
1879 1614 1934 1643 bo-

962 1676 1036 1695 num
1063 1670 1117 1695 est.
1720 1662 1788 1707 (Ι),
1811 1664 1935 1709 572.)

258 1734 302 1764 Se
337 1744 355 1764 a
381 1735 470 1764 Laila
497 1735 538 1765 nil
565 1736 741 1765 obtinuisse
769 1735 957 1777 confitetur3
985 1736 1043 1765 sed
1072 1736 1131 1765 iam
1159 1735 1188 1764 in
1215 1744 1265 1773 eo,
1293 1734 1374 1774 quod
1401 1734 1451 1764 alii
1478 1734 1537 1773 ipsi
1564 1734 1734 1774 invideant,
1772 1740 1805 1766 et
1830 1737 1932 1777 ipsum

161 1800 306 1835 tanquam
334 1805 353 1825 a
379 1796 467 1826 Laila
494 1801 628 1826 amatum
656 1803 914 1838 commemorent,
941 1807 978 1828 se
1005 1797 1111 1838 gaudii
1138 1806 1268 1827 causam
1294 1797 1435 1827 invenire
1463 1797 1546 1827 dicit.

1004 1952 1133 1985 XLI.

899 2026 1039 2060 Alius
1062 2025 1199 2059 «lixit.

166 2099 194 2129 1.
246 2098 290 2127 E!
317 2100 346 2126 si
374 2097 497 2126 Lailam
529 2107 548 2125 a
570 2106 617 2125 me
639 2097 779 2125 retinetis
802 2098 930 2133 eiusque
949 2096 1118 2132 pulchrum
1139 2105 1321 2132 sermonem,
1343 2099 1445 2124 tamen
1464 2096 1623 2133 ploratum
1644 2106 1745 2126 meum
1768 2107 1939 2136 versusque

903 2158 965 2177 non
990 2150 1199 2186 prolicbebilis.

270 2222 417 2250 inimicos
445 2229 542 2260 suos,
579 2220 629 2260 qui
657 2219 803 2249 feminam
832 2219 869 2248 ab
897 2219 963 2258 ipso
991 2223 1126 2248 amatam
1155 2218 1370 2248 custodientes
1399 2218 1581 2258 impediunt,
1609 2220 1774 2258 quominus
1803 2230 1874 2251 eum
1901 2230 1940 2251 ea

166 2283 336 2314 convenire
363 2282 476 2322 possit,
503 2282 681 2321 alloquitur.
734 2282 800 2311 Eos
827 2281 941 2321 ipsum,
969 2282 1041 2321 quin
1066 2290 1204 2311 amorem
1231 2291 1324 2310 suum
1352 2280 1543 2321 manifestet,
1571 2281 1720 2320 impedire
1747 2292 1807 2311 non
1833 2291 1938 2322 posse.

168 2395 199 2423 2.
244 2392 310 2422 Cur
333 2401 394 2420 non
416 2401 478 2428 cos,
502 2392 557 2428 qm·
577 2400 752 2419 sermonem
773 2391 1000 2427 impedit-erilis,
1015 2392 1181 2427 imaginem
1196 2390 1406 2427 impedivistis,
1421 2399 1501 2427 quae
1521 2390 1563 2417 ad
1580 2399 1628 2417 me
1649 2393 1734 2418 reela
1756 2392 1814 2424 via,
1829 2399 1942 2428 quam-

785 2453 878 2482 quam
903 2454 921 2472 a
944 2454 992 2472 me
1013 2443 1104 2480 lonqe
1127 2444 1221 2478 abest,
1244 2443 1347 2471 venit?

267 2516 433 2554 Laetatur,
460 2513 539 2553 quod
567 2512 702 2542 feminae
729 2514 833 2553 imago
861 2512 900 2542 ad
927 2513 1026 2552 ipsum
1052 2514 1260 2541 somniantem
1286 2510 1451 2550 perveniat
1478 2514 1510 2539 et
1536 2510 1596 2539 hac
1622 2510 1651 2539 in
1679 2519 1712 2539 re
1728 2510 1871 2540 solatium
1890 2512 1941 2540 in-

169 2580 267 2610 venit.
319 2578 516 2609 Soholiastes
543 2576 592 2606 his
627 2575 657 2604 in
687 2574 795 2603 verbis
821 2574 965 2604 indicium
995 2574 1090 2612 videt,
1116 2574 1261 2603 feminam
1288 2573 1316 2602 ei
1342 2572 1435 2601 fidem
1461 2581 1606 2611 servare,
1633 2581 1703 2601 nam
1731 2571 1759 2601 si
1785 2572 1875 2602 aliter
1908 2581 1943 2603 se

170 2640 304 2680 habeat,
338 2643 465 2679 poetam
498 2642 611 2667 noctes
645 2636 714 2665 sine
745 2643 854 2665 somno
882 2639 1123 2679 transactarum*
1141 2644 1232 2676 esse,
1267 2640 1301 2664 ut
1328 2634 1462 2664 feminae
1488 2634 1593 2675 imago
1623 2633 1662 2664 ad
1689 2643 1760 2664 eum
1786 2634 1943 2666 accedere

1504 2696 1549 2726 46
