2155 2892
924 117 1191 148 —158-

179 227 342 261 runtur,
363 220 401 250 id
428 219 534 259 quod
562 218 738 249 camelis
765 218 829 248 lac
855 217 894 247 in
924 218 1129 249 uberibus
1157 217 1409 248 habentibus
1436 217 1850 258 gentisBanu-Sijad
1868 228 1960 250 con-

172 281 290 333 tigit,
317 287 399 317 dum
426 284 532 325 apud
548 281 1221 321 Koraischitam1)retinebantur,
1243 279 1423 310 venditis
1450 288 1520 319 pro
1548 279 1698 310 loricis
1725 280 1961 321 gladiisque

175 351 454 390 secantibus3
481 349 616 379 sicuti
644 347 738 378 mihi
766 357 784 376 a
812 345 984 376 Hamalo
1012 344 1109 373 filio
1126 342 1250 373 Badri
1277 342 1455 382 eiusque
1481 341 1697 371 fratribus
1728 342 1820 372 loco
1840 344 1962 373 Dsat-

177 413 334 448 Olizad
361 412 552 453 contigit
580 410 699 450 (conf.
719 408 923 439 Meid.'r.11.
944 417 974 447 p.
995 407 1107 445 276).
1159 406 1227 435 Illi
1255 407 1406 434 contra
1431 414 1491 434 me
1518 404 1608 435 sine
1634 414 1762 435 causa
1787 406 1962 446 gloriati

176 483 274 509 sunt
302 481 384 508 eta
408 484 539 515 scopo
567 483 709 513 equum
737 481 861 502 meum
889 469 1181 500 excellentem
1209 467 1490 505 repulerunt«
1519 471 1631 506 postea
1657 469 1706 496 sic
1733 466 1856 507 pergit:
1884 467 1963 496 Va—

178 551 272 584 gor,
301 538 496 579 quamdiu
523 545 676 577 vagor,
707 540 788 564 tum
816 533 863 563 ad
891 533 1078 563 vicinum
1106 532 1240 561 instar
1270 529 1403 560 vieini
1431 527 1729 567 Abu-Duadiss)
1757 528 1964 558 devertor.

177 604 380 636 Scholiastes
408 606 514 632 antem
542 598 677 637 addidit,
711 597 847 626 vicinum
881 596 964 626 illum
997 595 1093 625 fnisse
1120 594 1315 624 Alharitsum
1344 593 1373 623 b.
1400 593 1567 623 Hammam
1594 594 1622 623 b.
1652 593 1781 623 Morrali
1807 592 1836 621 b.
1864 591 1964 622 Dsohl

177 668 206 697 b.
227 665 398 705 Schaiban,
426 663 476 702 qui
497 659 736 690 Abu-Duadum
754 658 913 698 Ajaditam
941 663 1066 697 poetam
1094 657 1122 686 in
1142 656 1336 686 vicinitatem
1360 655 1549 694 recepisset.
1602 655 1663 685 Hic
1690 656 1716 685 si
1742 657 1772 686 in
1798 655 1965 695 pecoribus

178 729 400 760 detrimentum
428 725 588 764 cepisset,
616 722 700 752 illum
728 730 857 760 semper
884 731 948 750 rem
976 719 1169 758 restituisse,
1198 719 1252 758 ita,
1281 722 1326 758 ut,
1355 727 1437 757 quae
1465 722 1559 748 aucta
1584 723 1706 756 essent,
1735 718 1796 748 sibi
1824 718 1963 748 haberet.

178 790 380 821 Tharafahus
409 788 453 816 rei
487 785 678 816 mentionem
715 783 836 813 faciens
871 782 950 812 dixit
976 783 1083 820 (metr.
1112 781 1258 819 Rasum:
1296 781 1338 810 ln
1375 781 1696 822 sollicitudine,
1732 791 1830 821 quae
1866 781 1965 811 mihi

178 849 452 893 supervenit,
481 848 655 877 vicinus
682 844 780 874 mihi
802 843 993 883 suffecit,
1013 843 1127 873 sicut
1147 843 1319 874 vicinus
1335 843 1662 883 Hodsakitaess),
1682 844 1749 883 qui
1768 844 1966 874 laudatus

177 907 409 952 (psi-⁹50.)
444 916 519 941 est.
571 908 740 945 Nadbaho,
769 908 832 937 filio
860 905 1060 945 Hodsaifahi,
1089 906 1209 946 occiso,
1238 905 1383 944 Kaisus,
1419 915 1479 945 quo
1507 915 1543 935 se
1580 911 1783 936 converteret
1817 907 1967 936 nesciens

180 978 304 1009 tandem
332 976 371 1006 ad
397 984 484 1005 suam
512 978 654 1014 gentem>
682 980 866 1011 quamquam
893 968 1007 998 Rabihi
1035 970 1177 999 camelos
1205 968 1243 997 ob
1274 967 1400 997 loricam
1427 968 1487 1007 ipsi
1514 968 1552 997 ab
1580 968 1631 997 illo
1649 972 1789 1007 ereptam
1810 973 1967 1008 rapuerat,

179 1040 329 1072 redeundi
352 1038 516 1069 consilium
550 1036 634 1075 cepit
663 1040 695 1065 et
721 1039 754 1064 nt
781 1033 937 1063 Rabihum
967 1033 1100 1070 eiusque
1128 1030 1242 1060 fratres
1276 1031 1335 1060 sibi
1372 1040 1552 1070 propensos
1587 1031 1756 1072 redderet,
1793 1038 1968 1072 sequentes

176 1112 294 1134 versus
321 1101 497 1140 composuit
525 1100 632 1137 (metr.
661 1096 805 1133 WValirL
843 1096 885 1125 Si
923 1095 959 1125 in
994 1098 1122 1135 gente
1156 1092 1458 1122 Banu-Sohair
1492 1093 1688 1123 fiduciam
1725 1103 1847 1133 pono,
1887 1099 1966 1124 tum

179 1166 350 1196 maxime
376 1164 414 1193 in
443 1167 572 1204 gente
601 1161 725 1200 Sijad
755 1159 963 1190 fiduciam
993 1157 1131 1186 habeo.
1186 1155 1348 1185 Rabiho
1375 1156 1508 1196 igitur
1536 1153 1690 1187 dicite!
1725 1158 1891 1197 Hospes
1919 1158 1970 1188 ad

179 1234 217 1258 te
242 1226 379 1263 venit,
407 1225 470 1254 cui
499 1234 546 1253 ne
573 1222 787 1253 alienatio
816 1221 963 1251 mentis
992 1219 1234 1250 commeatui
1263 1219 1331 1248 sit.
1383 1218 1496 1257 Quod
1522 1221 1767 1259 praeteriit,
1805 1221 1965 1263 omitte,

178 1299 267 1319 nam
293 1288 387 1318 boni
414 1287 470 1316 nil
494 1288 535 1316 in
565 1294 612 1315 eo
641 1282 730 1314 est!
758 1288 799 1313 et
827 1284 862 1312 si
889 1283 1019 1321 facis,
1056 1281 1127 1311 diu
1163 1283 1272 1322 apud
1305 1288 1343 1313 te
1377 1284 1570 1314 manebit.
1624 1285 1725 1314 Hisce
1752 1285 1900 1315 versibus
1928 1285 1968 1315 ad

179 1352 333 1382 Rabihum
360 1349 491 1390 perlatis
520 1349 690 1378 Alrabihus
719 1348 747 1377 b.
776 1346 866 1386 Sijad
901 1346 1016 1376 fratres
1054 1347 1221 1376 consulens
1258 1345 1353 1376 dixit:
1391 1345 1485 1384 Quod
1511 1346 1632 1376 Kaisus
1660 1346 1690 1375 in
1720 1356 1770 1376 me
1799 1349 1968 1381 commisit,

177 1414 280 1445 maius
307 1417 369 1450 est,
397 1422 490 1452 quam
518 1410 599 1450 quod
627 1411 657 1439 in
685 1419 755 1440 eum
782 1408 936 1439 commisi.
989 1409 1068 1438 Eius
1096 1408 1221 1437 loricam
1250 1408 1340 1448 cepi,
1378 1406 1459 1446 quod
1487 1417 1589 1437 meam
1616 1417 1692 1437 esse
1719 1390 1968 1450 contendebam3

176 1478 229 1508 ille
257 1481 362 1507 autem
391 1475 528 1505 camelos
557 1483 645 1503 meos
673 1472 777 1512 rapuit
804 1472 994 1502 detrimento
1022 1480 1072 1500 me
1100 1470 1264 1500 adficiens.
1318 1470 1361 1500 Ut
1390 1470 1429 1500 ad
1467 1480 1516 1500 me
1553 1470 1703 1501 redeundi
1739 1471 1835 1501 venia
1868 1475 1968 1509 esset,

179 1540 328 1582 rogavit3
357 1538 414 1568 sed
444 1537 483 1567 nil
511 1537 591 1577 vult,
619 1536 676 1566 nisi
705 1541 738 1566 ut
767 1545 829 1576 ego
857 1540 967 1565 contra
994 1539 1123 1574 gentem
1154 1533 1296 1573 Dsobjan
1322 1534 1426 1573 ipsum
1454 1532 1620 1562 defendam
1647 1536 1679 1562 et
1703 1537 1815 1563 contra
1842 1537 1968 1574 gentem

178 1602 402 1634 Banu—Ahmir
429 1600 576 1630 auxilium
606 1602 758 1637 prestem‚
785 1597 828 1626 ita
856 1602 888 1627 ut
915 1601 1007 1636 caput
1035 1597 1218 1636 (princeps)
1247 1596 1319 1637 fiat,
1355 1601 1523 1636 postquam
1552 1597 1640 1625 Deus
1669 1596 1762 1626 vilem
1790 1606 1862 1626 eum
1890 1596 1966 1626 red-

176 1667 261 1698 didit.
295 1666 407 1695 F'rater
427 1664 496 1693 eins
517 1661 677 1692 Ohmarali
705 1662 735 1692 b.
762 1660 851 1700 Sijad
879 1660 925 1689 sic
954 1659 1135 1698 respondit:
1164 1660 1243 1689 Mihi
1270 1660 1382 1689 bonum
1410 1659 1547 1689 videtur.
1576 1658 1668 1697 Quod
1696 1660 1786 1697 dicis,
1816 1670 1886 1690 eum
1915 1661 1967 1690 tibi

177 1730 278 1760 maius
306 1728 463 1763 intulisse,
490 1735 582 1764 quam
612 1729 644 1754 tu
673 1724 700 1753 ei
728 1722 904 1759 intulisses,
933 1724 1032 1763 scias,
1060 1724 1088 1752 si
1115 1733 1246 1752 numero
1274 1723 1435 1753 criminum
1463 1723 1648 1762 punirentur
1683 1722 1848 1760 homines,
1874 1733 1966 1753 nemo

178 1792 268 1823 alteri
295 1791 437 1821 iniuriam
465 1788 615 1821 inferret:
643 1787 700 1816 sed
729 1791 762 1816 tu
788 1785 933 1824 incepisti
962 1791 995 1814 et
1018 1785 1070 1814 ille
1098 1786 1236 1815 iniustus
1262 1784 1329 1815 fuit.
1384 1784 1445 1822 Qui
1474 1790 1580 1815 autem
1609 1795 1702 1824 quum
1730 1788 1759 1815 te
1776 1795 1886 1815 carere
1907 1795 1966 1814 non

178 1855 294 1894 possit,
324 1863 361 1883 se
376 1852 530 1888 humiliat,
559 1859 630 1879 eum
658 1843 807 1878 admitte!
835 1848 911 1877 Tum
941 1846 1086 1876 Rabilius
1114 1846 1234 1887 dicens,
1261 1856 1298 1876 se
1316 1849 1456 1879 nescire,
1486 1847 1556 1886 quid
1575 1846 1661 1876 fratri
1680 1853 1857 1887 regereret,
1886 1848 1967 1877 hunc

177 1927 308 1947 versum
340 1916 487 1945 recitavit
515 1916 623 1950 (metr.
650 1911 758 1942 Wafir
787 1911 876 1941 cuius
904 1911 1003 1949 prima
1031 1910 1156 1950 syllaba
1183 1908 1307 1947 deest):
1338 1910 1477 1950 Aegre
1506 1910 1596 1939 fero
1626 1910 1794 1939 Kaisum
1824 1910 1968 1950 repel-

179 1986 269 2014 lere
296 1983 336 2007 et
366 1986 493 2018 aegre
522 1975 616 2004 sero
643 1974 760 2015 genti
789 1973 1056 2012 Banu-Sijad
1083 1973 1227 2002 malum
1255 1972 1421 2001 inferre
1451 1982 1520 2003 cum
1548 1972 1688 2010 pluribus
1716 1972 1784 2002 aliis
1808 1973 1966 2003 versibus.

180 2041 278 2070 Hisce
306 2044 412 2069 autem
441 2040 592 2069 versibus
620 2037 658 2067 ad
679 2038 810 2067 Kaisum
840 2036 969 2076 perlatis
993 2036 1089 2065 dixit:
1119 2036 1173 2065 Me
1193 2036 1336 2074 accepit;
1366 2045 1422 2074 per
1441 2036 1551 2073 Deum,
1580 2035 1694 2065 bellum
1716 2035 1753 2064 iis
1781 2031 1966 2065 accendam!

179 2105 212 2132 ln
240 2113 295 2133 ora
322 2108 427 2133 autem
457 2103 597 2143 regionis
616 2101 722 2142 gentis
744 2100 830 2129 Alibs
855 2104 961 2129 castra
980 2100 1096 2137 posuit.
1125 2098 1249 2127 Arabes
1272 2099 1350 2127 inter
1368 2098 1496 2128 Kaisum
1518 2104 1550 2127 et
1572 2099 1801 2129 Hodsaifahum
1829 2099 1967 2128 interce-

179 2167 294 2196 dentes
308 2166 404 2196 Kaiso
421 2165 579 2205 dixerunt,
597 2165 624 2193 in
642 2168 740 2204 gente
756 2162 920 2193 Gathafan
936 2166 1098 2200 rupturam
1116 2161 1252 2191 futuram
1272 2171 1347 2191 esse
1363 2161 1445 2191 haud
1462 2163 1677 2201 reparandam,
1693 2168 1725 2192 et
1738 2163 1906 2202 instarunt,
1934 2168 1967 2192 ut

179 2228 375 2258 Hodsaifaho
392 2232 520 2258 centum
535 2226 670 2256 camelos
684 2236 739 2265 per
756 2226 866 2255 decem
883 2233 1011 2254 menses
1026 2223 1179 2264 gravidas
1197 2226 1294 2263 pretio
1312 2224 1420 2253 caedis
1432 2225 1616 2255 Nadbaliih.
1628 2225 1805 2256 Hodsaifah
1816 2227 1966 2255 mitteret.

181 2292 242 2321 Alii
268 2291 385 2330 dicunt,
412 2290 554 2321 Auhfum
583 2290 612 2319 b.
640 2288 724 2318 Badr
745 2298 763 2317 a
785 2288 884 2317 Kaiso
912 2287 1093 2317 incursione
1116 2286 1200 2315 faeta,
1224 2286 1366 2315 occisum
1391 2296 1467 2316 esse
1491 2293 1523 2318 et
1546 2294 1759 2328 posteaquum
1785 2297 1848 2327 pax
1876 2297 1966 2317 com-

180 2355 283 2393 posita
311 2359 403 2384 esset
429 2359 461 2385 et
488 2353 631 2384 homines
660 2361 735 2382 sese
775 2351 963 2390 miscerent,
1002 2348 1231 2379 Ilodsaifalxnm
1262 2349 1380 2387 perfide
1408 2351 1529 2391 egisse.
1584 2350 1688 2389 Quum
1713 2350 1781 2389 ipse
1812 2350 1964 2390 misisset,

200 2474 227 2505 l)
247 2476 353 2499 Gentem
374 2475 501 2499 Koraisch
519 2480 642 2505 tanquam
662 2481 730 2502 eam,
750 2480 816 2504 quae
836 2478 999 2498 mercaturae
1018 2473 1152 2496 faciendae
1172 2472 1259 2495 dedita
1275 2477 1341 2501 erat,
1359 2472 1517 2501 appellavit.

197 2521 228 2549 2)
249 2521 320 2545 Cahb
340 2522 362 2544 b.
382 2522 487 2545 Mamali
508 2521 549 2545 vIr
568 2521 732 2545 liberalitate
751 2527 830 2546 notus
850 2524 924 2543 tanta
946 2520 1105 2543 liberalitate
1124 2523 1197 2549 erat,
1218 2524 1245 2542 ut
1265 2519 1287 2541 in
1309 2519 1477 2547 proverbium
1497 2517 1608 2540 veniret.
1645 2514 1711 2539 Idem
1731 2522 1808 2546 quum
1828 2516 1966 2545 benignis-

246 2566 310 2589 sime
330 2572 394 2595 erga
414 2566 514 2590 vicinos
534 2573 628 2597 gerere
647 2574 676 2590 se
694 2568 806 2595 soleret,
826 2565 968 2596 proverbio
990 2565 1084 2587 dicitur
1103 2564 1231 2587 »Vicinus
1252 2568 1279 2587 ut
1298 2565 1400 2587 vicinus
1421 2562 1608 2587 Abu-Duadi«
1627 2562 1713 2585 conf.
1734 2563 1813 2585 Meid.
1831 2561 1859 2585 C.
1877 2563 1903 2590 5,
1918 2561 1962 2584 27.

201 2611 231 2640 3)
252 2610 400 2634 uodsakita
418 2611 484 2635 idem
503 2616 552 2641 est,
570 2611 612 2641 qni
633 2617 782 2642 cognomen
802 2611 955 2635 Abu-Duad
973 2611 1093 2640 gerebat-
1128 2611 1237 2634 Hodsak
1257 2617 1351 2633 nornen
1372 2611 1457 2640 gentis
1476 2609 1509 2632 ad
1530 2606 1650 2638 Ajaditas
1669 2607 1825 2637 pertinentis
1844 2610 1893 2630 est.
