2155 2892
881 132 1158 163 -676—

531 292 767 334 Ilondodj
799 293 840 326 b.
861 239 1095 334 Ηοζιῗιιιᾷιίἶὶ
1121 292 1335 326 Mon-ita
1360 293 1493 327 «lixit.

114 368 142 396 1.
191 366 300 395 Noctis
324 365 386 393 loci
406 363 472 392 Zul
492 363 622 391 latitudo
645 366 675 391 et
696 363 857 400 lotzyt'tmlo
878 363 920 391 ad
939 366 1117 390 extremum
1139 364 1295 398 pervenit,
1327 365 1421 401 quasi
1448 365 1516 391 eius
1539 372 1606 391 noar
1630 373 1700 392 cum
1725 367 1812 392 nocte
1834 373 1914 393 con-

921 419 1026 446 iuncta
1048 418 1097 444 sit.

222 489 380 528 Noctem,
409 496 500 527 quam
529 487 596 517 loco
623 486 685 516 Zul
713 485 920 526 transegerit,
949 485 1077 525 longam
1107 484 1208 513 tuisse
1234 483 1393 514 describit.
1447 485 1496 514 Ex
1524 485 1774 515 homoioteleuto
1802 487 1917 525 prioris

122 551 330 591 hemistichii,
367 559 494 579 versum
527 548 611 578 hunc
645 548 776 587 primum
802 547 948 577 carminis
977 556 1052 576 esse
1082 547 1319 586 cognoscimus.
1372 547 1467 576 Nocti
1495 552 1640 587 tanquam
1668 549 1712 577 rei
1740 558 1916 587 corporeae

116 613 312 643 latitudinem
339 612 630 653 longitudinemque
658 611 776 640 tribuit.
829 610 929 639 Simili
958 609 1049 638 modo
1078 609 1376 638 Abu—'l'ammamus
1405 609 1543 648 'l‘hajjita
1570 610 1653 639 diem
1683 612 1808 651 longum
1836 620 1914 640 esse

122 680 240 715 putans
275 675 399 704 locutus
432 678 483 702 est
525 673 634 711 (metr.
663 672 826 708 'l'hawil):
879 671 975 700 »Die
1010 671 1158 699 instar
1196 670 1510 710 longitudinis
1550 673 1651 701 aevi
1691 674 1733 702 in
1771 674 1915 704 latere

114 738 358 777 aequalis«
414 737 447 765 ln
475 736 633 765 Mersukii
671 735 780 764 codice
820 733 957 774 legitur:
997 731 1092 784 &istit
1121 728 1184 777 „fil
1212 729 1362 768 blffhxm.
1415 734 1556 772 Tempus
1590 734 1718 775 longum
1755 736 1915 774 latumque

117 811 194 832 esse
232 801 354 831 dicitur.
417 798 600 828 Latitudine
633 806 759 836 quoque
794 795 967 835 amplitudo
1007 794 1204 835 designatur.
1259 796 1315 826 Sic
1347 796 1377 825 in
1410 795 1528 826 Corani
1563 797 1631 826 loco
1660 798 1736 827 Sur.
1762 798 1827 836 41,
1856 798 1913 833 51,

119 865 182 894 »Et
210 863 236 892 is
265 862 392 901 (deum)
420 860 533 899 amplis
560 859 669 888 verbis
699 858 862 887 invocat«

118 938 148 965 2.
192 936 243 964 Ne
264 943 377 963 manus
399 942 468 960 mea
491 932 528 960 ab
552 932 684 960 Aurora
711 939 746 958 se
768 932 916 966 separet,
949 930 979 957 si
1007 930 1046 958 εᾶ
1075 933 1178 967 potior
1199 934 1231 959 et
1250 932 1280 959 si
1305 933 1372 960 eius
1396 930 1522 959 macula
1545 930 1616 959 alba
1641 932 1673 959 in
1699 931 1807 968 fronte
1825 931 1916 967 pedi-

877 985 997 1022 busque
1020 984 1152 1020 adparet

219 1059 280 1097 Qui
308 1058 394 1088 curis
423 1055 651 1094 doloribusque
679 1052 830 1083 adflictus
859 1058 934 1091 est,
964 1059 997 1084 ut
1024 1052 1160 1084 dormire
1189 1062 1251 1082 non
1281 1053 1396 1092 possit,
1426 1055 1457 1083 ei
1484 1062 1547 1083 nox
1574 1053 1669 1094 longa
1696 1053 1831 1082 molesta
1857 1055 1918 1091 est,

118 1128 313 1164 quapropter
342 1121 488 1150 Aurorae
521 1119 691 1148 adventum
730 1121 828 1156 optat.
895 1116 1004 1146 Verba
1040 1112 1109 1161 93).ss
1141 1114 1165 1145 ὃ)
1207 1121 1262 1145 aut
1305 1116 1443 1155 optando
1481 1120 1535 1146 aut
1572 1115 1727 1145 narrando
1762 1114 1920 1144 inservire

119 1188 265 1226 possunt.
320 1183 502 1221 Auroram,
542 1180 634 1210 cuius
662 1178 762 1218 prima
798 1180 850 1209 lux
878 1178 908 1207 in
937 1178 1068 1210 Oriente
1101 1179 1258 1220 adparet,
1294 1188 1364 1209 cum
1398 1188 1480 1219 equo
1512 1179 1634 1208 macula
1661 1178 1732 1207 alba
1759 1178 1789 1206 in
1816 1177 1919 1206 fronte

118 1248 316 1287 pedibusque
351 1245 503 1285 insignito
545 1247 717 1281 comparat.
780 1242 878 1273 Simili
918 1242 1008 1272 modo
1040 1244 1103 1294 3533
1138 1254 1217 1294 3³⁹⁰
1256 1244 1404 1273 »Aurora
1443 1243 1596 1273 maculam
1640 1243 1742 1272 albam
1785 1247 1918 1279 parvam

116 1310 260 1341 habens«
290 1309 410 1338 dicitur.

117 1384 149 1414 3.
202 1382 368 1419 Viyilanli,
391 1382 483 1408 cuius
505 1379 686 1417 inquietudo
706 1380 739 1406 in
762 1378 826 1406 loco
849 1377 914 1406 an
934 1377 1029 1414 lonya
1051 1381 1108 1411 est,
1134 1378 1228 1416 quasi
1248 1386 1380 1413 serpens
1400 1376 1535 1416 flayello
1558 1378 1685 1406 occisus
1706 1377 1757 1406 sit.

220 1451 348 1481 Statum
376 1458 468 1478 suum
497 1448 526 1477 in
555 1447 618 1477 isto
643 1447 712 1477 loco
740 1446 946 1484 describens,
980 1450 1012 1476 ut
1047 1456 1164 1486 corpus
1193 1456 1227 1477 se
1263 1447 1292 1476 in
1322 1447 1404 1476 lecto
1431 1455 1557 1486 semper
1584 1446 1756 1485 inquietum
1787 1453 1920 1474 movere

116 1513 246 1553 indicet,
275 1521 310 1542 se
325 1521 396 1542 cum
415 1514 567 1549 serpente
583 1509 702 1550 flagelli
723 1510 784 1539 ictu
804 1510 914 1539 occiso
930 1514 1105 1549 comparat,
1135 1509 1250 1549 quippe
1277 1509 1328 1549 qui
1357 1508 1519 1539 doloribus
1547 1508 1700 1538 adflictus
1727 1517 1765 1537 se
1791 1515 1920 1546 semper

122 1580 263 1606 moveat.
316 1574 505 1613 Serpentem
534 1572 675 1601 occisum
707 1571 758 1600 din
788 1581 824 1600 se
854 1581 1012 1612 movere,
1040 1582 1058 1601 e
1087 1571 1279 1611 proverbio:
1319 1571 1448 1612 »Magis
1476 1570 1595 1601 durans
1624 1569 1727 1610 quoad
1754 1574 1919 1600 extremae

115 1638 203 1666 vitae
233 1640 355 1665 motum
384 1644 476 1673 quam
504 1642 661 1672 serpens«
692 1633 790 1663 Meid.
824 1633 880 1673 16,
909 1634 965 1663 56.
991 1634 1226 1673 cognoscimus.

120 1710 154 1738 4.
199 1707 334 1744 Quando
358 1706 517 1735 Auroram
540 1706 654 1739 ridelm,
680 1707 770 1733 cuius
793 1705 909 1733 indicia
931 1706 1118 1743 adparuere,
1140 1706 1213 1733 dum
1237 1707 1335 1733 noctis
1357 1705 1486 1733 imlusia
1507 1706 1569 1732 iam
1593 1705 1714 1743 diffissa
1736 1704 1838 1733 sunt?

222 1771 286 1814 (11.
310 1770 435 1810 295.)
466 1774 584 1812 Optat,
623 1778 656 1803 ut
684 1774 810 1803 Aurora
843 1773 1099 1812 adpropinquans
1130 1773 1293 1812 adpareat.
1348 1774 1424 1803 Nox
1459 1782 1530 1803 cum
1562 1774 1699 1813 persona
1726 1774 1919 1803 vestimento

123 1841 207 1870 tecta
243 1843 429 1878 comparata
468 1841 527 1869 est.
582 1837 767 1876 Adparente
794 1838 920 1867 Aurora
957 1837 1185 1866 vestimentum
1213 1836 1315 1866 noctis
1354 1836 1536 1869 diffinditur‚
1588 1837 1667 1866 Voci
1694 1834 1782 1876 dem>
1822 1845 1918 1865 casus

122 1901 334 1931 nominativus
355 1905 387 1929 et
404 1908 500 1929 casus
517 1899 723 1928 accusativus
745 1898 838 1927 tribui
864 1901 982 1936 potest.
1013 1897 1050 1926 Si
1076 1906 1173 1926 casus
1200 1898 1413 1927 nominativus
1439 1898 1624 1938 admittitur,
1653 1908 1718 1929 vox
1749 1896 1820 1937 &em
1848 1899 1918 1929 loco

123 1963 257 1992 subiecti
285 1966 317 1991 et
344 1970 446 1990 voces
467 1963 560 2007 ωὲμ
586 1962 632 1990 ..xi
659 1961 728 1989 loco
756 1959 929 2000 praedicati
958 1962 1040 1997 sunt,
1068 1962 1100 1989 ut
1125 1963 1193 1989 tota
1220 1960 1347 1999 phrasis
1374 1964 1474 1992 statui
1508 1961 1717 1992 describendo
1743 1962 1918 2002 inserviat3

124 2025 173 2053 sin
199 2033 296 2053 casus
324 2025 527 2053 accusativus
560 2021 762 2061 praefertur,
802 2031 872 2051 cum
912 2030 994 2051 voce
1032 2018 1132 2071 5»)ch
1170 2021 1349 2062 cohaeret,
1391 2027 1426 2052 ut
1452 2028 1621 2053 vertatur:
1662 2022 1795 2060 Quando
1825 2023 1919 2053 video

126 2088 284 2116 Auroram
312 2090 370 2114 etc.
403 2088 434 2114 et
470 2089 596 2114 noctem
631 2088 693 2113 etc.
746 2084 779 2113 In
807 2083 914 2114 codice
942 2083 1079 2113 Tebrisii
1098 2074 1149 2126 :g
1172 2094 1266 2131 &2:520
1294 2083 1320 2122 3
1346 2086 1440 2132 2255ae
1466 2087 1528 2124 ιλδ,
1556 2094 1612 2124 pro
1641 2074 1701 2128 7235
1727 2096 1844 2133 ξων,
1884 2091 1919 2117 ut

123 2149 154 2177 in
184 2147 293 2178 codice
322 2147 494 2187 Mersukii,
525 2147 604 2176 male
632 2147 758 2187 legitur.

120 2233 156 2261 5.
200 2232 288 2263 Nom.
313 2231 406 2258 cuius
425 2239 503 2266 pars
528 2232 560 2257 in
585 2232 742 2266 reye'onem
764 2231 900 2258 demissa
922 2232 1054 2259 anonim
1076 2231 1223 2263 substitit,
1249 2241 1286 2260 ac
1307 2233 1336 2260 si
1357 2241 1452 2267 snper
1473 2234 1578 2259 terrae
1599 2231 1691 2259 dorso
1706 2230 1805 2267 liqala
1827 2232 1917 2258 esset.

224 2301 361 2330 Noctem
394 2298 481 2327 initio
509 2307 625 2328 versus
655 2307 724 2327 cum
753 2308 913 2338 persona,
950 2309 1032 2338 quae
1068 2300 1203 2330 attonita
1235 2304 1302 2329 stat
1337 2304 1370 2329 et
1407 2309 1425 2329 e
1460 2299 1531 2329 loco
1569 2298 1654 2328 haud
1691 2298 1856 2338 procedit,
1887 2297 1917 2326 in

125 2363 304 2403 posteriore
336 2368 442 2391 autem
469 2369 585 2390 versus
613 2364 703 2399 parte
731 2368 802 2389 cum
831 2360 971 2401 camelo,
1004 2361 1093 2390 cuius
1122 2366 1188 2390 tres
1217 2361 1316 2400 pedes
1344 2361 1419 2391 fune
1446 2361 1585 2402 colligati
1614 2366 1708 2401 sunt,
1747 2363 1917 2398 comparat.

125 2422 387 2455 Amru-l'Kaisus
414 2422 445 2450 in
470 2431 594 2461 versu,
628 2422 678 2460 qui
705 2420 815 2449 versui
842 2419 1085 2460 quadragesimo
1114 2423 1220 2461 quinto
1248 2422 1431 2452 Moallakae
1457 2422 1630 2452 simillimus
1658 2425 1732 2460 est,
1767 2419 1916 2459 Plejades

124 2486 214 2525 quasi
241 2484 334 2524 lapidi
363 2483 440 2513 duro
470 2483 627 2523 adligatas
655 2482 735 2512 dixit
761 2482 1046 2523 (meti-.'l'hawil):
1083 2484 1160 2512 »Ac
1193 2484 1228 2513 si
1256 2484 1460 2524 Plejades
1488 2486 1522 2515 in
1549 2485 1651 2522 loco,
1680 2483 1747 2513 ubi
1774 2487 1915 2521 stant,

127 2548 369 2586 adligatae
397 2545 515 2583 sint,
541 2544 722 2574 funibus
750 2545 828 2574 lini
854 2544 904 2574 ad
932 2544 1112 2584 lapides
1140 2545 1313 2576 duros«
