2155 2892
900 115 1169 147 -394—

147 214 179 244 9.
222 215 273 243 Ne
293 215 429 242 animam
450 223 549 242 meam
570 213 745 251 dispersam
767 223 838 243 esse
858 216 959 252 sinas,
972 224 1045 243 nam
1068 215 1103 243 ob
1125 214 1334 244 vehementem
1356 217 1404 244 lm'
1424 225 1558 244 amorem
1583 216 1810 246 haerdmullwn
1833 219 1929 254 abest,

894 271 970 308 quin
992 270 1191 298 dissolu-atur.

255 335 417 365 Feminam
449 340 580 367 amatam
608 342 725 378 rogat,
765 342 799 368 ut
831 340 936 377 ipsum
978 343 1162 378 conservet,
1188 348 1238 379 se,
1263 338 1290 368 si
1315 348 1407 377 opem
1434 348 1496 368 non
1522 339 1616 377 ferat⁷
1645 340 1818 379 periturum
1844 350 1928 371 esse.

145 398 287 427 Animam
315 408 386 428 cum
413 399 544 439 avibus,
582 408 662 438 quae
690 400 719 429 in
749 400 854 429 varias
886 404 994 439 partes
1022 400 1162 440 avolant,
1190 405 1225 430 ut
1252 401 1336 430 nulla
1363 405 1476 438 restet,
1505 407 1668 441 comparat
1695 402 1808 431 conf.
1835 403 1927 432 Ham.

143 457 180 487 ἧς
206 469 238 488 v.
270 459 298 493 1.
337 458 379 489 ivm
412 461 480 491 infr.
509 461 557 492 l³l²1x
584 472 614 491 v.
648 463 675 492 l.
739 463 772 492 In
801 466 975 502 posteriore
1002 473 1119 493 versus
1147 468 1238 503 parte
1267 463 1387 501 eadem,
1419 468 1453 493 ut
1480 474 1520 494 ex
1548 474 1607 494 usa
1634 465 1723 494 verbi
1746 461 1811 501 ῳῖὀ
1837 464 1931 494 vide-

144 530 227 560 muS,
254 532 322 552 cum
349 522 453 564 adipe,
480 526 532 563 qui
560 528 614 554 aut
642 525 706 554 sole
733 528 785 554 aut
812 525 886 565 igne
913 526 1043 555 ardente
1070 526 1198 567 liquefit,
1227 534 1407 565 comparata
1434 531 1494 557 est.

143 606 199 636 10.
242 607 314 644 qu
336 611 439 637 aulem
462 610 509 637 [ιη’
525 609 646 645 pudore
667 610 710 637 ila
732 610 873 646 adfectus
895 620 975 646 sum,
997 614 1032 639 11!
1051 612 1082 638 in
1106 613 1226 638 secreto
1250 613 1355 639 custos
1380 613 1454 639 ltms
1476 621 1523 639 me
1545 613 1708 640 ohservare
1731 613 1879 641 videnlur.

216 676 272 714 Se,
303 686 489 717 quamquam
516 678 553 707 ab
579 682 683 707 amata
709 678 823 707 absens
851 679 903 715 sit,
931 684 1035 708 tamen
1066 680 1103 708 ob
1131 679 1341 708 reverentiam
1369 685 1401 708 et
1427 680 1576 719 pudorem
1603 690 1730 719 cavere,
1756 691 1796 710 ne
1828 681 1928 710 verba

142 739 245 768 minus
272 738 416 768 decentia
454 744 486 768 et
513 739 541 768 ei
570 739 695 778 ingrata
722 739 870 777 proferat.
937 740 1077 770 Similem
1105 750 1234 771 sensum
1264 747 1358 780 poeta
1385 742 1591 780 sequentibus
1620 743 1727 771 verbis
1765 745 1927 781 expressit

142 798 251 840 (metr.
277 801 441 839 '1‘hawil):
468 801 552 841 Ego
589 801 635 830 ob
665 800 946 837 Foffiaimam,
983 802 1069 831 dum
1098 803 1325 833 famelicus
1352 806 1393 832 et
1420 804 1616 843 collapso
1646 810 1798 835 ventre
1829 815 1927 843 snm,

142 862 296 901 pudore
324 862 522 902 adficior,
559 872 795 902 quamquam
823 865 1021 903 separati
1048 874 1204 904 sumus,
1233 865 1389 894 timens
1416 875 1467 895 ne
1494 865 1619 897 fratri
1659 877 1718 897 me
1765 869 1925 907 vitupe-

143 925 249 954 ranti
277 925 367 964 ipsa
394 930 602 955 occurrat.

964 1056 1082 1090 CVK.

885 1123 1027 1156 Alius
1050 1124 1180 1158 «lixit.

138 1190 167 1219 1.
210 1190 298 1220 Socii
321 1192 382 1219 mei
409 1191 526 1227 abiere,
556 1192 629 1220 dum
666 1201 834 1219 moerorem
862 1201 963 1220 meum
996 1202 1058 1221 mm
1077 1198 1286 1231 perceperant
1306 1199 1336 1223 et
1358 1196 1533 1225 hominibus
1556 1199 1679 1233 neqolia
1702 1201 1779 1226 sunt
1799 1201 1830 1227 et
1851 1199 1929 1227 mihi

875 1247 937 1275 soli
956 1250 1111 1283 neyolinm
1134 1253 1189 1278 est.

248 1316 343 1346 Suam
381 1317 471 1346 animi
506 1317 714 1347 conditionem
752 1327 820 1348 cum
847 1319 1004 1349 sociorum
1045 1330 1114 1350 cnm
1142 1320 1210 1359 ipso
1249 1319 1514 1359 proficiscentium
1544 1321 1720 1351 conditione
1754 1326 1926 1360 comparat.

138 1377 212 1407 Illos
241 1378 363 1417 quidem
381 1378 419 1408 de
446 1380 539 1409 rebus
567 1381 761 1410 necessariis
789 1381 943 1410 sollicitos
971 1391 1063 1421 esse3
1081 1381 1138 1411 sed
1166 1391 1257 1412 suam
1285 1383 1419 1412 amanlis
1444 1383 1681 1413 sollicitudinem
1700 1383 1820 1412 unicam
1840 1392 1924 1412 esse.

136 1438 338 1469 Scholiastes
365 1441 540 1482 adnotavit,
570 1451 683 1472 vocem
712 1448 830 1483 ὁ»,
864 1453 972 1472 casum
1010 1444 1231 1473 accusativum
1265 1444 1382 1474 habere
1411 1444 1527 1487 niodO,
1564 1454 1622 1483 quo
1649 1445 1764 1473 nomini
1791 1445 1922 1474 actionis

137 1504 209 1538 post
236 1501 368 1530 verbum
406 1503 509 1540 posito
545 1512 639 1532 casus
673 1505 882 1534 accusativus
912 1504 1001 1535 deun·
1029 1505 1157 1543 (Grani.
1186 1507 1240 1536 Ar.
1270 1507 1305 1536 T.
1334 1508 1361 1535 II
1387 1517 1415 1546 p.
1449 1506 1526 1536 113.
1560 1507 1666 1545 1283).
1719 1508 1752 1536 ln
1781 1507 1924 1548 margine

137 1564 254 1593 codicis
282 1565 439 1594 Meu-sukii
468 1566 623 1606 legimus,
652 1566 732 1596 hunc
759 1567 935 1606 explicandi
965 1568 1088 1597 modum
1117 1569 1278 1598 doctrinae
1306 1569 1581 1608 grammaticorum
1611 1570 1818 1598 Bazrensium
1846 1579 1923 1599 con-

135 1631 317 1656 sentaneum
341 1637 416 1657 esse
433 1632 461 1657 et
483 1631 706 1669 grammaticos
726 1630 886 1659 Cusenses
913 1632 1131 1660 accusativum
1149 1631 1239 1660 modo
1256 1641 1273 1661 a
1292 1632 1500 1672 grammaticis
1516 1628 1592 1676 μέλ-ἴα
1618 1633 1775 1671 appellato
1795 1630 1922 1675 (Gram.

135 1689 190 1718 Ar.
219 1689 255 1719 T.
281 1690 308 1718 11
337 1700 367 1729 p.
393 1692 442 1729 ⁶10)
470 1700 546 1720 esse
574 1691 777 1721 contendere.

135 1774 167 1801 2.
219 1773 281 1801 Vos
304 1784 359 1810 eqo
382 1784 450 1802 amo
474 1775 621 1811 quamdiu
645 1777 728 1811 rit-03
754 1777 812 1805 sed
831 1780 861 1805 si
879 1779 1003 1813 morior,
1026 1778 1105 1807 eheu
1128 1788 1180 1806 cor
1201 1780 1278 1813 eius,
1302 1779 1355 1815 qui
1379 1787 1430 1805 ros
1450 1780 1522 1813 pos!
1543 1786 1590 1804 me
1612 1775 1718 1805 umal!

236 1842 456 1873 Conditionem
484 1853 567 1873 suam
596 1845 735 1883 pluribus
763 1845 922 1876 describit.
965 1848 1062 1876 Suum
1091 1857 1229 1876 amorem
1257 1846 1439 1876 duraturum
1468 1855 1554 1884 esse,
1582 1846 1642 1875 etsi
1668 1848 1772 1884 ipsum
1795 1845 1917 1884 perdat-

131 1908 243 1936 Inesse
267 1907 364 1947 igitur
392 1907 516 1936 videtur
544 1907 714 1946 descriptio
742 1908 941 1938 vehementis
967 1909 1093 1937 amoris.
1148 1908 1208 1946 Qui
1234 1913 1336 1939 autem
1365 1910 1432 1948 ipso
1461 1914 1583 1938 mortuo
1611 1918 1717 1938 amore
1757 1910 1839 1939 illius
1866 1910 1918 1939 fe-

138 1970 239 1998 minae
260 1968 452 2005 incendatur,
469 1978 538 1998 euni
556 1979 615 1998 non
631 1979 729 2008 posse
756 1979 816 1998 non
831 1970 940 1999 dolore
967 1970 1090 2011 adfligi,
1112 1975 1145 1999 ut
1169 1972 1373 2000 miseratione
1400 1971 1515 2011 dignus
1543 1971 1595 2000 sit.
1624 1972 1680 2001 His
1700 1975 1800 2001 autem
1815 1973 1920 2002 verbis

137 2029 282 2059 feminam
313 2033 459 2067 tanquam
490 2031 742 2071 pulcherrimam,
770 2041 849 2070 quae
879 2042 988 2061 omnes
1017 2042 1124 2062 amore
1151 2033 1280 2071 impleat
1306 2037 1335 2062 et
1356 2033 1524 2073 crudelem,
1540 2034 1628 2063 euius
1648 2039 1792 2063 amantes
1813 2034 1919 2064 dolore

135 2091 333 2131 adlicientur,
361 2093 533 2134 designare
570 2094 706 2124 videtur.
772 2095 970 2131 Mersukius,
999 2100 1125 2134 poetam
1155 2103 1291 2123 amorem
1321 2103 1391 2123 eum
1419 2098 1519 2123 morte
1547 2101 1728 2125 cessantem
1756 2096 1919 2137 ingemere

135 2154 234 2193 dixit3
262 2155 320 2184 sed
346 2155 394 2184 hie
424 2165 540 2185 sensus
569 2158 677 2187 verbis
705 2157 787 2187 haud
814 2160 996 2187 necessario
1025 2158 1130 2187 inesse
1158 2156 1293 2186 videtur.
1347 2157 1429 2186 Sunt
1456 2162 1580 2198 autem,
1608 2158 1658 2197 qni
1684 2162 1808 2197 poetam
1839 2158 1918 2188 haec

137 2217 176 2246 ob
195 2217 294 2246 verba
321 2217 502 2256 vituperent
523 2228 582 2247 non
598 2218 712 2248 decere
728 2220 883 2260 dicentes,
900 2229 969 2250 eum
996 2222 1131 2250 amantis
1159 2220 1227 2258 ipso
1255 2223 1376 2248 mortuo
1392 2220 1578 2250 mentionem
1605 2220 1712 2250 facere
1739 2226 1770 2250 et
1790 2220 1916 2250 huiusce

133 2287 233 2308 cansa
259 2279 415 2309 tristitiam
446 2279 628 2309 ostendere.
657 2281 720 2310 Alii
746 2286 850 2310 autem
878 2286 1003 2320 poetam
1037 2281 1200 2313 defensuri
1229 2291 1299 2310 eum
1330 2281 1464 2310 amantis
1492 2281 1574 2310 illius
1596 2283 1781 2311 mentionem
1800 2281 1915 2311 fecisse

134 2334 203 2377 (1)·
227 2334 378 2377 600.)
408 2340 564 2379 dixerunt,
594 2347 629 2371 ut
656 2342 790 2372 feminae
817 2343 919 2383 gloria
946 2343 1172 2384 divulgaretur.
1200 2342 1338 2373 Similem
1358 2348 1463 2373 autem
1491 2354 1621 2374 sensum
1647 2343 1727 2374 alius
1754 2344 1916 2382 expressit

134 2402 242 2433 dicens
270 2403 553 2442 (metr.'l'hawil):
583 2403 785 2442 Quamdiu
815 2406 914 2434 vivo
943 2414 1079 2435 amore
1107 2405 1251 2435 Dadae
1279 2410 1434 2444 captus
1461 2415 1550 2445 ero3
1577 2407 1652 2436 sed
1678 2406 1717 2434 si
1746 2407 1913 2446 morior,

135 2465 205 2494 alii
234 2469 325 2504 post
352 2475 408 2495 me
438 2466 585 2496 Dadam
612 2466 779 2496 amandi
806 2466 995 2496 officium
1022 2467 1202 2506 impono,
1255 2468 1321 2498 Sed
1349 2468 1429 2498 haec
1456 2478 1579 2508 quoque
1605 2469 1704 2498 verba
1731 2468 1914 2507 vituperant

134 2527 286 2566 dicentes,
321 2533 446 2568 poetam
474 2530 591 2558 rectius
620 2529 772 2558 dicturum
801 2528 923 2558 fuisse:
955 2528 1033 2558 „sed
1065 2539 1102 2559 ne
1128 2530 1217 2560 Dada
1245 2540 1345 2561 amico
1374 2536 1448 2570 post
1474 2541 1521 2561 ine
1548 2526 1758 2561 eonve11iat!u
1813 2532 1912 2560 Poeta

133 2594 241 2619 noster
268 2597 396 2631 gentem
424 2600 492 2621 euin
519 2591 631 2621 femina
656 2592 854 2632 coniungens
886 2591 973 2623 dicit:
1012 2602 1029 2620 v
1046 2602 1091 2622 os
1119 2601 1204 2622 amo
1233 2597 1285 2623 aut
1312 2594 1430 2623 nonnisi
1447 2593 1486 2622 de
1507 2593 1611 2622 amicis
1628 2593 1705 2633 agit.
