2155 2892
915 114 1185 145 —366-

262 220 303 249 Hi
338 225 455 247 versus
485 217 514 245 in
541 216 697 248 Mersukii
737 216 844 247 codice
869 226 899 256 p.
928 226 977 247 οΛν
1003 220 1076 247 ante
1103 227 1233 248 versum
1260 213 1349 263 ask-⁴⁵5
1376 218 1469 256 μή,
1498 216 1599 247 locum
1623 217 1792 248 obtinuere.
1845 219 1947 250 Poeta

161 294 281 323 senex,
309 291 416 312 amore
442 281 581 321 iuvenili,
609 288 668 318 quo
695 280 842 310 incensus
884 283 946 319 est,
973 280 1103 321 gaudet.
1154 281 1338 310 Mersukius
1366 289 1494 310 sensum
1520 288 1595 309 esse
1621 279 1767 318 scripsit:
1809 281 1940 312 Poetam

164 352 293 387 optare,
320 351 354 376 ut
381 345 563 385 prudentia,
600 354 678 384 quae
705 348 808 375 aetate
842 347 994 383 provecta
1028 342 1141 373 homini
1168 343 1294 382 propria
1320 345 1372 380 sit,
1397 344 1483 381 ipum
1510 342 1548 371 ab
1576 349 1679 371 amore
1706 350 1767 370 non
1793 342 1945 383 retincat,

163 415 196 440 et
222 409 401 439 senectutis
429 408 586 438 adventus
615 412 801 445 cunctetur3
829 405 888 436 sed
913 405 985 436 talis
1011 414 1126 435 sensus
1152 405 1182 434 in
1208 405 1315 434 verbis
1344 403 1548 435 necessarius
1571 413 1632 432 non
1659 408 1720 433 est.
1761 403 1861 434 Poeta
1885 405 1946 435 iam

164 482 266 502 senex
292 473 439 501 evasisse
466 471 601 501 videtur.
666 470 807 500 Verbum
842 482 900 518 ὃ),
928 467 1111 508 prohibendi
1137 467 1401 509 significationem
1428 467 1556 504 habere,
1581 466 1688 496 verbis
1718 466 1946 496 Mohammedis

165 533 334 563 traditione
361 532 562 562 conservatis
589 531 780 562 scholiastes
807 531 942 570 probat:
972 530 1085 560 »Plura
1111 539 1130 560 a
1156 540 1234 571 rege
1264 529 1488 569 prohibentur,
1523 538 1616 569 quam
1650 529 1722 569 lege
1757 528 1873 558 Coraui
1911 532 1943 558 et

167 595 344 626 hominibus
372 595 577 635 prohibentes
605 603 683 634 opus
711 598 813 624 sunt.«

166 694 200 722 2.
243 692 283 721 In
305 694 391 723 terra
412 691 560 728 depressa
583 700 717 718 amorem
739 691 888 728 quaesivi,
910 690 1008 717 donec
1030 698 1099 718 eum
1127 689 1319 717 inveniebam
1342 691 1373 716 et
1393 690 1428 717 in
1449 691 1535 718 terra
1554 689 1616 718 alia
1637 691 1738 718 mori
1756 689 1835 718 milii
1853 691 1948 729 suffi-

936 744 1031 771 aienti
1058 742 1184 772 indulsi.

278 815 390 845 Multis
418 813 576 852 variisque
603 812 760 842 amoribus
788 821 825 841 se
851 811 1024 841 indulsisse
1051 811 1134 841 dicit.
1197 811 1248 841 Ex
1285 811 1344 841 hoc
1374 821 1491 852 versu,
1528 816 1654 851 poetam
1680 817 1735 842 aut
1760 822 1869 843 senem
1897 817 1950 844 aut

171 879 285 909 saltem
313 880 464 917 provecta
489 880 595 905 aetate
623 884 696 904 esse
723 874 878 904 coniicere
906 873 987 904 licet.
1016 874 1091 904 Vox
1109 875 1177 919 )5⁵⁵
1204 873 1345 913 regionis
1373 874 1452 904 inter
1479 875 1580 904 locum
1603 874 1780 904 Dsat-Ihrk
1804 879 1836 905 et
1862 885 1948 905 mare

165 941 247 971 sitae
275 944 305 970 et
332 945 395 969 tum
423 937 628 967 occidentalis
656 936 796 978 regionis
810 935 973 965 'l‘ehamah
1000 935 1096 975 partis
1123 940 1156 965 et
1182 944 1247 964 vox
1272 935 1345 969 αξ·
1367 935 1504 977 regionis
1531 935 1693 967 Tehamah
1712 942 1815 967 terrae
1844 947 1945 978 oppo-

166 1003 248 1033 sitae
274 1011 387 1031 nomeu
405 1004 464 1030 est.
493 1000 547 1029 llla
573 1008 638 1028 vox
667 998 816 1042 generale
845 997 1021 1037 depressae
1048 1002 1165 1037 terrae,
1193 997 1273 1027 haec
1300 997 1383 1027 altae
1410 1001 1514 1028 terrae
1540 999 1804 1040 significationem
1824 1011 1948 1041 quoque

164 1066 269 1096 habet.
330 1063 525 1101 Quamquam
562 1063 688 1100 proprie
723 1060 762 1090 de
799 1070 906 1090 amore
933 1056 1037 1100 &0⁶5
1056 1064 1111 1090 aut
1136 1062 1234 1104 ὁ)ἑὲ
1262 1068 1365 1089 sermo
1391 1069 1465 1090 esse
1491 1070 1552 1091 non
1578 1066 1700 1102 potest7
1727 1066 1832 1092 tamen
1854 1068 1948 1102 poeta

165 1137 304 1159 amorem
331 1125 536 1165 Ghauricum7
564 1128 597 1154 ut
626 1124 668 1154 ita
695 1124 795 1154 dicam
823 1128 856 1153 et
882 1123 1072 1163 Nedjdicum
1099 1123 1283 1162 appellavit,
1312 1126 1344 1152 ut
1373 1123 1540 1153 cuiuslibet
1567 1125 1693 1165 generis
1720 1135 1858 1155 amorem
1877 1125 1949 1166 sig-

164 1189 321 1220 nificaret.
374 1187 520 1217 Formam
555 1186 643 1215 verbi
678 1182 735 1231 )l.m
762 1184 936 1215 secundam
965 1184 1064 1226 elegit
1092 1183 1344 1226 significaturus,
1373 1194 1411 1214 se
1436 1185 1496 1215 iter
1522 1185 1649 1216 fecisse.
1702 1187 1790 1216 Loco
1816 1186 1949 1218 nominis

165 1251 298 1283 actionis
325 1248 391 1294 5542*
418 1254 514 1289 poeta
541 1258 655 1279 vocem
685 1247 708 1276 la
735 1258 806 1278 cum
829 1248 928 1278 verbo
956 1250 1127 1281 coniunxit.

166 1362 199 1392 3.
243 1362 288 1390 Et
308 1371 325 1390 o
349 1361 472 1390 domine
498 1359 562 1388 mi!
593 1361 623 1388 si
648 1369 716 1388 eam
741 1359 820 1387 milli
846 1368 908 1388 non
938 1359 1092 1393 decernis,
1124 1367 1162 1386 ne
1186 1357 1369 1386 Kadsuram
1390 1357 1454 1386 illis
1474 1360 1663 1396 permittus;
1687 1360 1750 1388 sed
1768 1358 1949 1388 Kadsuram

851 1422 908 1441 suo
929 1415 1015 1441 statu
1037 1413 1080 1440 ad
1099 1415 1127 1441 te
1148 1411 1262 1442 sume!

265 1487 407 1516 Incertus
435 1485 474 1515 de
501 1494 608 1514 amore
635 1482 782 1519 feminae,
812 1491 905 1521 quam
932 1487 1028 1523 amat,
1056 1491 1129 1512 esse
1155 1482 1292 1515 videtur.
1355 1482 1448 1521 Quod
1480 1487 1585 1513 autem
1612 1482 1642 1512 in
1670 1491 1778 1512 amore
1804 1481 1950 1512 accidere

166 1550 259 1589 solet,
278 1551 322 1585 ut,
350 1547 400 1586 qui
427 1546 570 1577 feminam
598 1546 781 1576 vehementi
808 1555 916 1576 amore
942 1545 1182 1584 complectatur,
1211 1555 1281 1577 eam
1307 1546 1397 1576 alteri
1425 1542 1575 1584 invideat,
1605 1544 1636 1574 id
1662 1548 1771 1573 noster
1798 1543 1948 1573 declarat.

170 1611 280 1651 Rogat
307 1609 400 1650 igitur
428 1609 541 1644 Deum,
572 1612 616 1649 ut,
642 1608 669 1637 si
697 1609 767 1647 ipsa
795 1607 885 1647 potiri
912 1618 973 1638 non
1001 1608 1117 1647 possit,
1142 1617 1211 1637 eam
1239 1612 1340 1638 morte
1369 1606 1439 1636 aliis
1467 1606 1590 1645 eripiat.
1617 1605 1817 1636 Scholiastes
1836 1614 1950 1635 vocem

169 1671 221 1704 Las
249 1672 362 1711 duplici
389 1670 480 1700 modo
508 1670 659 1709 explicari
692 1680 788 1709 posse
822 1670 900 1700 dixit
934 1676 989 1700 aut
1012 1680 1127 1700 vocem
1155 1670 1178 1699 la
1204 1682 1280 1701 esse
1309 1678 1480 1711 pronomen
1509 1677 1565 1707 pro
1595 1663 1700 1708 ύιλδῖ,
1724 1672 1758 1698 ut
1785 1667 1950 1706 praedica-

170 1745 237 1775 tum
265 1733 400 1764 subiecti
427 1732 537 1761 omissi
555 1735 602 1772 „99²
629 1732 671 1761 sit
695 1736 748 1761 aut
775 1741 848 1761 esse
876 1731 1084 1771 superfluam,
1112 1733 1352 1774 impedientem,
1381 1735 1546 1772 quominus
1572 1730 1724 1770 particula
1753 1724 1785 1756 ὦ
1811 1737 1950 1766 sequen-

171 1803 233 1826 tem
261 1805 374 1825 vocem
403 1800 506 1835 regat,
534 1804 553 1824 a
581 1794 797 1835 grammaticis
820 1791 885 1823 ’kls
915 1792 938 1822 la
965 1795 1154 1834 appellatam
1182 1795 1292 1824 conf.
1322 1794 1431 1825 Gram.
1459 1795 1516 1823 Ar.
1542 1793 1578 1822 T.
1606 1793 1634 1822 11
1661 1802 1690 1831 p.
1719 1791 1773 1821 63.
1803 1791 1873 1820 Hoc
1892 1789 1951 1819 ad-

170 1860 269 1888 misso
295 1867 361 1886 vox
385 1857 487 1886 locum
516 1856 650 1886 subiecti
677 1859 780 1893 tenet,
820 1860 855 1885 ut
896 1855 1109 1895 praedicatum
1141 1856 1291 1886 omissum
1319 1857 1371 1886 sit.
1430 1856 1557 1886 Sensus
1584 1855 1672 1884 hisce
1697 1853 1802 1883 verbis
1828 1851 1951 1882 consti-

170 1919 304 1950 tuendus
343 1923 394 1948 est
430 1916 499 1955 ε-ᾼε
533 1921 589 1964 ⁴59
628 1914 680 1947 ks
708 1917 848 1955 (Vocem
883 1915 951 1953 affin
988 1928 1029 1947 ex
1064 1918 1219 1948 Mersukii
1247 1919 1354 1949 codice
1381 1918 1555 1948 addendam
1584 1926 1657 1947 esse
1683 1917 1788 1955 puto).
1842 1914 1951 1944 Verba

170 1988 276 2012 autem
303 1982 435 2012 feminae
461 1982 499 2011 ab
525 1982 594 2021 ipso
623 1986 747 2013 amatae
774 1984 891 2010 statum
919 1978 1066 2017 indicant,
1095 1980 1147 2018 qui
1173 1989 1265 2019 quum
1289 1979 1378 2009 floris
1405 1980 1580 2009 iuventutis
1606 1979 1660 2019 sit,
1676 1978 1703 2008 ei
1729 1988 1770 2007 ex
1796 1977 1869 2018 lege
1892 1985 1951 2005 na-

171 2049 261 2074 turae
289 2044 480 2074 moriendum
508 2054 568 2073 110ss
595 2047 655 2074 eSt.

170 2142 202 2170 4.
245 2141 293 2169 Et
312 2143 433 2169 utinam
456 2141 552 2171 Deus,
578 2142 608 2168 si
628 2142 657 2168 ei
678 2149 740 2168 non
759 2149 899 2180 occurro,
921 2145 957 2171 ut
979 2151 1086 2170 omnes
1108 2142 1167 2170 duo
1190 2138 1375 2180 (amantes)
1397 2141 1456 2169 sibi
1477 2149 1539 2169 non
1561 2143 1742 2177 occurrant,
1764 2136 1932 2169 decernat!

284 2208 318 2237 In
356 2207 414 2237 hoc
448 2217 545 2237 versu
584 2208 772 2238 desiderium
808 2218 879 2238 cum
910 2209 1026 2239 femina
1052 2212 1152 2238 amata
1180 2209 1389 2239 conveniendi
1418 2208 1568 2238 declarat.
1620 2208 1698 2237 Post
1725 2207 1905 2246 particulam
1933 2202 1949 2239 L!

172 2277 305 2309 persona
344 2268 502 2299 advocata
528 2279 595 2299 vox
621 2272 706 2315 25⁴⁶st
734 2270 833 2310 (gens
861 2272 946 2309 mea)
973 2275 1027 2300 ant
1053 2271 1165 2300 similis
1192 2271 1309 2300 omissa
1343 2275 1402 2301 est.
1455 2271 1647 2301 Particulam
1673 2268 1711 2314 Ol
1738 2271 1768 2298 in
1802 2277 1883 2298 voce
1914 2265 1949 2296 Ἢ

172 2354 214 2373 ex
241 2352 321 2373 voce
356 2331 393 2388 ὁὶ
422 2348 574 2373 mutatam
601 2353 697 2384 esse,
732 2343 922 2373 scholiastes
951 2353 989 2373 ea
1017 2353 1115 2374 causa
1142 2349 1316 2374 commotus
1344 2345 1431 2385 dixit,
1459 2345 1541 2384 quod
1568 2354 1677 2374 nomen
1704 2342 1832 2373 actionis
1862 2340 1949 2378 [4330

172 2406 323 2444 sequitur.
349 2406 466 2436 Mirum
493 2410 554 2446 est,
585 2405 668 2445 quod
695 2410 728 2435 et
753 2406 783 2435 in
810 2405 965 2435 Mersukii
994 2406 1104 2435 codice
1131 2405 1160 2434 in
1187 2405 1299 2435 scholii
1322 2406 1403 2435 linea
1430 2404 1571 2435 secunda
1598 2401 1635 2433 u:
1670 2400 1740 2440 3313
1766 2399 1785 2430 “b
1811 2402 1948 2443 legatur,

173 2477 267 2505 quum
283 2467 321 2497 de
349 2467 469 2497 duobus
497 2468 565 2497 aliis
584 2468 761 2498 amantibus
788 2476 893 2496 sermo
920 2469 972 2497 sit.
1001 2468 1134 2498 Factum
1153 2476 1226 2497 esse
1252 2472 1370 2507 potest,
1386 2473 1419 2498 ut
1443 2473 1572 2507 propter
1590 2466 1736 2496 incuriam
1757 2464 1949 2495 scholiastes

173 2528 221 2557 sic
245 2529 419 2568 scripserit.
472 2529 672 2560 Scholiastes
699 2529 788 2568 dixit,
814 2529 1029 2569 praedicatum
1058 2530 1150 2559 vocis
1177 2527 1200 2557 N)
1228 2531 1291 2568 (sc.
1319 2539 1432 2560 vocem
1457 2535 1566 2569 0239.ae
1595 2531 1650 2557 aut
1675 2526 1824 2565 similem)
1852 2527 1949 2556 omis-

165 2588 243 2619 'sum
269 2599 358 2630 esse,
387 2591 635 2631 propositionem
660 2592 761 2622 locum
786 2591 961 2631 praedicati
989 2591 1079 2621 vocis
1107 2590 1146 2635 c‚l
1174 2595 1282 2622 tenere
1309 2597 1340 2622 et
1371 2600 1543 2631 pronomen
1568 2588 1614 2619 rei
1640 2587 1747 2619 Gram.
1774 2588 1830 2619 Ar.
1858 2589 1893 2618 Τ.
1922 2589 1950 2618 11
