2155 2892
892 138 1159 169 —402—

137 243 215 281 Qui
241 245 279 273 in
309 250 418 271 mare
444 244 642 270 nostrum
681 238 864 280 incidit,
903 237 1210 278 submergitur.
1262 237 1347 267 Idem
1375 241 1471 276 poeta
1495 236 1572 267 dixit
1599 236 1707 275 (metr.
1735 236 1828 266 Sarih
1857 240 1910 267 aut

136 304 295 344 Redjes):
322 304 370 333 Et
396 303 538 342 potior
567 312 663 342 pars
691 302 857 332 numeri
882 300 1029 331 maris.
1081 298 1148 329 Sed
1172 299 1211 329 de
1237 300 1328 329 vocis
1356 307 1426 344 ‘0242
1453 298 1699 340 significatione,
1727 307 1819 337 quum
1845 309 1909 329 vox

135 375 205 395 cum
241 364 411 395 'l'eschdidi
446 364 536 405 signo
571 373 590 394 a
626 362 861 404 lexicographis
898 361 1049 392 adnotata
1081 371 1143 391 non
1180 362 1231 402 sit⁷
1259 361 1376 391 dubito.
1406 361 1515 391 Poetis
1542 365 1647 390 autem
1684 360 1773 390 metri
1813 370 1908 392 causa

133 426 257 456 litterae
290 429 414 468 signum
441 426 610 456 'l'eschdidi
637 426 754 456 addere
777 426 895 456 licitum
920 424 987 455 fuit.
1009 423 1115 454 cons.
1142 423 1293 453 Darsteil.
1314 422 1369 452 der
1384 423 1478 455 Arab.
1494 422 1678 452 Verskunst
1700 432 1731 462 p.
1749 422 1806 463 54,
1828 422 1908 452 516.

132 488 225 518 Urcei
250 488 439 530 significatio
467 493 541 528 apta
567 498 628 518 non
654 488 789 518 videtur.
840 488 952 518 Virum
978 487 1086 527 vilem,
1115 485 1167 526 qui
1193 486 1303 524 pravis
1331 484 1406 514 cibis
1435 489 1604 514 contentus
1632 488 1695 525 est,
1723 494 1803 514 voce
1831 482 1911 530 (nbi-S

132 550 330 591 significari,
374 560 392 580 e
418 550 624 589 sequentibus
653 549 810 579 Albaihtsi
837 550 986 579 versibus
1023 549 1246 590 cognoscimus
1276 545 1380 590 (metr,
1417 544 1578 589 Thawii):
1620 548 1719 577 Num
1762 547 1911 577 socius

132 621 252 642 meus
278 622 322 642 es
349 612 384 641 in
411 611 563 651 vulpe,
592 620 707 651 quam
733 610 807 640 iam
835 611 910 651 edi,
939 617 981 641 et
1008 611 1127 641 cuius
1155 610 1322 639 nonnisi
1351 610 1464 640 cutis
1493 614 1529 640 et
1556 610 1692 650 pedes
1720 606 1909 640 restant?

131 674 254 704 Sume
294 675 373 705 tibi
411 675 506 704 eius
549 673 789 703 testiculos
833 678 875 702 et
917 678 1076 712 partem
1105 682 1189 704 cum
1222 672 1376 712 podice
1405 673 1728 715 cohaerentem,
1759 683 1841 703 uam
1869 677 1910 703 tu

131 737 237 767 vilis
265 747 331 778 es,
359 737 475 767 cuius
502 740 617 776 prata
646 738 792 775 turpia
817 730 939 766 sunt!

132 821 160 850 1.
205 820 318 859 Aquae
340 820 528 849 Alwascltal
547 820 681 849 salutem
704 822 753 849 dic
775 822 863 858 eique
885 821 952 849 dic:
975 821 1077 850 omnia
1101 820 1169 848 loca
1190 821 1321 849 bibendi,
1341 829 1435 858 quum
1457 820 1567 849 relicta
1591 830 1697 858 esses,
1717 821 1790 849 vilia
1811 823 1909 849 erant.

242 889 293 920 Ad
320 899 432 928 aquam
459 889 541 919 illam
570 890 638 919 sine
667 890 758 919 dubio
785 890 920 920 feminae
949 901 966 920 a
1002 893 1095 930 poeta
1123 894 1247 919 amatae
1274 889 1370 919 sedes
1399 893 1473 921 erat.
1523 890 1614 920 Haec
1642 899 1692 919 res
1719 899 1817 920 causa
1844 894 1906 929 est,

131 961 184 983 cur
211 952 333 981 socium
361 955 415 980 aut
444 951 484 980 ibi
511 955 723 981 remanentem
751 956 803 982 aut
831 952 903 982 illuc
929 953 1186 992 proficescentem
1214 953 1376 992 alloquens
1406 958 1510 994 roget,
1534 959 1568 983 ut
1598 955 1626 984 ei
1653 954 1789 983 salutem
1817 953 1908 983 dicat.

130 1014 206 1044 Vita
243 1014 285 1043 ibi
323 1013 526 1043 commoranti
561 1016 690 1052 propter
725 1013 861 1044 feminae
892 1019 1017 1045 amatae
1044 1017 1256 1054 praesentiam
1285 1017 1421 1047 iucunda
1448 1022 1525 1047 erat.
1579 1017 1660 1047 Rem
1694 1019 1792 1056 ipsam
1825 1026 1910 1046 more

130 1081 295 1116 poetarum
330 1084 429 1114 aquae
464 1075 580 1105 tribuit.
639 1075 799 1106 &Vaschal
842 1085 955 1106 nomen
988 1080 1095 1119 magni
1130 1078 1245 1108 montis
1283 1079 1314 1108 iu
1349 1080 1479 1120 regione
1517 1079 1680 1109 Tehamah
1716 1084 1748 1109 et
1782 1079 1911 1109 duorum

130 1139 266 1168 locorum
293 1147 380 1178 esse,
408 1138 436 1166 in
465 1137 599 1167 Kamusi
625 1146 721 1176 opere
748 1137 893 1179 legimus·

130 1211 162 1239 2.
209 1210 325 1240 Umbra
347 1212 401 1238 lua
422 1210 553 1246 vespert'i
574 1210 683 1247 dieque
706 1212 827 1246 riyelur
849 1214 880 1239 et
899 1221 982 1250 aqua
1002 1215 1056 1240 tua
1075 1213 1196 1250 friqida
1218 1215 1270 1251 sit,
1294 1215 1366 1242 dum
1389 1224 1490 1253 aquae
1514 1215 1653 1253 reliquae
1676 1215 1796 1243 calidae
1816 1213 1913 1242 sunl!

228 1279 290 1308 Isti
324 1288 437 1318 aquae,
464 1288 553 1317 quam
581 1283 728 1318 tanquam
764 1278 911 1320 frigidam
949 1280 1110 1319 describit,
1146 1283 1225 1312 bene
1253 1289 1410 1322 precatur.
1471 1284 1544 1314 Vox
1570 1280 1622 1321 „kia-
1649 1294 1742 1324 quum
1770 1284 1910 1313 umbram

130 1358 272 1394 tempore
298 1354 449 1384 matutino
479 1359 600 1392 ortam,
639 1363 704 1383 vox
736 1356 784 1399 25⁵
818 1355 954 1385 umbram
982 1357 1123 1395 vespera
1152 1361 1252 1387 ortam
1280 1357 1448 1399 designet,
1477 1358 1665 1389 scholiastes
1693 1363 1803 1388 noster
1842 1367 1909 1388 cum

129 1417 337 1458 grammatico
364 1416 560 1455 Ebu-Djinni
588 1417 806 1456 consentiens,
833 1422 960 1457 poetam
986 1418 1069 1449 haud
1096 1424 1185 1450 recte
1214 1429 1325 1450 vocem
1351 1416 1403 1457 &ib
1422 1420 1603 1450 adhibuisse
1628 1420 1802 1453 adnotavit.
1847 1420 1907 1449 Di-

129 1478 263 1508 cendum
290 1478 391 1509 fuisse
428 1475 564 1525 &su-nib
601 1475 702 1519 &42:59
729 1476 845 1526 &mih
872 1479 984 1518 όὶῇἐιὶ.
1039 1483 1146 1513 Voces
1179 1483 1208 1512 in
1237 1487 1390 1522 sequente
1420 1492 1517 1513 versu
1544 1487 1630 1512 reete
1656 1482 1812 1512 adhibitae
1838 1485 1911 1513 sunt

131 1539 237 1581 (metr.
266 1541 429 1579 'l'hawil):
469 1541 613 1580 Neque
648 1542 816 1572 umbrae
853 1543 1038 1585 frigoris
1072 1545 1209 1575 diurni
1255 1547 1482 1585 participes
1521 1546 1628 1576 sieri
1657 1555 1904 1585 possumus,

130 1611 263 1641 neque
291 1602 473 1632 umbram
501 1602 697 1643 frigoris
724 1614 940 1644 vesperae
967 1612 1201 1647 gustamus.
1247 1608 1312 1637 Sed
1341 1608 1379 1637 ob
1408 1609 1533 1638 umbrae
1560 1607 1794 1638 similitudinem
1823 1612 1907 1637 tem-

129 1674 205 1705 pore
232 1666 382 1695 matutino
408 1671 439 1695 et
463 1669 647 1705 vespertino
666 1678 754 1697 unam
782 1678 893 1699 vocem
921 1679 976 1709 pro
1007 1670 1107 1700 altera
1135 1670 1327 1709 adhibuisse,
1346 1676 1457 1710 poetas
1481 1671 1669 1700 invenimus.
1700 1671 1819 1701 Vocem
1838 1669 1907 1706 bag-iim

129 1737 147 1757 e
174 1729 272 1758 verbo
301 1728 420 1757 omisso
449 1728 569 1767 pendet
592 1730 692 1768 (con
709 1730 728 1759 f.
758 1729 864 1760 Grani.
895 1731 952 1762 Ar.
980 1732 1015 1760 Τ.
1043 1732 1070 1760 ΙΙ
1096 1742 1124 1771 p.
1153 1730 1238 1774 82).
1270 1734 1311 1763 Ut
1338 1743 1403 1763 vox
1432 1732 1501 1770 istim
1521 1743 1589 1763 cum
1616 1743 1697 1764 voce
1723 1729 1814 1762 oxii&
1834 1738 1908 1771 apte

128 1790 293 1820 coniuncta
318 1790 380 1831 sit,
421 1791 559 1820 umbram
600 1792 667 1821 loco
695 1792 840 1822 arborum
873 1793 964 1822 istam
1000 1803 1111 1832 aquam
1151 1794 1398 1825 obumbrantium
1426 1795 1540 1825 dictam
1569 1804 1643 1824 esse
1670 1800 1757 1834 put0.
1810 1793 1907 1833 Optat

128 1853 222 1893 igitur
249 1857 355 1894 poeta,
383 1858 416 1883 ut
442 1854 531 1883 Deus
560 1855 689 1884 arbores
718 1855 797 1884 istas
830 1864 940 1894 aquam
969 1856 1190 1885 obumbrantes
1219 1857 1309 1898 larga
1337 1859 1445 1897 pluvia
1483 1859 1603 1900 irriget.

128 1937 161 1966 3.
204 1936 241 1966 Si
261 1937 298 1965 ab
321 1947 403 1976 aqua
425 1941 481 1966 lua
498 1939 663 1975 prohibere
682 1949 820 1976 possem,
852 1949 932 1977 quae
953 1942 985 1967 in
1005 1941 1106 1978 foreis
1127 1943 1190 1969 tuis
1213 1945 1262 1970 est
1269 1963 1278 1980 7
1301 1952 1368 1970 eam
1391 1942 1475 1977 viles,
1511 1943 1658 1979 quamdiu
1681 1944 1823 1980 viverem,
1846 1951 1910 1970 mm

945 1994 1091 2022 biberent.

247 2060 370 2098 Quanto
398 2062 507 2091 honori
534 2062 591 2102 ipsi
618 2072 699 2101 aqua
725 2063 779 2103 sit,
808 2072 845 2093 eo
876 2062 1024 2104 ostendit,
1054 2064 1160 2105 quod,
1197 2067 1225 2094 si
1253 2065 1281 2094 in
1309 2068 1469 2103 potestate
1495 2074 1555 2094 sua
1582 2074 1633 2094 res
1661 2065 1765 2104 posita
1792 2066 1843 2105 sit,
1871 2073 1908 2094 se

127 2122 210 2152 viles
237 2123 275 2152 ab
303 2133 341 2153 ea
369 2133 495 2163 semper
522 2124 744 2163 prohibiturum
771 2134 856 2166 esse,
878 2126 963 2156 dicit.
995 2126 1193 2156 Scholiasles
1214 2132 1315 2166 putat,
1334 2133 1462 2168 gentem
1479 2129 1539 2167 ipsi
1558 2129 1712 2159 inimicam
1732 2130 1770 2160 ad
1794 2140 1905 2170 aquam

128 2185 223 2214 sedes
265 2185 434 2215 habentem
476 2196 494 2216 a
520 2192 614 2225 poeta
642 2188 832 2228 significari3
860 2189 918 2219 sed
945 2190 985 2219 nil
1011 2189 1152 2228 impedit,
1179 2188 1339 2228 quominus
1385 2189 1493 2219 verbis
1521 2190 1700 2230 generalior
1725 2200 1840 2221 sensus
1866 2193 1910 2220 sit

129 2246 221 2285 Quod
248 2252 352 2277 autem
380 2252 472 2287 poeta
499 2258 579 2278 voce
605 2247 714 2287 misus,
744 2261 806 2291 qua
832 2252 947 2282 foveae
975 2262 1110 2293 magnae
1137 2252 1166 2281 in
1195 2256 1298 2281 monte
1324 2252 1564 2293 significantur,
1600 2262 1678 2282 usus
1705 2258 1767 2293 est,
1794 2252 1904 2292 regio-

129 2319 199 2339 nem
227 2314 422 2348 montanam,
462 2312 491 2340 in
530 2311 618 2342 cuius
646 2312 750 2342 foveis
777 2323 858 2352 aqua
885 2314 1096 2356 confluxerit,
1135 2314 1309 2356 significari
1343 2314 1458 2345 indicat
1486 2314 1589 2348 conf.
1625 2315 1740 2346 adnott.
1769 2314 1807 2345 ad
1826 2324 1902 2344 ver-

126 2380 196 2400 sum
221 2371 361 2410 primum.

942 2420 1102 2454 CXIV.

680 2485 787 2519 Ebu
810 2502 830 2512 -
853 2486 1183 2521 Altlomainah
1220 2487 1351 2522 «lixit.

866 2554 981 2585 Conf.
1002 2555 1092 2584 Ham.
1114 2555 1169 2584 01²5.

231 2614 356 2643 Versus
385 2614 481 2645 hosce
509 2620 633 2654 poetam
662 2616 699 2646 ad
717 2616 880 2647 Oniamam
908 2618 1085 2659 scripsisse,
1114 2618 1142 2647 in
1161 2619 1316 2649 Mersukii
1340 2629 1436 2658 opere
1464 2618 1608 2659 legimus.
