2155 2892
872 164 1142 195 -251—

122 263 272 306 nimam)
299 274 371 296 cum
398 265 557 296 GlialIako
607 267 800 301 versaretur,
827 263 921 304 hunc,
949 273 1042 304 quem
1069 264 1191 295 tristem
1218 265 1366 304 vidisset,
1393 276 1472 306 quae
1506 267 1652 296 tristitiae
1678 276 1777 298 causa
1802 273 1901 308 esset,

127 328 358 369 interrogasse.
406 328 526 358 Vocem
545 325 661 364 asaal,
680 324 836 365 duplicem
863 326 1138 367 significationem,
1169 335 1258 365 quum
1284 327 1518 357 substantivum
1539 329 1691 359 omissum
1710 326 1765 366 sit,
1786 329 1903 359 habere

128 398 226 429 posse
253 389 327 420 dicit
355 389 553 420 scholiastes.
593 388 682 418 Voce
712 385 808 415 sta-25>
835 388 995 427 suppleta,
1023 387 1121 417 verba
1149 387 1344 427 significare,
1371 397 1440 418 eum
1463 389 1619 419 silentium
1647 395 1806 420 tenentem
1834 391 1903 420 ani-

124 460 208 481 mum
236 460 328 481 suum
355 449 437 480 haud
463 449 663 489 patefacere3
700 458 782 479 voce
809 454 915 478 autem
943 464 999 494 Um
1025 448 1191 488 suppleta,
1217 450 1349 480 amicum
1377 449 1489 480 dentes
1517 451 1645 480 ridendo
1682 453 1764 482 haud
1802 452 1904 483 denu-

126 513 212 543 dare.
244 513 284 543 Et
310 515 341 542 in
367 511 427 542 hoc
453 510 591 550 scholio,
630 511 712 550 qnod
745 515 844 540 totum
874 520 914 540 ex
941 511 1105 540 Mersukio
1133 510 1323 550 descriptum
1351 517 1412 550 est,
1440 522 1542 551 panca
1567 517 1686 544 mutata
1713 518 1767 544 aut
1793 515 1905 546 omissa

125 580 209 606 snut.
273 573 340 604 Sed
373 582 466 612 quum
499 582 616 603 sensus
653 582 713 602 non
740 572 894 611 turbetur,
922 583 960 602 ea
987 575 1165 606 omittimus,
1216 574 1251 602 ln
1279 574 1340 604 line
1363 575 1463 605 lineae
1492 575 1513 605 2
1539 585 1653 606 vocem
1679 575 1717 621 Ol
1745 577 1906 608 delendam

126 645 201 666 esse
228 640 322 675 puto,
360 638 394 663 ut
421 633 566 674 legatur:
607 631 675 676 2>l52l
703 632 831 679 0383„
866 644 947 674 quae
972 634 1071 664 verba
1098 634 1127 663 in
1154 635 1309 664 Mersnkii
1336 636 1443 666 codice
1470 637 1627 677 leguntur.
1691 639 1763 668 Vox
1790 639 1905 679 ϊοτοῖ,

124 700 154 729 ἰιι
181 707 279 728 versu
295 696 466 727 Tlmral'ahi
497 705 566 726 cum
594 696 698 726 dentis
725 696 961 737 significatione
989 698 1147 727 occurrit:
1170 700 1279 735 (metr.
1291 699 1402 737 Sarih)
1419 699 1607 730 Cuilibet
1634 701 1780 741 amieo)
1808 711 1906 740 qno-

124 770 208 791 cum
235 760 459 790 amicitiam
489 760 715 797 colueram,
743 769 791 788 ne
820 759 927 789 Deus
955 758 1122 789 dentem
1149 756 1392 799 relinquat!
1421 761 1482 790 l'ro
1509 770 1591 791 voce
1618 760 1725 791 aab
1750 762 1907 792 Mersukii

125 822 225 853 codex
255 823 378 851 ύοῶιε
399 822 501 852 habet.

124 921 156 949 2.
202 920 302 949 Invito
325 921 427 948 animo
449 928 542 957 quum
567 918 677 947 leniter
706 919 829 954 rideret,
855 927 915 955 qua
939 920 1065 946 histilia
1087 922 1258 955 apparente
1279 923 1310 948 el
1330 919 1507 949 vehemente
1529 920 1634 949 dolore
1657 921 1799 959 adfectus
1816 923 1906 956 esset,

947 974 1084 1007 coquet-i.

235 1040 433 1072 Scholiastes
461 1046 563 1081 putat,
592 1040 672 1070 hunc
700 1049 830 1070 versum
858 1042 950 1069 vocis
977 1039 1092 1079 szxal,
1131 1041 1383 1080 interpretandae
1410 1043 1500 1072 alteri
1527 1043 1617 1073 modo
1651 1043 1771 1074 favere.
1835 1043 1909 1073 vox

126 1104 193 1149 '⁸⁹55
211 1109 308 1137 statui
335 1105 541 1136 describendo
569 1106 715 1145 inservit,
743 1110 776 1135 ut
804 1114 917 1134 nomen
943 1106 1075 1135 actionis
1104 1107 1170 1135 loco
1202 1105 1355 1145 participii
1373 1101 1454 1149 [ᾖδ’
1482 1105 1535 1134 sit.
1563 1105 1716 1145 Tristitia,
1733 1115 1827 1144 quam
1850 1114 1909 1135 oc-

125 1168 312 1206 multaverat,
326 1169 385 1198 iam
415 1178 455 1198 ex
483 1167 585 1207 modu,
601 1177 659 1207 quo
688 1167 815 1208 rideret,
843 1172 998 1209 apparuit,
1022 1178 1104 1206 nam,
1123 1168 1150 1197 si
1178 1168 1247 1207 quis
1274 1167 1385 1196 leniter
1409 1166 1488 1196 ridet
1515 1169 1569 1204 ita,
1593 1171 1627 1196 ut
1649 1172 1811 1206 appareat,
1837 1176 1910 1197 eum

126 1233 226 1262 invito
255 1232 358 1262 animo
386 1232 502 1273 facere,
530 1232 624 1262 animi
653 1232 781 1262 tristitia
810 1232 880 1261 inde
907 1231 1140 1272 congnoscitur.
1208 1230 1296 1259 Hanc
1329 1229 1368 1258 ob
1402 1238 1529 1259 causam
1557 1233 1653 1268 poeta
1679 1238 1762 1259 voce
1801 1226 1910 1268 6,)ῳὶ

127 1304 206 1324 usus
235 1300 295 1325 est.

125 1391 157 1419 3.
185 1389 289 1426 Quum
313 1392 434 1419 annicus
456 1393 556 1420 virum
579 1391 707 1429 deserit,
727 1392 760 1419 iu
782 1394 867 1420 terra
891 1390 1027 1419 hostium
1048 1391 1192 1418 cinereus·
1215 1388 1299 1416 color
1321 1390 1350 1416 ei
1371 1390 1510 1424 apparet.

205 1459 348 1488 Amicum
372 1458 585 1489 deserendum
615 1469 676 1488 non
704 1469 779 1489 esse
807 1459 892 1498 dicit,
909 1469 991 1497 nam,
1019 1458 1046 1488 si
1068 1467 1105 1488 se
1133 1457 1295 1487 desertum
1310 1466 1386 1486 esse
1413 1456 1537 1493 sentiat,
1558 1464 1626 1485 eum
1647 1455 1769 1485 summa
1783 1454 1911 1485 tristitia

130 1520 235 1551 adfici.
300 1520 464 1560 Loquendi
503 1520 615 1551 modus
652 1521 723 1551 inde
759 1521 948 1561 desumptus
976 1526 1045 1559 est,
1079 1520 1181 1560 quod,
1212 1521 1262 1559 qni
1290 1520 1373 1550 laeto
1401 1519 1503 1549 animo
1531 1522 1594 1558 est,
1622 1519 1651 1547 ei
1679 1517 1782 1547 omnia
1809 1516 1910 1547 lucida

127 1582 295 1620 videntur3
324 1582 414 1612 cuius
439 1586 544 1612 autem
571 1583 693 1612 animus
722 1592 863 1612 moerore
893 1587 1067 1622 occupatus
1096 1588 1158 1623 est,
1187 1583 1216 1612 ei
1243 1585 1346 1613 onmia
1374 1582 1512 1611 obscura
1541 1583 1702 1619 apparent.
1756 1579 1911 1609 Cinerens

131 1645 230 1686 igitur
265 1645 352 1675 color
386 1645 586 1676 infortunium
623 1645 804 1688 significat,
842 1651 873 1676 et
900 1647 981 1676 haec
1010 1652 1061 1676 est
1089 1657 1207 1688 causa,
1245 1656 1299 1676 cur
1326 1645 1411 1692 sion)
1449 1642 1536 1680 &2950
1567 1642 1786 1672 »infortunium
1825 1641 1912 1672 cine-

127 1715 235 1736 reum«
265 1706 398 1736 dicatur.
452 1708 537 1738 Loco
565 1709 654 1738 vocis
682 1706 750 1752 ⁶⁸:²¹
781 1709 896 1750 legitur
923 1706 996 1746 ”le-¹²³
1026 1708 1123 1750 (fallit
1150 1710 1241 1749 eum)
1273 1718 1370 1739 sensu
1398 1717 1459 1737 non
1486 1706 1614 1736 multum
1641 1708 1770 1734 mutato·

953 1828 1094 1861 xln.

652 1893 813 1926 Salem
838 1894 876 1926 b.
900 1894 1149 1928 {Vabizah
1172 1893 1393 1929 Asauita.
1681 1890 1746 1930 (p.
1777 1885 1913 1927 5υἷ’.)

809 1950 924 1995 (Poeta
949 1954 1070 1984 occurit
1097 1964 1126 1993 p.
1157 1952 1233 1995 eft).

132 2020 158 2048 1.
208 2020 316 2049 Virum
339 2031 417 2060 amo,
441 2025 531 2050 cm‘us
553 2032 647 2051 aures
671 2023 763 2051 terbu
786 2025 890 2060 turpia
913 2024 1065 2058 reiicitmt,
1091 2023 1183 2059 quasi
1204 2021 1319 2049 surdae
1341 2029 1430 2048 omne
1451 2023 1541 2055 turpe
1563 2026 1625 2045 uon
1647 2016 1786 2044 audian!-

241 2089 365 2130 Agendi
394 2090 515 2121 modum
544 2091 669 2128 laudat,
697 2101 756 2131 quo
786 2092 886 2122 verba
914 2092 1017 2131 turpia
1046 2100 1106 2120 non
1135 2091 1243 2120 audire
1271 2090 1456 2119 simulamus
1484 2096 1593 2118 eorum
1618 2085 1733 2115 nullam
1761 2082 1914 2113 rationem

132 2149 298 2191 habentes,
326 2153 476 2191 generosi
502 2153 583 2183 enim
612 2154 702 2184 animi
735 2159 795 2184 est.

130 2247 161 2275 2.
206 2247 305 2276 Cuius
326 2250 425 2277 animi
445 2249 588 2286 adfectus
609 2251 725 2288 ireteqri
744 2254 834 2282 sunt.
869 2254 905 2279 ut
924 2260 1024 2288 neque
1045 2259 1163 2278 noxam
1185 2250 1302 2287 inferat
1321 2257 1420 2286 neque
1443 2247 1555 2276 bonum
1576 2245 1724 2282 impediat
1745 2246 1800 2272 aul
1820 2241 1913 2270 iulio-

781 2308 904 2333 neslum
930 2313 1102 2333 sermonem
1121 2305 1272 2342 proseral.

245 2369 368 2406 Visum,
387 2370 438 2408 qui
464 2370 524 2409 ipsi
550 2372 672 2414 placet,
711 2378 805 2414 poeta
833 2374 975 2412 pluribus
1002 2372 1161 2402 describit.
1213 2373 1294 2402 Tres
1321 2370 1436 2411 agendi
1463 2369 1602 2399 rationes
1629 2366 1755 2404 indicat,
1783 2373 1914 2404 quarum

133 2428 214 2458 duae
249 2429 334 2459 lacta
357 2435 525 2472 spectant,
566 2434 657 2463 tertia
691 2444 880 2465 sermonem.
943 2433 1004 2472 Qui
1031 2438 1137 2462 autem
1164 2442 1266 2472 neque
1296 2441 1410 2461 noxam
1437 2431 1507 2460 aliis
1534 2429 1645 2468 infert,
1673 2436 1776 2465 neque
1803 2425 1913 2455 bonum

133 2490 260 2530 impedit
287 2497 342 2522 aut
369 2497 507 2533 recusat,
534 2502 635 2533 neque
661 2495 797 2536 denique
823 2497 956 2526 verbum
983 2496 1116 2536 profert,
1143 2494 1224 2534 quod
1252 2494 1341 2524 alteri
1367 2495 1524 2533 ingratum
1544 2495 1606 2530 est,
1634 2490 1660 2518 is
1687 2486 1913 2527 quodammodo

134 2554 183 2582 vir
210 2553 374 2593 perfectus
402 2555 554 2594 appellari
582 2561 700 2595 potest.
729 2557 902 2603 Voctpffk..
928 2562 982 2588 aut
1007 2567 1106 2588 casus
1134 2556 1346 2585 nominativus
1375 2559 1431 2583 ant
1458 2552 1665 2583 accusativus
1689 2549 1779 2580 tribui
1794 2553 1912 2588 potest.

135 2614 172 2643 Si
197 2623 292 2645 casus
310 2619 525 2647 nominativus
545 2623 607 2655 est,
626 2617 841 2657 praedicatum
867 2620 1056 2660 subiectist
1071 2619 1178 2649 omissi
1191 2622 1252 2655 est,
1279 2622 1313 2647 ut
1340 2616 1438 2646 verba
1465 2613 1632 2654 sequentia
1646 2611 1795 2642 adiectivi
1812 2611 1913 2640 locum

169 2698 196 2725 1)
217 2699 325 2724 Kamusi
343 2703 439 2725 auctor
456 2702 552 2726 montis
570 2708 663 2726 nomen
682 2708 739 2726 esse
757 2701 825 2726 dicit.
