2155 2892
906 148 1171 180 —329—

147 255 255 286 posse.
323 247 356 277 lu
394 257 492 277 vorsu
531 254 643 276 vocem
669 243 784 288 *ax-Lu
819 246 1005 277 hominis
1032 246 1248 277 medicina
1276 248 1488 278 tractandi
1515 248 1778 289 significationem
1804 249 1921 280 habore

145 314 230 348 puto.
297 310 330 339 lu
367 310 540 349 posteriore
578 315 683 340 autem
718 318 834 339 versus
870 316 959 349 purte
999 316 1124 350 poetam
1159 310 1257 339 verbu
1277 308 1392 353 ,sm't
1421 308 1454 353 ⁸5?
1482 315 1567 340 recte
1594 311 1776 341 adhibuisse
1803 312 1922 353 dubito,

144 383 259 423 quippe
286 386 416 416 verbum
443 384 475 430 ³5?
501 384 530 413 in
556 384 637 422 viro,
651 384 740 413 cuius
770 385 895 414 morbus
922 391 1064 426 sanetur,
1080 384 1218 415 adhiberi
1244 384 1359 424 soleat,
1388 387 1419 413 ut
1437 382 1551 428 asu-ll
1577 370 1794 431 &joae-3⁸53
1815 386 1923 417 dicen-

144 444 217 475 dum
244 453 342 477 esset.

948 568 1147 601 xxvll.

882 634 1024 669 Anus
1046 633 1185 668 «lixit.

149 706 176 737 1.
220 705 372 735 Amantes
394 716 528 734 amorem
552 709 737 744 queruntur.
783 705 910 735 Utinam
934 715 989 742 eqo
1011 704 1111 742 solus,
1135 704 1218 742 quod
1238 705 1277 733 1'1'8
1299 705 1424 742 accidit,
1446 706 1603 743 perferam
1617 702 1630 732 Ι

244 775 425 815 'l'antopere
454 785 561 806 amore
587 785 623 806 se
662 775 813 805 delectari
839 775 930 811 dicit,
960 780 993 804 ut
1020 774 1066 812 iis,
1095 774 1147 814 qui
1174 775 1204 803 in
1230 782 1268 803 eo
1296 774 1469 804 molestiam
1497 773 1667 814 inveniant,
1695 773 1779 804 haud
1806 773 1923 804 adsen-

148 835 254 866 tiatur.
305 838 350 868 Se
377 839 483 877 potius
504 844 626 878 optare,
654 844 699 879 ut,
727 848 805 877 quas
832 838 883 867 alii
910 838 1072 868 molestias
1095 848 1194 879 aegre
1221 838 1333 876 serant,
1360 847 1418 868 eae
1447 838 1507 877 ipsi
1534 837 1684 867 ferendae
1710 837 1784 867 sint.

149 934 180 962 2.
227 933 302 963 Tum
323 937 447 964 animae
470 945 555 964 meae
575 937 674 964 omnis
698 937 813 963 amoris
839 935 981 972 valuptas
1003 938 1096 973 esset,
1120 938 1154 964 ut
1175 945 1273 973 neque
1299 938 1371 964 ante
1393 945 1440 963 me
1461 934 1519 963 tali
1539 936 1609 971 quis
1629 936 1750 969 [neilus
1765 937 1848 963 esset
1871 943 1929 963 ne-

757 999 816 1028 que
835 993 906 1026 pos!
927 998 974 1017 me
996 986 1177 1028 [srm'lurus
1200 987 1316 1029 esset).

252 1057 311 1088 uic
331 1068 448 1088 versus
473 1068 543 1088 cum
572 1058 758 1097 conditione,
784 1068 864 1097 quae
892 1059 921 1088 in
943 1068 1026 1088 voce
1052 1056 1135 1098 „aad
1164 1059 1318 1089 utinam
1345 1053 1451 1098 ego!
1481 1058 1568 1098 latet,
1591 1057 1751 1088 cohaeret.
1779 1058 1816 1087 Si
1834 1057 1931 1098 igitur

153 1121 288 1149 omnium
321 1130 427 1150 amore
463 1125 635 1160 occupatus
677 1130 796 1159 essem,
822 1120 895 1151 mihi
939 1124 1003 1150 tota
1032 1120 1182 1158 voluptas
1210 1123 1310 1148 esset.
1376 1119 1454 1149 Post
1493 1129 1606 1149 vocem
1633 1115 1668 1158 ὅ,
1696 1119 1825 1148 verbum
1853 1116 1931 1164 5³³1.)

153 1180 305 1211 omissum
332 1186 404 1222 est,
443 1191 513 1212 nam
540 1182 673 1212 verbum
701 1180 786 1223 'ug-ssa,
816 1182 865 1213 cui
892 1181 1054 1221 praeteriti
1080 1181 1271 1223 significatio
1298 1184 1352 1220 sit,
1380 1181 1419 1212 ad
1446 1192 1557 1212 vocem
1583 1186 1684 1222 &0⁸⁸3
1713 1181 1822 1211 referri
1849 1181 1931 1212 haud

153 1242 237 1272 licet.

936 1364 1164 1398 xxvlll.

633 1431 967 1466 schola-oman
987 1431 1032 1464 b.
1050 1428 1293 1465 Alssmsail
1317 1428 1452 1463 dixit.

253 1504 384 1534 Poenam
411 1507 485 1533 ante
511 1503 616 1533 Islami
642 1508 767 1543 tempus
793 1513 918 1534 carmen
945 1503 1075 1543 dixisse,
1117 1513 1159 1533 ex
1185 1502 1290 1542 rebus,
1315 1511 1395 1541 quae
1424 1501 1454 1530 in
1479 1500 1614 1530 carmine
1645 1506 1829 1541 tractantur,
1857 1510 1934 1531 con-

153 1566 240 1606 jicio.
266 1567 392 1596 Nomen
411 1565 629 1596 Schobromah
655 1575 672 1596 a
700 1567 805 1605 planta
832 1567 941 1604 calida,
969 1576 1049 1606 quae
1075 1570 1220 1596 ventrem
1248 1564 1355 1601 solvit,
1383 1563 1558 1593 derivatum
1585 1568 1725 1593 censent.
1753 1563 1934 1593 'l'raditione

159 1627 198 1658 ad
225 1637 283 1657 nos
310 1628 410 1657 verba
437 1626 541 1657 delata
576 1633 663 1658 sunt:
684 1628 773 1665 Eum,
790 1638 882 1667 quum
903 1628 1040 1667 plantam
1055 1627 1230 1657 Schobrom
1249 1626 1493 1657 contundentem
1509 1624 1686 1666 (semmam)
1701 1623 1937 1666 conspexisset,

160 1688 293 1726 dixisse,
320 1688 464 1724 calidam,
493 1688 670 1718 ferventem
698 1698 782 1719 esse.
837 1690 885 1720 De
913 1692 1015 1730 planta
1041 1690 1186 1720 conferas
1214 1690 1339 1719 lexicon
1367 1698 1479 1718 meum.

160 1785 188 1814 1.
232 1784 315 1820 Quot
335 1785 399 1812 dit’s
421 1784 530 1821 Innqos
551 1786 740 1814 vehementis
763 1790 870 1815 aestus
890 1787 1024 1822 sanquis
1046 1787 1127 1814 utris
1148 1789 1178 1813 et
1199 1785 1270 1822 lyra
1290 1784 1418 1821 pulsata
1440 1785 1548 1812 breves
1569 1781 1751 1811 reddidere!

260 1854 396 1884 Umbrae
423 1854 549 1883 lanceae
575 1854 737 1895 longitudo
766 1854 975 1892 adscribitur,
1003 1855 1055 1893 ila,
1082 1858 1115 1883 ut
1143 1854 1210 1883 dies
1237 1854 1351 1895 longus
1380 1863 1448 1884 cum
1476 1853 1584 1882 umbra
1610 1852 1740 1881 lanceae
1773 1859 1937 1889 compara-

162 1922 214 1946 tus
243 1916 292 1947 sit.
346 1916 512 1946 Contrario
541 1926 640 1945 sensu
667 1916 732 1946 dies
759 1917 867 1946 brevis
895 1926 964 1947 cum
992 1917 1103 1956 pollice
1131 1916 1201 1946 avis
1228 1916 1332 1946 Katha
1359 1915 1518 1945 confertur
1544 1913 1660 1946 conf,
1690 1914 1765 1942 llar.
1792 1915 1831 1941 ΥΛ·
1851 1919 1883 1942 et
1901 1912 1938 1941 Η·

166 1979 288 2009 Arabes
315 1983 388 2008 ante
417 1978 668 2007 Mohammedem
708 1983 740 2008 et
775 1979 860 2008 circa
886 1978 1118 2008 Mohammedis
1154 1982 1280 2016 tempus
1307 1977 1380 2006 vino
1407 1979 1453 2006 sic
1479 1976 1699 2015 indulgebant,
1733 1980 1766 2005 ut
1790 1983 1853 2004 rem
1877 1974 1937 2004 sibi

163 2040 244 2070 laudi
269 2040 422 2070 ducerent
458 2040 556 2070 cons.
591 2040 718 2070 Thomas.
745 2040 853 2071 Moall.
881 2050 913 2070 V.
943 2040 998 2070 50.
1029 2041 1128 2070 Amru
1154 2040 1183 2069 b.
1212 2039 1315 2070 Celth.
1343 2038 1450 2068 Moall.
1478 2038 1515 2068 ab
1542 2037 1641 2074 initio,
1670 2037 1802 2066 Authar.
1830 2036 1937 2067 Moall.

165 2113 195 2141 p.
223 2101 267 2132 37
296 2110 340 2140 sq.
369 2102 418 2131 De
444 2102 518 2131 vino
546 2107 651 2131 autem
680 2102 827 2131 conseras
842 2103 933 2131 llam.
962 2103 974 2131 1
1001 2112 1030 2141 p.
1060 2102 1141 2131 421.
1170 2101 1285 2131 Vinum
1314 2100 1439 2129 rubrum
1467 2108 1538 2129 cum
1557 2098 1712 2138 sanguine
1737 2101 1831 2136 poeta
1857 2106 1941 2126 com-

165 2165 303 2203 paravit.
367 2162 528 2193 Citharam
556 2173 698 2204 quoque,
741 2173 821 2202 quae
847 2164 972 2203 puellae
999 2164 1028 2193 in
1055 2163 1197 2193 cauendo
1226 2163 1412 2202 utebantur,
1452 2162 1575 2202 magnis
1611 2162 1642 2190 in
1668 2159 1787 2190 deliciis
1819 2159 1942 2189 Arabes

166 2226 330 2256 habebant.
393 2226 441 2254 De
476 2226 682 2256 instrumento
702 2230 776 2273 μέζω
809 2226 953 2256 conferas
980 2226 1073 2257 Ham.
1099 2228 1151 2256 0⁴1.
1179 2226 1266 2255 Loco
1294 2225 1381 2254 vocis
1411 2220 1558 2264 &Lais-eol,
1587 2232 1667 2262 quae
1694 2228 1745 2253 est
1765 2225 1890 2262 propria
1911 2223 1941 2252 in

168 2288 290 2319 cithara
318 2287 492 2328 pulsanda,
520 2289 620 2318 miuus
647 2291 773 2328 propria
799 2298 865 2318 vox
890 2284 1026 2317 26th
1054 2289 1083 2318 in
1111 2289 1180 2318 aliis
1202 2288 1433 2327 exemplaribus
1459 2288 1587 2328 legitur.

169 2399 200 2428 2.
244 2397 405 2427 Matutino
428 2400 577 2433 tempore,
609 2400 644 2426 ut
664 2398 706 2426 ad
724 2408 885 2435 vesperam
907 2400 1114 2435 pert-eninm,
1137 2399 1210 2427 dum
1232 2399 1309 2426 socii
1328 2399 1389 2425 mei
1408 2394 1661 2424 interdicentibus
1683 2395 1860 2431 obsequium
1881 2402 1944 2422 mm

768 2451 982 2489 praestabant,
1005 2450 1077 2479 altis
1099 2452 1187 2478 nasis
1206 2450 1349 2486 praediti.

267 2536 346 2566 Sea
363 2541 504 2576 tempore
530 2535 677 2565 matutino
706 2545 806 2575 usque
833 2536 872 2566 ad
893 2546 1064 2576 vesperam
1094 2541 1216 2575 tempus
1248 2537 1277 2564 in
1307 2534 1379 2563 vino
1406 2532 1538 2562 bibendo
1565 2541 1634 2562 cum
1660 2531 1765 2571 sociis,
1796 2531 1848 2571 qui
1875 2531 1943 2561 dis-

169 2595 372 2627 suadentibus
399 2597 580 2636 obsequium
607 2606 667 2626 non
694 2602 905 2638 praestarent,
922 2597 1053 2627 trivisse
1080 2597 1164 2627 dicit.
1191 2596 1387 2626 Scholiastes
1416 2595 1589 2632 adnotavit,
1604 2603 1717 2624 vocem
1729 2591 1800 2638 OQ}
1819 2593 1942 2623 unicam
