<?xml version="1.0" encoding="UTF-8"?>
<!DOCTYPE html PUBLIC "-//W3C//DTD XHTML 1.0 Transitional//EN"
    "http://www.w3.org/TR/xhtml1/DTD/xhtml1-transitional.dtd">
<html xmlns="http://www.w3.org/1999/xhtml" xml:lang="en" lang="en">
 <head>
  <title>
</title>
<meta http-equiv="Content-Type" content="text/html;charset=utf-8" />
  <meta name='ocr-system' content='tesseract 3.04.00' />
  <meta name='ocr-capabilities' content='ocr_page ocr_carea ocr_par ocr_line ocrx_word'/>
</head>
<body>
  <div class='ocr_page' id='page_1' title='image "./p2hamassaecarmin02abbiuoft_0356.png"; bbox 0 0 2155 2892; ppageno 0'>
   <div class='ocr_carea' id='block_1_1' title="bbox 888 126 1156 158">
    <p class='ocr_par' dir='ltr' id='par_1_1' title="bbox 888 126 1156 158">
     <span class='ocr_line' id='line_1_1' title="bbox 888 126 1156 158; baseline -0.004 0"><span class='ocrx_word' id='word_1_1' title='bbox 888 126 1058 158; x_wconf 76' lang='lat'>——344</span> <span class='ocrx_word' id='word_1_2' title='bbox 1116 143 1156 150; x_wconf 92' lang='lat'>-</span> 
     </span>
    </p>
   </div>
   <div class='ocr_carea' id='block_1_2' title="bbox 873 272 1169 388">
    <p class='ocr_par' dir='ltr' id='par_1_2' title="bbox 873 272 1169 388">
     <span class='ocr_line' id='line_1_2' title="bbox 960 272 1091 308; baseline -0.023 0"><span class='ocrx_word' id='word_1_3' title='bbox 960 272 1091 308; x_wconf 73' lang='lat' dir='ltr'><strong>XLI.</strong></span> 
     </span>
     <span class='ocr_line' id='line_1_3' title="bbox 873 351 1169 388; baseline -0.01 0"><span class='ocrx_word' id='word_1_4' title='bbox 873 355 1010 388; x_wconf 78' lang='lat' dir='ltr'><strong>mem</strong></span> <span class='ocrx_word' id='word_1_5' title='bbox 1032 351 1169 386; x_wconf 73' lang='lat' dir='ltr'><strong>dixit.</strong></span> 
     </span>
    </p>
   </div>
   <div class='ocr_carea' id='block_1_3' title="bbox 130 426 1911 725">
    <p class='ocr_par' dir='ltr' id='par_1_3' title="bbox 130 426 1911 520">
     <span class='ocr_line' id='line_1_4' title="bbox 130 426 1911 477; baseline -0.003 -10"><span class='ocrx_word' id='word_1_6' title='bbox 130 438 157 469; x_wconf 86' lang='lat'><strong>1.</strong></span> <span class='ocrx_word' id='word_1_7' title='bbox 206 438 269 474; x_wconf 81' lang='lat' dir='ltr'><strong>Tu,</strong></span> <span class='ocrx_word' id='word_1_8' title='bbox 297 426 478 467; x_wconf 39' lang='lat' dir='ltr'><strong>{mulier-⁷</strong></span> <span class='ocrx_word' id='word_1_9' title='bbox 509 439 657 477; x_wconf 68' lang='lat' dir='ltr'><strong>effecisti,</strong></span> <span class='ocrx_word' id='word_1_10' title='bbox 681 441 717 466; x_wconf 82' lang='lat' dir='ltr'><strong>ut</strong></span> <span class='ocrx_word' id='word_1_11' title='bbox 740 437 839 466; x_wconf 81' lang='lat' dir='ltr'><strong>locum</strong></span> <span class='ocrx_word' id='word_1_12' title='bbox 868 436 1017 474; x_wconf 73' lang='lat' dir='ltr'><strong>Schaqlzb</strong></span> <span class='ocrx_word' id='word_1_13' title='bbox 1048 446 1148 474; x_wconf 78' lang='lat' dir='ltr'><strong>usque</strong></span> <span class='ocrx_word' id='word_1_14' title='bbox 1175 436 1219 464; x_wconf 82' lang='lat' dir='ltr'><strong>ad</strong></span> <span class='ocrx_word' id='word_1_15' title='bbox 1250 436 1371 465; x_wconf 78' lang='lat' dir='ltr'><strong><em>Badam</em></strong></span> <span class='ocrx_word' id='word_1_16' title='bbox 1401 445 1549 474; x_wconf 81' lang='lat' dir='ltr'><strong>amarem,</strong></span> <span class='ocrx_word' id='word_1_17' title='bbox 1572 435 1644 464; x_wconf 87' lang='lat' dir='ltr'><strong>dum</strong></span> <span class='ocrx_word' id='word_1_18' title='bbox 1667 434 1748 463; x_wconf 75' lang='lat' dir='ltr'><strong>altas</strong></span> <span class='ocrx_word' id='word_1_19' title='bbox 1769 435 1911 471; x_wconf 63' lang='lat' dir='ltr'><strong>regiones</strong></span> 
     </span>
     <span class='ocr_line' id='line_1_5' title="bbox 967 491 1074 520; baseline 0.009 -1"><span class='ocrx_word' id='word_1_20' title='bbox 967 491 1074 520; x_wconf 79' lang='lat' dir='ltr'><strong>incolo.</strong></span> 
     </span>
    </p>

    <p class='ocr_par' dir='ltr' id='par_1_4' title="bbox 229 552 1910 601">
     <span class='ocr_line' id='line_1_6' title="bbox 229 552 1910 601; baseline -0.004 -9"><span class='ocrx_word' id='word_1_21' title='bbox 229 561 274 592; x_wconf 84' lang='lat' dir='ltr'><strong>Se</strong></span> <span class='ocrx_word' id='word_1_22' title='bbox 302 567 391 592; x_wconf 84' lang='lat' dir='ltr'><strong>tanto</strong></span> <span class='ocrx_word' id='word_1_23' title='bbox 417 562 500 592; x_wconf 87' lang='lat' dir='ltr'><strong>illius</strong></span> <span class='ocrx_word' id='word_1_24' title='bbox 529 562 668 592; x_wconf 90' lang='lat' dir='ltr'><strong>mulieris</strong></span> <span class='ocrx_word' id='word_1_25' title='bbox 696 571 802 592; x_wconf 85' lang='lat' dir='ltr'><strong>amore</strong></span> <span class='ocrx_word' id='word_1_26' title='bbox 829 565 954 601; x_wconf 85' lang='lat' dir='ltr'><strong>captum</strong></span> <span class='ocrx_word' id='word_1_27' title='bbox 982 569 1070 597; x_wconf 85' lang='lat' dir='ltr'><strong>esse,</strong></span> <span class='ocrx_word' id='word_1_28' title='bbox 1099 563 1132 589; x_wconf 90' lang='lat' dir='ltr'><strong>ut</strong></span> <span class='ocrx_word' id='word_1_29' title='bbox 1159 559 1334 598; x_wconf 82' lang='lat' dir='ltr'><strong>regionem,</strong></span> <span class='ocrx_word' id='word_1_30' title='bbox 1363 566 1452 596; x_wconf 83' lang='lat' dir='ltr'><strong>quam</strong></span> <span class='ocrx_word' id='word_1_31' title='bbox 1480 567 1517 588; x_wconf 87' lang='lat' dir='ltr'><strong>ea</strong></span> <span class='ocrx_word' id='word_1_32' title='bbox 1544 557 1669 597; x_wconf 79' lang='lat' dir='ltr'><strong>incolat,</strong></span> <span class='ocrx_word' id='word_1_33' title='bbox 1689 552 1910 598; x_wconf 44' lang='lat' dir='ltr'><strong>patriaeisuae</strong></span> 
     </span>
    </p>

    <p class='ocr_par' dir='ltr' id='par_1_5' title="bbox 132 618 1908 663">
     <span class='ocr_line' id='line_1_7' title="bbox 132 618 1908 663; baseline -0.003 -10"><span class='ocrx_word' id='word_1_34' title='bbox 132 623 303 662; x_wconf 85' lang='lat' dir='ltr'><strong>praeferat.</strong></span> <span class='ocrx_word' id='word_1_35' title='bbox 355 624 415 654; x_wconf 88' lang='lat' dir='ltr'><strong>Ubi</strong></span> <span class='ocrx_word' id='word_1_36' title='bbox 442 625 513 654; x_wconf 90' lang='lat' dir='ltr'><strong>loca</strong></span> <span class='ocrx_word' id='word_1_37' title='bbox 541 624 614 661; x_wconf 90' lang='lat' dir='ltr'><strong>duo,</strong></span> <span class='ocrx_word' id='word_1_38' title='bbox 642 633 771 663; x_wconf 85' lang='lat' dir='ltr'><strong>quorum</strong></span> <span class='ocrx_word' id='word_1_39' title='bbox 799 624 828 652; x_wconf 93' lang='lat' dir='ltr'><strong>in</strong></span> <span class='ocrx_word' id='word_1_40' title='bbox 856 632 953 652; x_wconf 86' lang='lat' dir='ltr'><strong>versu</strong></span> <span class='ocrx_word' id='word_1_41' title='bbox 980 622 1094 651; x_wconf 89' lang='lat' dir='ltr'><strong>rnentio</strong></span> <span class='ocrx_word' id='word_1_42' title='bbox 1123 621 1206 650; x_wconf 86' lang='lat' dir='ltr'><strong>facta</strong></span> <span class='ocrx_word' id='word_1_43' title='bbox 1234 625 1295 656; x_wconf 88' lang='lat' dir='ltr'><strong>est,</strong></span> <span class='ocrx_word' id='word_1_44' title='bbox 1323 621 1385 649; x_wconf 90' lang='lat' dir='ltr'><strong>sita</strong></span> <span class='ocrx_word' id='word_1_45' title='bbox 1411 620 1475 650; x_wconf 82' lang='lat' dir='ltr'><strong>sint</strong></span> <span class='ocrx_word' id='word_1_46' title='bbox 1502 620 1630 660; x_wconf 88' lang='lat' dir='ltr'><strong>nescio,</strong></span> <span class='ocrx_word' id='word_1_47' title='bbox 1659 629 1752 659; x_wconf 90' lang='lat' dir='ltr'><strong>quum</strong></span> <span class='ocrx_word' id='word_1_48' title='bbox 1782 619 1811 649; x_wconf 89' lang='lat' dir='ltr'><strong>in</strong></span> <span class='ocrx_word' id='word_1_49' title='bbox 1838 618 1908 648; x_wconf 81' lang='lat' dir='ltr'><strong>Ka-</strong></span> 
     </span>
    </p>

    <p class='ocr_par' dir='ltr' id='par_1_6' title="bbox 131 681 1911 725">
     <span class='ocr_line' id='line_1_8' title="bbox 131 681 1911 725; baseline -0.003 -10"><span class='ocrx_word' id='word_1_50' title='bbox 131 687 215 715; x_wconf 87' lang='lat' dir='ltr'><strong>musi</strong></span> <span class='ocrx_word' id='word_1_51' title='bbox 241 694 338 725; x_wconf 91' lang='lat' dir='ltr'><strong>opere</strong></span> <span class='ocrx_word' id='word_1_52' title='bbox 366 686 488 715; x_wconf 87' lang='lat' dir='ltr'><strong>nonnisi</strong></span> <span class='ocrx_word' id='word_1_53' title='bbox 514 686 682 716; x_wconf 84' lang='lat' dir='ltr'><strong>stationem</strong></span> <span class='ocrx_word' id='word_1_54' title='bbox 717 688 800 716; x_wconf 85' lang='lat' dir='ltr'><strong>inter</strong></span> <span class='ocrx_word' id='word_1_55' title='bbox 831 685 958 724; x_wconf 78' lang='lat' dir='ltr'>Syriam</span> <span class='ocrx_word' id='word_1_56' title='bbox 998 685 1250 724; x_wconf 77' lang='lat' dir='ltr'><strong>Aegyptumque</strong></span> <span class='ocrx_word' id='word_1_57' title='bbox 1288 684 1406 722; x_wconf 85' lang='lat' dir='ltr'><strong>sitam,</strong></span> <span class='ocrx_word' id='word_1_58' title='bbox 1433 682 1480 712; x_wconf 89' lang='lat' dir='ltr'><strong>cui</strong></span> <span class='ocrx_word' id='word_1_59' title='bbox 1507 691 1620 711; x_wconf 90' lang='lat' dir='ltr'><strong>nomen</strong></span> <span class='ocrx_word' id='word_1_60' title='bbox 1648 683 1735 712; x_wconf 40' lang='lat' dir='ltr'><strong>„aiz</strong></span> <span class='ocrx_word' id='word_1_61' title='bbox 1761 681 1815 718; x_wconf 85' lang='lat' dir='ltr'><strong>sit,</strong></span> <span class='ocrx_word' id='word_1_62' title='bbox 1843 690 1911 710; x_wconf 90' lang='lat' dir='ltr'><strong>me-</strong></span> 
     </span>
    </p>
   </div>
   <div class='ocr_carea' id='block_1_4' title="bbox 131 745 1028 781">
    <p class='ocr_par' dir='ltr' id='par_1_7' title="bbox 131 745 1028 781">
     <span class='ocr_line' id='line_1_9' title="bbox 131 745 1028 781; baseline -0.003 -3"><span class='ocrx_word' id='word_1_63' title='bbox 131 753 284 778; x_wconf 82' lang='lat' dir='ltr'><strong>moratam</strong></span> <span class='ocrx_word' id='word_1_64' title='bbox 310 749 496 781; x_wconf 79' lang='lat' dir='ltr'><strong>invenerim,</strong></span> <span class='ocrx_word' id='word_1_65' title='bbox 549 749 597 778; x_wconf 91' lang='lat' dir='ltr'><strong>De</strong></span> <span class='ocrx_word' id='word_1_66' title='bbox 623 748 724 777; x_wconf 87' lang='lat' dir='ltr'><strong>altero</strong></span> <span class='ocrx_word' id='word_1_67' title='bbox 753 747 822 777; x_wconf 91' lang='lat' dir='ltr'><strong>loco</strong></span> <span class='ocrx_word' id='word_1_68' title='bbox 851 746 891 776; x_wconf 91' lang='lat' dir='ltr'><strong>nil</strong></span> <span class='ocrx_word' id='word_1_69' title='bbox 918 745 1028 776; x_wconf 86' lang='lat' dir='ltr'><strong>habeo.</strong></span> 
     </span>
    </p>
   </div>
   <div class='ocr_carea' id='block_1_5' title="bbox 130 841 1912 1133">
    <p class='ocr_par' dir='ltr' id='par_1_8' title="bbox 131 841 1912 937">
     <span class='ocr_line' id='line_1_10' title="bbox 131 841 1912 882; baseline -0.002 -9"><span class='ocrx_word' id='word_1_70' title='bbox 131 845 162 873; x_wconf 75' lang='lat'><strong>2.</strong></span> <span class='ocrx_word' id='word_1_71' title='bbox 208 843 311 880; x_wconf 76' lang='lat' dir='ltr'><strong>Quum</strong></span> <span class='ocrx_word' id='word_1_72' title='bbox 330 845 413 874; x_wconf 81' lang='lat' dir='ltr'><strong>oculi</strong></span> <span class='ocrx_word' id='word_1_73' title='bbox 439 846 500 873; x_wconf 86' lang='lat' dir='ltr'><strong>mei</strong></span> <span class='ocrx_word' id='word_1_74' title='bbox 526 844 686 881; x_wconf 79' lang='lat' dir='ltr'><strong>lacrymas</strong></span> <span class='ocrx_word' id='word_1_75' title='bbox 708 844 830 872; x_wconf 79' lang='lat' dir='ltr'><em>abunde</em></span> <span class='ocrx_word' id='word_1_76' title='bbox 860 845 1033 881; x_wconf 79' lang='lat' dir='ltr'><strong>effundunt,</strong></span> <span class='ocrx_word' id='word_1_77' title='bbox 1060 843 1190 882; x_wconf 70' lang='lat' dir='ltr'><strong>feslucd</strong></span> <span class='ocrx_word' id='word_1_78' title='bbox 1217 851 1265 870; x_wconf 84' lang='lat' dir='ltr'><strong>me</strong></span> <span class='ocrx_word' id='word_1_79' title='bbox 1287 851 1424 877; x_wconf 62' lang='lat' dir='ltr'><strong>emenso,</strong></span> <span class='ocrx_word' id='word_1_80' title='bbox 1446 841 1531 879; x_wconf 84' lang='lat' dir='ltr'><strong>dum,</strong></span> <span class='ocrx_word' id='word_1_81' title='bbox 1562 843 1592 869; x_wconf 73' lang='lat' dir='ltr'><strong>si</strong></span> <span class='ocrx_word' id='word_1_82' title='bbox 1612 841 1750 870; x_wconf 77' lang='lat' dir='ltr'><strong>medicus</strong></span> <span class='ocrx_word' id='word_1_83' title='bbox 1771 843 1912 870; x_wconf 78' lang='lat' dir='ltr'><strong>notitiam</strong></span> 
     </span>
     <span class='ocr_line' id='line_1_11' title="bbox 548 897 1495 937; baseline 0 -11"><span class='ocrx_word' id='word_1_84' title='bbox 548 898 684 936; x_wconf 66' lang='lat' dir='ltr'><strong>Imber-et,</strong></span> <span class='ocrx_word' id='word_1_85' title='bbox 710 897 868 927; x_wconf 75' lang='lat' dir='ltr'><strong>Altssalt</strong></span> <span class='ocrx_word' id='word_1_86' title='bbox 890 907 995 926; x_wconf 78' lang='lat' dir='ltr'><strong>eorum</strong></span> <span class='ocrx_word' id='word_1_87' title='bbox 1016 899 1171 937; x_wconf 78' lang='lat' dir='ltr'><strong>festucam</strong></span> <span class='ocrx_word' id='word_1_88' title='bbox 1194 907 1263 926; x_wconf 82' lang='lat' dir='ltr'><strong>esse</strong></span> <span class='ocrx_word' id='word_1_89' title='bbox 1286 901 1495 934; x_wconf 73' lang='lat' dir='ltr'><strong>coynosceret.</strong></span> 
     </span>
    </p>

    <p class='ocr_par' dir='ltr' id='par_1_9' title="bbox 227 965 1908 1007">
     <span class='ocr_line' id='line_1_12' title="bbox 227 965 1908 1007; baseline -0.001 -10"><span class='ocrx_word' id='word_1_90' title='bbox 227 967 261 997; x_wconf 93' lang='lat' dir='ltr'><strong>In</strong></span> <span class='ocrx_word' id='word_1_91' title='bbox 287 967 349 997; x_wconf 84' lang='lat' dir='ltr'><strong>hoc</strong></span> <span class='ocrx_word' id='word_1_92' title='bbox 374 976 486 1006; x_wconf 90' lang='lat' dir='ltr'><strong>versu,</strong></span> <span class='ocrx_word' id='word_1_93' title='bbox 513 968 564 1006; x_wconf 84' lang='lat' dir='ltr'><strong>qui</strong></span> <span class='ocrx_word' id='word_1_94' title='bbox 592 967 621 997; x_wconf 88' lang='lat' dir='ltr'><strong>in</strong></span> <span class='ocrx_word' id='word_1_95' title='bbox 648 967 804 997; x_wconf 82' lang='lat' dir='ltr'><strong>Mersukii</strong></span> <span class='ocrx_word' id='word_1_96' title='bbox 832 966 941 997; x_wconf 87' lang='lat' dir='ltr'><strong>codice</strong></span> <span class='ocrx_word' id='word_1_97' title='bbox 969 967 1052 997; x_wconf 85' lang='lat' dir='ltr'><strong>haud</strong></span> <span class='ocrx_word' id='word_1_98' title='bbox 1080 968 1247 1007; x_wconf 86' lang='lat' dir='ltr'><strong>reperitur,</strong></span> <span class='ocrx_word' id='word_1_99' title='bbox 1276 967 1435 996; x_wconf 85' lang='lat' dir='ltr'><strong>tristitiam</strong></span> <span class='ocrx_word' id='word_1_100' title='bbox 1462 976 1551 997; x_wconf 83' lang='lat' dir='ltr'><strong>suam</strong></span> <span class='ocrx_word' id='word_1_101' title='bbox 1579 965 1738 997; x_wconf 76' lang='lat' dir='ltr'>describit.</span> <span class='ocrx_word' id='word_1_102' title='bbox 1781 967 1908 997; x_wconf 81' lang='lat' dir='ltr'><strong>Ahssah</strong></span> 
     </span>
    </p>

    <p class='ocr_par' dir='ltr' id='par_1_10' title="bbox 130 1029 1912 1070">
     <span class='ocr_line' id='line_1_13' title="bbox 130 1029 1912 1070; baseline 0.001 -11"><span class='ocrx_word' id='word_1_103' title='bbox 130 1029 181 1061; x_wconf 85' lang='lat' dir='ltr'><strong>alii</strong></span> <span class='ocrx_word' id='word_1_104' title='bbox 206 1029 276 1059; x_wconf 87' lang='lat' dir='ltr'><strong>viro</strong></span> <span class='ocrx_word' id='word_1_105' title='bbox 303 1034 401 1069; x_wconf 76' lang='lat' dir='ltr'><strong>nupta</strong></span> <span class='ocrx_word' id='word_1_106' title='bbox 428 1033 496 1060; x_wconf 85' lang='lat' dir='ltr'><strong>erat</strong></span> <span class='ocrx_word' id='word_1_107' title='bbox 522 1029 630 1060; x_wconf 88' lang='lat' dir='ltr'><strong>conf.</strong></span> <span class='ocrx_word' id='word_1_108' title='bbox 657 1030 754 1059; x_wconf 83' lang='lat' dir='ltr'><strong>Meid.</strong></span> <span class='ocrx_word' id='word_1_109' title='bbox 783 1030 841 1067; x_wconf 74' lang='lat'><strong>27,</strong></span> <span class='ocrx_word' id='word_1_110' title='bbox 868 1030 926 1060; x_wconf 87' lang='lat'><strong>30.</strong></span> <span class='ocrx_word' id='word_1_111' title='bbox 979 1030 1105 1061; x_wconf 82' lang='lat' dir='ltr'>Pudore</span> <span class='ocrx_word' id='word_1_112' title='bbox 1132 1031 1201 1059; x_wconf 81' lang='lat' dir='ltr'><strong>sine</strong></span> <span class='ocrx_word' id='word_1_113' title='bbox 1230 1029 1324 1060; x_wconf 89' lang='lat' dir='ltr'><strong>dubio</strong></span> <span class='ocrx_word' id='word_1_114' title='bbox 1352 1036 1528 1060; x_wconf 88' lang='lat' dir='ltr'><strong>commotus</strong></span> <span class='ocrx_word' id='word_1_115' title='bbox 1555 1029 1759 1070; x_wconf 76' lang='lat' dir='ltr'><strong>lacrymarum</strong></span> <span class='ocrx_word' id='word_1_116' title='bbox 1783 1040 1912 1062; x_wconf 83' lang='lat' dir='ltr'><strong>causam</strong></span> 
     </span>
    </p>

    <p class='ocr_par' dir='ltr' id='par_1_11' title="bbox 130 1091 1912 1133">
     <span class='ocr_line' id='line_1_14' title="bbox 130 1091 1912 1133; baseline 0.001 -12"><span class='ocrx_word' id='word_1_117' title='bbox 130 1092 160 1121; x_wconf 89' lang='lat' dir='ltr'><strong>in</strong></span> <span class='ocrx_word' id='word_1_118' title='bbox 186 1091 331 1132; x_wconf 81' lang='lat' dir='ltr'><strong>festuca,</strong></span> <span class='ocrx_word' id='word_1_119' title='bbox 370 1102 452 1132; x_wconf 84' lang='lat' dir='ltr'><strong>quae</strong></span> <span class='ocrx_word' id='word_1_120' title='bbox 491 1092 520 1122; x_wconf 91' lang='lat' dir='ltr'><strong>in</strong></span> <span class='ocrx_word' id='word_1_121' title='bbox 552 1094 674 1122; x_wconf 92' lang='lat' dir='ltr'><strong>oculum</strong></span> <span class='ocrx_word' id='word_1_122' title='bbox 702 1092 861 1132; x_wconf 85' lang='lat' dir='ltr'><strong>inciderit,</strong></span> <span class='ocrx_word' id='word_1_123' title='bbox 889 1102 965 1122; x_wconf 86' lang='lat' dir='ltr'><strong>esse</strong></span> <span class='ocrx_word' id='word_1_124' title='bbox 990 1092 1075 1122; x_wconf 85' lang='lat' dir='ltr'><strong>dicit.</strong></span> <span class='ocrx_word' id='word_1_125' title='bbox 1128 1091 1290 1121; x_wconf 85' lang='lat' dir='ltr'><strong>Medicum</strong></span> <span class='ocrx_word' id='word_1_126' title='bbox 1317 1097 1436 1132; x_wconf 87' lang='lat' dir='ltr'><strong>autem,</strong></span> <span class='ocrx_word' id='word_1_127' title='bbox 1475 1092 1503 1122; x_wconf 85' lang='lat' dir='ltr'><strong>si</strong></span> <span class='ocrx_word' id='word_1_128' title='bbox 1531 1093 1575 1122; x_wconf 90' lang='lat' dir='ltr'><strong>rei</strong></span> <span class='ocrx_word' id='word_1_129' title='bbox 1602 1093 1745 1122; x_wconf 84' lang='lat' dir='ltr'><strong>notitiam</strong></span> <span class='ocrx_word' id='word_1_130' title='bbox 1772 1092 1912 1133; x_wconf 83' lang='lat' dir='ltr'><strong>haberet,</strong></span> 
     </span>
    </p>
   </div>
   <div class='ocr_carea' id='block_1_6' title="bbox 131 1154 1211 1186">
    <p class='ocr_par' dir='ltr' id='par_1_12' title="bbox 131 1154 1211 1186">
     <span class='ocr_line' id='line_1_15' title="bbox 131 1154 1211 1186; baseline 0.001 -2"><span class='ocrx_word' id='word_1_131' title='bbox 131 1163 237 1185; x_wconf 85' lang='lat' dir='ltr'><strong>veram</strong></span> <span class='ocrx_word' id='word_1_132' title='bbox 263 1154 294 1184; x_wconf 91' lang='lat' dir='ltr'><strong>in</strong></span> <span class='ocrx_word' id='word_1_133' title='bbox 321 1155 414 1184; x_wconf 90' lang='lat' dir='ltr'><strong>istius</strong></span> <span class='ocrx_word' id='word_1_134' title='bbox 442 1154 576 1184; x_wconf 88' lang='lat' dir='ltr'><strong>feminae</strong></span> <span class='ocrx_word' id='word_1_135' title='bbox 603 1164 710 1185; x_wconf 90' lang='lat' dir='ltr'><strong>amore</strong></span> <span class='ocrx_word' id='word_1_136' title='bbox 737 1164 867 1185; x_wconf 86' lang='lat' dir='ltr'><strong>causam</strong></span> <span class='ocrx_word' id='word_1_137' title='bbox 894 1157 1095 1185; x_wconf 85' lang='lat' dir='ltr'><strong>inventurum</strong></span> <span class='ocrx_word' id='word_1_138' title='bbox 1123 1165 1211 1186; x_wconf 86' lang='lat' dir='ltr'><strong>esse·</strong></span> 
     </span>
    </p>
   </div>
   <div class='ocr_carea' id='block_1_7' title="bbox 130 1251 1891 1291">
    <p class='ocr_par' dir='ltr' id='par_1_13' title="bbox 130 1251 1891 1291">
     <span class='ocr_line' id='line_1_16' title="bbox 130 1251 1891 1291; baseline 0.001 -11"><span class='ocrx_word' id='word_1_139' title='bbox 130 1251 162 1281; x_wconf 83' lang='lat'><strong>3.</strong></span> <span class='ocrx_word' id='word_1_140' title='bbox 206 1251 253 1280; x_wconf 81' lang='lat' dir='ltr'><strong>Et</strong></span> <span class='ocrx_word' id='word_1_141' title='bbox 273 1251 332 1280; x_wconf 83' lang='lat' dir='ltr'><strong>lzoc</strong></span> <span class='ocrx_word' id='word_1_142' title='bbox 353 1251 419 1280; x_wconf 86' lang='lat' dir='ltr'><strong>Ioco</strong></span> <span class='ocrx_word' id='word_1_143' title='bbox 441 1260 506 1280; x_wconf 80' lang='lat' dir='ltr'><strong>una</strong></span> <span class='ocrx_word' id='word_1_144' title='bbox 528 1252 595 1280; x_wconf 81' lang='lat' dir='ltr'><strong>vice</strong></span> <span class='ocrx_word' id='word_1_145' title='bbox 614 1251 756 1289; x_wconf 75' lang='lat' dir='ltr'><strong>devertil‚</strong></span> <span class='ocrx_word' id='word_1_146' title='bbox 780 1254 844 1280; x_wconf 79' lang='lat' dir='ltr'><strong>tum</strong></span> <span class='ocrx_word' id='word_1_147' title='bbox 866 1260 958 1281; x_wconf 74' lang='lat' dir='ltr'><strong>meme</strong></span> <span class='ocrx_word' id='word_1_148' title='bbox 979 1253 1012 1280; x_wconf 83' lang='lat' dir='ltr'><strong>in</strong></span> <span class='ocrx_word' id='word_1_149' title='bbox 1035 1251 1134 1281; x_wconf 84' lang='lat' dir='ltr'><strong>allero</strong></span> <span class='ocrx_word' id='word_1_150' title='bbox 1156 1255 1280 1281; x_wconf 78' lang='lat' dir='ltr'><strong>versata</strong></span> <span class='ocrx_word' id='word_1_151' title='bbox 1303 1255 1369 1289; x_wconf 77' lang='lat' dir='ltr'><strong>esl,·</strong></span> <span class='ocrx_word' id='word_1_152' title='bbox 1390 1252 1447 1281; x_wconf 82' lang='lat' dir='ltr'><strong>sed</strong></span> <span class='ocrx_word' id='word_1_153' title='bbox 1467 1255 1600 1291; x_wconf 83' lang='lat' dir='ltr'><strong>utraque</strong></span> <span class='ocrx_word' id='word_1_154' title='bbox 1623 1252 1714 1281; x_wconf 81' lang='lat' dir='ltr'><strong>vallis</strong></span> <span class='ocrx_word' id='word_1_155' title='bbox 1735 1253 1816 1281; x_wconf 81' lang='lat' dir='ltr'><strong>bona</strong></span> <span class='ocrx_word' id='word_1_156' title='bbox 1836 1256 1891 1281; x_wconf 81' lang='lat' dir='ltr'><strong>est.</strong></span> 
     </span>
    </p>
   </div>
   <div class='ocr_carea' id='block_1_8' title="bbox 132 1320 1914 1802">
    <p class='ocr_par' dir='ltr' id='par_1_14' title="bbox 132 1320 1914 1802">
     <span class='ocr_line' id='line_1_17' title="bbox 230 1320 1911 1360; baseline 0 -9"><span class='ocrx_word' id='word_1_157' title='bbox 230 1321 293 1351; x_wconf 86' lang='lat' dir='ltr'><strong>Hic</strong></span> <span class='ocrx_word' id='word_1_158' title='bbox 324 1329 442 1351; x_wconf 90' lang='lat' dir='ltr'><strong>versus</strong></span> <span class='ocrx_word' id='word_1_159' title='bbox 469 1329 569 1350; x_wconf 89' lang='lat' dir='ltr'><strong>sensu</strong></span> <span class='ocrx_word' id='word_1_160' title='bbox 595 1330 665 1352; x_wconf 89' lang='lat' dir='ltr'><strong>cum</strong></span> <span class='ocrx_word' id='word_1_161' title='bbox 694 1320 793 1360; x_wconf 90' lang='lat' dir='ltr'><strong>primo</strong></span> <span class='ocrx_word' id='word_1_162' title='bbox 820 1330 919 1351; x_wconf 83' lang='lat' dir='ltr'><strong>versu</strong></span> <span class='ocrx_word' id='word_1_163' title='bbox 947 1320 1108 1351; x_wconf 83' lang='lat' dir='ltr'>cohaeret.</span> <span class='ocrx_word' id='word_1_164' title='bbox 1137 1321 1273 1352; x_wconf 83' lang='lat' dir='ltr'><strong>Nomina</strong></span> <span class='ocrx_word' id='word_1_165' title='bbox 1300 1321 1352 1352; x_wconf 89' lang='lat' dir='ltr'><strong>illa</strong></span> <span class='ocrx_word' id='word_1_166' title='bbox 1378 1326 1433 1352; x_wconf 85' lang='lat' dir='ltr'><strong>aut</strong></span> <span class='ocrx_word' id='word_1_167' title='bbox 1462 1322 1564 1352; x_wconf 86' lang='lat' dir='ltr'><strong>valles</strong></span> <span class='ocrx_word' id='word_1_168' title='bbox 1591 1327 1644 1351; x_wconf 87' lang='lat' dir='ltr'><strong>aut</strong></span> <span class='ocrx_word' id='word_1_169' title='bbox 1672 1322 1740 1352; x_wconf 82' lang='lat' dir='ltr'><strong>loca</strong></span> <span class='ocrx_word' id='word_1_170' title='bbox 1766 1323 1796 1351; x_wconf 90' lang='lat' dir='ltr'><strong>in</strong></span> <span class='ocrx_word' id='word_1_171' title='bbox 1816 1322 1911 1352; x_wconf 78' lang='lat' dir='ltr'><strong>valli-</strong></span> 
     </span>
     <span class='ocr_line' id='line_1_18' title="bbox 132 1381 1911 1424; baseline 0.001 -12"><span class='ocrx_word' id='word_1_172' title='bbox 132 1382 189 1413; x_wconf 89' lang='lat' dir='ltr'><strong>bus</strong></span> <span class='ocrx_word' id='word_1_173' title='bbox 208 1382 271 1413; x_wconf 87' lang='lat' dir='ltr'><strong>sita</strong></span> <span class='ocrx_word' id='word_1_174' title='bbox 296 1382 488 1423; x_wconf 83' lang='lat' dir='ltr'><strong>significare,</strong></span> <span class='ocrx_word' id='word_1_175' title='bbox 516 1393 557 1412; x_wconf 86' lang='lat' dir='ltr'><strong>ex</strong></span> <span class='ocrx_word' id='word_1_176' title='bbox 585 1383 644 1413; x_wconf 91' lang='lat' dir='ltr'><strong>hoc</strong></span> <span class='ocrx_word' id='word_1_177' title='bbox 669 1393 767 1413; x_wconf 90' lang='lat' dir='ltr'><strong>versu</strong></span> <span class='ocrx_word' id='word_1_178' title='bbox 793 1384 1024 1424; x_wconf 85' lang='lat' dir='ltr'><strong>cognoscimus.</strong></span> <span class='ocrx_word' id='word_1_179' title='bbox 1054 1383 1258 1413; x_wconf 80' lang='lat' dir='ltr'><strong>Scholiastae</strong></span> <span class='ocrx_word' id='word_1_180' title='bbox 1276 1383 1408 1414; x_wconf 87' lang='lat' dir='ltr'><strong>verbum</strong></span> <span class='ocrx_word' id='word_1_181' title='bbox 1425 1381 1501 1420; x_wconf 45' lang='lat' dir='ltr'><strong>gath</strong></span> <span class='ocrx_word' id='word_1_182' title='bbox 1528 1385 1643 1414; x_wconf 87' lang='lat' dir='ltr'><strong>odores</strong></span> <span class='ocrx_word' id='word_1_183' title='bbox 1670 1385 1803 1424; x_wconf 84' lang='lat' dir='ltr'><strong>spirare,</strong></span> <span class='ocrx_word' id='word_1_184' title='bbox 1830 1394 1911 1424; x_wconf 84' lang='lat' dir='ltr'><strong>quos</strong></span> 
     </span>
     <span class='ocr_line' id='line_1_19' title="bbox 133 1445 1910 1487; baseline 0.002 -13"><span class='ocrx_word' id='word_1_185' title='bbox 133 1445 171 1475; x_wconf 91' lang='lat' dir='ltr'><strong>ob</strong></span> <span class='ocrx_word' id='word_1_186' title='bbox 201 1446 410 1484; x_wconf 85' lang='lat' dir='ltr'><strong>praesentiam</strong></span> <span class='ocrx_word' id='word_1_187' title='bbox 438 1445 574 1476; x_wconf 87' lang='lat' dir='ltr'><strong>feminae</strong></span> <span class='ocrx_word' id='word_1_188' title='bbox 600 1446 703 1476; x_wconf 89' lang='lat' dir='ltr'><strong>valles</strong></span> <span class='ocrx_word' id='word_1_189' title='bbox 731 1446 892 1486; x_wconf 80' lang='lat' dir='ltr'><strong>exhalent,</strong></span> <span class='ocrx_word' id='word_1_190' title='bbox 920 1446 1111 1487; x_wconf 79' lang='lat' dir='ltr'><strong>significare,</strong></span> <span class='ocrx_word' id='word_1_191' title='bbox 1134 1456 1151 1475; x_wconf 90' lang='lat' dir='ltr'><strong>e</strong></span> <span class='ocrx_word' id='word_1_192' title='bbox 1180 1446 1329 1475; x_wconf 86' lang='lat' dir='ltr'><strong>versibus</strong></span> <span class='ocrx_word' id='word_1_193' title='bbox 1358 1446 1484 1487; x_wconf 79' lang='lat' dir='ltr'><strong>adlatis,</strong></span> <span class='ocrx_word' id='word_1_194' title='bbox 1512 1447 1563 1485; x_wconf 90' lang='lat' dir='ltr'><strong>qui</strong></span> <span class='ocrx_word' id='word_1_195' title='bbox 1590 1447 1662 1477; x_wconf 88' lang='lat' dir='ltr'><strong>huic</strong></span> <span class='ocrx_word' id='word_1_196' title='bbox 1688 1447 1808 1477; x_wconf 79' lang='lat' dir='ltr'><strong>similes</strong></span> <span class='ocrx_word' id='word_1_197' title='bbox 1836 1449 1910 1483; x_wconf 86' lang='lat' dir='ltr'><strong>sint,</strong></span> 
     </span>
     <span class='ocr_line' id='line_1_20' title="bbox 135 1505 1911 1554; baseline 0.001 -15"><span class='ocrx_word' id='word_1_198' title='bbox 135 1508 288 1539; x_wconf 82' lang='lat' dir='ltr'><strong>coniicere</strong></span> <span class='ocrx_word' id='word_1_199' title='bbox 315 1508 396 1539; x_wconf 87' lang='lat' dir='ltr'><strong>licet.</strong></span> <span class='ocrx_word' id='word_1_200' title='bbox 450 1508 536 1538; x_wconf 89' lang='lat' dir='ltr'><strong>Unus</strong></span> <span class='ocrx_word' id='word_1_201' title='bbox 563 1513 615 1538; x_wconf 86' lang='lat' dir='ltr'><strong>est</strong></span> <span class='ocrx_word' id='word_1_202' title='bbox 640 1505 748 1551; x_wconf 81' lang='lat' dir='ltr'><strong>(metr.</strong></span> <span class='ocrx_word' id='word_1_203' title='bbox 775 1505 972 1550; x_wconf 77' lang='lat' dir='ltr'><strong>Monsarili):</strong></span> <span class='ocrx_word' id='word_1_204' title='bbox 1000 1508 1177 1538; x_wconf 82' lang='lat' dir='ltr'><strong>Odorem</strong></span> <span class='ocrx_word' id='word_1_205' title='bbox 1215 1517 1331 1538; x_wconf 88' lang='lat' dir='ltr'><strong>suum</strong></span> <span class='ocrx_word' id='word_1_206' title='bbox 1360 1509 1492 1539; x_wconf 86' lang='lat' dir='ltr'><strong>terris</strong></span> <span class='ocrx_word' id='word_1_207' title='bbox 1520 1511 1637 1548; x_wconf 88' lang='lat' dir='ltr'><strong>(Mers.</strong></span> <span class='ocrx_word' id='word_1_208' title='bbox 1665 1507 1763 1554; x_wconf 35' lang='lat' dir='ltr'><strong>&amp;ethii</strong></span> <span class='ocrx_word' id='word_1_209' title='bbox 1791 1511 1911 1550; x_wconf 85' lang='lat' dir='ltr'><strong>hortis)</strong></span> 
     </span>
     <span class='ocr_line' id='line_1_21' title="bbox 134 1569 1912 1616; baseline 0.002 -16"><span class='ocrx_word' id='word_1_210' title='bbox 134 1569 218 1608; x_wconf 84' lang='lat' dir='ltr'><strong>(ubi</strong></span> <span class='ocrx_word' id='word_1_211' title='bbox 252 1572 558 1610; x_wconf 81' lang='lat' dir='ltr'><strong>commoratur)</strong></span> <span class='ocrx_word' id='word_1_212' title='bbox 595 1571 846 1609; x_wconf 81' lang='lat' dir='ltr'><strong>committit3</strong></span> <span class='ocrx_word' id='word_1_213' title='bbox 881 1571 950 1600; x_wconf 90' lang='lat' dir='ltr'><strong>sed</strong></span> <span class='ocrx_word' id='word_1_214' title='bbox 986 1570 1200 1609; x_wconf 86' lang='lat' dir='ltr'><strong>temporis</strong></span> <span class='ocrx_word' id='word_1_215' title='bbox 1242 1570 1430 1601; x_wconf 88' lang='lat' dir='ltr'><strong>decursu</strong></span> <span class='ocrx_word' id='word_1_216' title='bbox 1470 1573 1563 1601; x_wconf 90' lang='lat' dir='ltr'><strong>eius</strong></span> <span class='ocrx_word' id='word_1_217' title='bbox 1598 1570 1767 1614; x_wconf 82' lang='lat' dir='ltr'><strong>(terrae)</strong></span> <span class='ocrx_word' id='word_1_218' title='bbox 1792 1570 1912 1616; x_wconf 87' lang='lat' dir='ltr'><strong>(quae</strong></span> 
     </span>
     <span class='ocr_line' id='line_1_22' title="bbox 134 1631 1914 1677; baseline 0.002 -16"><span class='ocrx_word' id='word_1_219' title='bbox 134 1632 261 1664; x_wconf 84' lang='lat' dir='ltr'><strong>aliter</strong></span> <span class='ocrx_word' id='word_1_220' title='bbox 288 1635 473 1671; x_wconf 82' lang='lat' dir='ltr'><strong>tempore</strong></span> <span class='ocrx_word' id='word_1_221' title='bbox 500 1633 813 1671; x_wconf 83' lang='lat' dir='ltr'><strong>deminuuntur)</strong></span> <span class='ocrx_word' id='word_1_222' title='bbox 848 1633 1107 1663; x_wconf 88' lang='lat' dir='ltr'><strong>odoramenta</strong></span> <span class='ocrx_word' id='word_1_223' title='bbox 1135 1637 1338 1674; x_wconf 83' lang='lat' dir='ltr'><strong>augentur</strong></span> <span class='ocrx_word' id='word_1_224' title='bbox 1364 1633 1444 1663; x_wconf 88' lang='lat' dir='ltr'><strong>alter</strong></span> <span class='ocrx_word' id='word_1_225' title='bbox 1469 1643 1625 1674; x_wconf 86' lang='lat' dir='ltr'><strong>sequens:</strong></span> <span class='ocrx_word' id='word_1_226' title='bbox 1652 1631 1754 1677; x_wconf 86' lang='lat' dir='ltr'><strong>(metr.</strong></span> <span class='ocrx_word' id='word_1_227' title='bbox 1775 1633 1914 1677; x_wconf 87' lang='lat' dir='ltr'><strong>Thawil)</strong></span> 
     </span>
     <span class='ocr_line' id='line_1_23' title="bbox 135 1694 1912 1735; baseline 0.001 -10"><span class='ocrx_word' id='word_1_228' title='bbox 135 1694 273 1727; x_wconf 85' lang='lat' dir='ltr'><strong>Vallis</strong></span> <span class='ocrx_word' id='word_1_229' title='bbox 313 1695 498 1726; x_wconf 80' lang='lat' dir='ltr'><strong>Nahman</strong></span> <span class='ocrx_word' id='word_1_230' title='bbox 536 1696 663 1725; x_wconf 88' lang='lat' dir='ltr'><strong>musci</strong></span> <span class='ocrx_word' id='word_1_231' title='bbox 702 1695 852 1725; x_wconf 87' lang='lat' dir='ltr'><strong>odores</strong></span> <span class='ocrx_word' id='word_1_232' title='bbox 891 1695 1091 1735; x_wconf 83' lang='lat' dir='ltr'><strong>diffudit,</strong></span> <span class='ocrx_word' id='word_1_233' title='bbox 1133 1695 1239 1734; x_wconf 88' lang='lat' dir='ltr'><strong>quod</strong></span> <span class='ocrx_word' id='word_1_234' title='bbox 1279 1696 1468 1726; x_wconf 83' lang='lat' dir='ltr'><strong>Sainaba</strong></span> <span class='ocrx_word' id='word_1_235' title='bbox 1493 1706 1577 1727; x_wconf 83' lang='lat' dir='ltr'><strong>cum</strong></span> <span class='ocrx_word' id='word_1_236' title='bbox 1614 1696 1786 1727; x_wconf 85' lang='lat' dir='ltr'><strong>feminis</strong></span> <span class='ocrx_word' id='word_1_237' title='bbox 1813 1697 1912 1727; x_wconf 84' lang='lat' dir='ltr'><strong>fra-</strong></span> 
     </span>
     <span class='ocr_line' id='line_1_24' title="bbox 134 1756 937 1802; baseline 0.001 -16"><span class='ocrx_word' id='word_1_238' title='bbox 134 1757 361 1797; x_wconf 83' lang='lat' dir='ltr'><strong>grantibus</strong></span> <span class='ocrx_word' id='word_1_239' title='bbox 381 1758 499 1796; x_wconf 83' lang='lat' dir='ltr'><strong>(Mers.</strong></span> <span class='ocrx_word' id='word_1_240' title='bbox 527 1756 652 1802; x_wconf 48' lang='grc' dir='ltr'><strong>ωἱρὶῷ)</strong></span> <span class='ocrx_word' id='word_1_241' title='bbox 679 1757 734 1789; x_wconf 78' lang='lat' dir='ltr'><strong>ibi</strong></span> <span class='ocrx_word' id='word_1_242' title='bbox 761 1757 937 1788; x_wconf 85' lang='lat' dir='ltr'><strong>incedit.</strong></span> 
     </span>
    </p>
   </div>
   <div class='ocr_carea' id='block_1_9' title="bbox 849 1884 1199 1985">
    <p class='ocr_par' dir='ltr' id='par_1_15' title="bbox 849 1884 1199 1985">
     <span class='ocr_line' id='line_1_25' title="bbox 946 1884 1100 1917; baseline -0.006 -1"><span class='ocrx_word' id='word_1_243' title='bbox 946 1884 1100 1917; x_wconf 61' lang='grc' dir='ltr'><strong>ΚΕΗ.</strong></span> 
     </span>
     <span class='ocr_line' id='line_1_26' title="bbox 849 1949 1199 1985; baseline 0.003 -2"><span class='ocrx_word' id='word_1_244' title='bbox 849 1949 1032 1984; x_wconf 72' lang='lat' dir='ltr'><strong>Nozaih</strong></span> <span class='ocrx_word' id='word_1_245' title='bbox 1065 1951 1199 1985; x_wconf 74' lang='lat' dir='ltr'><strong>dixit.</strong></span> 
     </span>
    </p>
   </div>
   <div class='ocr_carea' id='block_1_10' title="bbox 136 2030 1913 2635">
    <p class='ocr_par' dir='ltr' id='par_1_16' title="bbox 136 2030 1913 2635">
     <span class='ocr_line' id='line_1_27' title="bbox 234 2030 1913 2071; baseline 0.002 -10"><span class='ocrx_word' id='word_1_246' title='bbox 234 2033 359 2062; x_wconf 89' lang='lat' dir='ltr'><strong>Nomen</strong></span> <span class='ocrx_word' id='word_1_247' title='bbox 387 2033 614 2063; x_wconf 85' lang='lat' dir='ltr'><strong>deminutivum</strong></span> <span class='ocrx_word' id='word_1_248' title='bbox 644 2038 698 2063; x_wconf 88' lang='lat' dir='ltr'><strong>aut</strong></span> <span class='ocrx_word' id='word_1_249' title='bbox 724 2034 812 2064; x_wconf 89' lang='lat' dir='ltr'><strong>vocis</strong></span> <span class='ocrx_word' id='word_1_250' title='bbox 839 2030 926 2071; x_wconf 33' lang='lat' dir='ltr'><strong>..moli</strong></span> <span class='ocrx_word' id='word_1_251' title='bbox 954 2040 1009 2064; x_wconf 90' lang='lat' dir='ltr'><strong>aut</strong></span> <span class='ocrx_word' id='word_1_252' title='bbox 1036 2035 1123 2065; x_wconf 80' lang='lat' dir='ltr'><strong>vocis</strong></span> <span class='ocrx_word' id='word_1_253' title='bbox 1150 2047 1255 2068; x_wconf 50' lang='lat' dir='ltr'><strong>„av-2³.</strong></span> <span class='ocrx_word' id='word_1_254' title='bbox 1295 2041 1387 2066; x_wconf 85' lang='lat' dir='ltr'><strong>antea</strong></span> <span class='ocrx_word' id='word_1_255' title='bbox 1414 2036 1535 2065; x_wconf 89' lang='lat' dir='ltr'><strong>nomine</strong></span> <span class='ocrx_word' id='word_1_256' title='bbox 1564 2046 1604 2066; x_wconf 83' lang='lat' dir='ltr'><strong>ex</strong></span> <span class='ocrx_word' id='word_1_257' title='bbox 1633 2036 1755 2066; x_wconf 89' lang='lat' dir='ltr'><strong>nomine</strong></span> <span class='ocrx_word' id='word_1_258' title='bbox 1783 2036 1913 2066; x_wconf 84' lang='lat' dir='ltr'><strong>actionis</strong></span> 
     </span>
     <span class='ocr_line' id='line_1_28' title="bbox 140 2095 1913 2139; baseline 0.001 -14"><span class='ocrx_word' id='word_1_259' title='bbox 140 2095 235 2135; x_wconf 82' lang='lat' dir='ltr'><strong>facto,</strong></span> <span class='ocrx_word' id='word_1_260' title='bbox 263 2104 336 2126; x_wconf 86' lang='lat' dir='ltr'><strong>esse</strong></span> <span class='ocrx_word' id='word_1_261' title='bbox 363 2096 552 2126; x_wconf 79' lang='lat' dir='ltr'><strong>scholiastes</strong></span> <span class='ocrx_word' id='word_1_262' title='bbox 575 2096 748 2126; x_wconf 86' lang='lat' dir='ltr'><strong>adnotavit.</strong></span> <span class='ocrx_word' id='word_1_263' title='bbox 815 2097 860 2127; x_wconf 87' lang='lat' dir='ltr'><strong>De</strong></span> <span class='ocrx_word' id='word_1_264' title='bbox 887 2107 1007 2138; x_wconf 84' lang='lat' dir='ltr'><strong>genere</strong></span> <span class='ocrx_word' id='word_1_265' title='bbox 1033 2107 1092 2127; x_wconf 88' lang='lat' dir='ltr'><strong>suo</strong></span> <span class='ocrx_word' id='word_1_266' title='bbox 1119 2097 1192 2129; x_wconf 83' lang='lat' dir='ltr'><strong>talia</strong></span> <span class='ocrx_word' id='word_1_267' title='bbox 1217 2097 1326 2129; x_wconf 81' lang='lat' dir='ltr'><strong>refert.</strong></span> <span class='ocrx_word' id='word_1_268' title='bbox 1379 2097 1457 2127; x_wconf 80' lang='lat' dir='ltr'><strong>Eum</strong></span> <span class='ocrx_word' id='word_1_269' title='bbox 1485 2107 1612 2127; x_wconf 83' lang='lat' dir='ltr'><strong>servum</strong></span> <span class='ocrx_word' id='word_1_270' title='bbox 1638 2100 1762 2139; x_wconf 85' lang='lat' dir='ltr'><strong>nigrum</strong></span> <span class='ocrx_word' id='word_1_271' title='bbox 1789 2098 1913 2128; x_wconf 88' lang='lat' dir='ltr'><strong>incolae</strong></span> 
     </span>
     <span class='ocr_line' id='line_1_29' title="bbox 139 2158 1911 2200; baseline 0.001 -13"><span class='ocrx_word' id='word_1_272' title='bbox 139 2159 278 2199; x_wconf 86' lang='lat' dir='ltr'><strong>regionis</strong></span> <span class='ocrx_word' id='word_1_273' title='bbox 315 2158 543 2188; x_wconf 62' lang='lat' dir='ltr'><strong>Wadi-FKora</strong></span> <span class='ocrx_word' id='word_1_274' title='bbox 577 2159 677 2196; x_wconf 80' lang='lat' dir='ltr'><strong>(conf.</strong></span> <span class='ocrx_word' id='word_1_275' title='bbox 720 2159 826 2190; x_wconf 80' lang='lat' dir='ltr'><strong>Abulf.</strong></span> <span class='ocrx_word' id='word_1_276' title='bbox 865 2159 970 2200; x_wconf 87' lang='lat' dir='ltr'><strong>Geog.</strong></span> <span class='ocrx_word' id='word_1_277' title='bbox 1005 2169 1034 2198; x_wconf 91' lang='lat' dir='ltr'><strong>p.</strong></span> <span class='ocrx_word' id='word_1_278' title='bbox 1061 2161 1104 2199; x_wconf 65' lang='lat' dir='ltr'><strong>w)</strong></span> <span class='ocrx_word' id='word_1_279' title='bbox 1131 2160 1242 2199; x_wconf 84' lang='lat' dir='ltr'><strong>fuisse,</strong></span> <span class='ocrx_word' id='word_1_280' title='bbox 1269 2160 1319 2198; x_wconf 86' lang='lat' dir='ltr'><strong>qui</strong></span> <span class='ocrx_word' id='word_1_281' title='bbox 1347 2159 1518 2190; x_wconf 84' lang='lat' dir='ltr'><strong>constituto</strong></span> <span class='ocrx_word' id='word_1_282' title='bbox 1546 2160 1647 2199; x_wconf 88' lang='lat' dir='ltr'><strong>pretio</strong></span> <span class='ocrx_word' id='word_1_283' title='bbox 1675 2170 1712 2190; x_wconf 88' lang='lat' dir='ltr'><strong>se</strong></span> <span class='ocrx_word' id='word_1_284' title='bbox 1739 2161 1840 2199; x_wconf 87' lang='lat' dir='ltr'><strong>ipsum</strong></span> <span class='ocrx_word' id='word_1_285' title='bbox 1869 2170 1911 2189; x_wconf 84' lang='lat' dir='ltr'><strong>ex</strong></span> 
     </span>
     <span class='ocr_line' id='line_1_30' title="bbox 137 2220 1911 2261; baseline 0.001 -12"><span class='ocrx_word' id='word_1_286' title='bbox 137 2220 294 2250; x_wconf 87' lang='lat' dir='ltr'><strong>servitute</strong></span> <span class='ocrx_word' id='word_1_287' title='bbox 322 2220 524 2250; x_wconf 84' lang='lat' dir='ltr'><strong>liberaturum</strong></span> <span class='ocrx_word' id='word_1_288' title='bbox 555 2229 628 2250; x_wconf 85' lang='lat' dir='ltr'><strong>esse</strong></span> <span class='ocrx_word' id='word_1_289' title='bbox 655 2222 866 2260; x_wconf 86' lang='lat' dir='ltr'><strong>promisisset.</strong></span> <span class='ocrx_word' id='word_1_290' title='bbox 925 2222 986 2260; x_wconf 85' lang='lat' dir='ltr'><strong>Qui</strong></span> <span class='ocrx_word' id='word_1_291' title='bbox 1016 2232 1110 2261; x_wconf 89' lang='lat' dir='ltr'><strong>quum</strong></span> <span class='ocrx_word' id='word_1_292' title='bbox 1138 2223 1176 2253; x_wconf 90' lang='lat' dir='ltr'><strong>ad</strong></span> <span class='ocrx_word' id='word_1_293' title='bbox 1204 2222 1328 2252; x_wconf 86' lang='lat' dir='ltr'><strong>Ahbd-</strong></span> <span class='ocrx_word' id='word_1_294' title='bbox 1345 2222 1525 2253; x_wconf 82' lang='lat' dir='ltr'><strong>Alahsisum</strong></span> <span class='ocrx_word' id='word_1_295' title='bbox 1553 2224 1579 2253; x_wconf 91' lang='lat' dir='ltr'><strong>b.</strong></span> <span class='ocrx_word' id='word_1_296' title='bbox 1609 2224 1752 2253; x_wconf 84' lang='lat' dir='ltr'><strong>Merwan</strong></span> <span class='ocrx_word' id='word_1_297' title='bbox 1779 2223 1911 2251; x_wconf 81' lang='lat' dir='ltr'><strong>veniens</strong></span> 
     </span>
     <span class='ocr_line' id='line_1_31' title="bbox 136 2283 1908 2325; baseline 0.001 -13"><span class='ocrx_word' id='word_1_298' title='bbox 136 2292 254 2312; x_wconf 86' lang='lat' dir='ltr'><strong>versus</strong></span> <span class='ocrx_word' id='word_1_299' title='bbox 303 2283 490 2323; x_wconf 79' lang='lat' dir='ltr'><strong>recitasset,</strong></span> <span class='ocrx_word' id='word_1_300' title='bbox 537 2293 607 2313; x_wconf 90' lang='lat' dir='ltr'><strong>eum</strong></span> <span class='ocrx_word' id='word_1_301' title='bbox 646 2286 744 2322; x_wconf 88' lang='lat' dir='ltr'><strong>pretio</strong></span> <span class='ocrx_word' id='word_1_302' title='bbox 795 2284 868 2314; x_wconf 82' lang='lat' dir='ltr'><strong>dato</strong></span> <span class='ocrx_word' id='word_1_303' title='bbox 909 2285 947 2314; x_wconf 84' lang='lat' dir='ltr'><strong>ab</strong></span> <span class='ocrx_word' id='word_1_304' title='bbox 984 2285 1042 2314; x_wconf 90' lang='lat' dir='ltr'><strong>hoc</strong></span> <span class='ocrx_word' id='word_1_305' title='bbox 1083 2284 1254 2315; x_wconf 86' lang='lat' dir='ltr'><strong>redemtum</strong></span> <span class='ocrx_word' id='word_1_306' title='bbox 1291 2294 1367 2314; x_wconf 86' lang='lat' dir='ltr'><strong>esse</strong></span> <span class='ocrx_word' id='word_1_307' title='bbox 1403 2289 1434 2316; x_wconf 88' lang='lat' dir='ltr'><strong>et</strong></span> <span class='ocrx_word' id='word_1_308' title='bbox 1471 2286 1600 2325; x_wconf 87' lang='lat' dir='ltr'><strong>insuper</strong></span> <span class='ocrx_word' id='word_1_309' title='bbox 1635 2285 1715 2315; x_wconf 91' lang='lat' dir='ltr'><strong>dono</strong></span> <span class='ocrx_word' id='word_1_310' title='bbox 1749 2285 1908 2315; x_wconf 82' lang='lat' dir='ltr'><strong>donatum.</strong></span> 
     </span>
     <span class='ocr_line' id='line_1_32' title="bbox 137 2345 1908 2388; baseline 0.001 -14"><span class='ocrx_word' id='word_1_311' title='bbox 137 2345 262 2374; x_wconf 86' lang='lat' dir='ltr'><strong>Versus</strong></span> <span class='ocrx_word' id='word_1_312' title='bbox 290 2351 393 2375; x_wconf 87' lang='lat' dir='ltr'><strong>autem</strong></span> <span class='ocrx_word' id='word_1_313' title='bbox 420 2350 595 2384; x_wconf 82' lang='lat' dir='ltr'><strong>sequentes</strong></span> <span class='ocrx_word' id='word_1_314' title='bbox 623 2351 715 2377; x_wconf 87' lang='lat' dir='ltr'><strong>sunt:</strong></span> <span class='ocrx_word' id='word_1_315' title='bbox 743 2347 848 2384; x_wconf 87' lang='lat' dir='ltr'><strong>(metr.</strong></span> <span class='ocrx_word' id='word_1_316' title='bbox 882 2345 1078 2383; x_wconf 86' lang='lat' dir='ltr'><strong>Motakarib)</strong></span> <span class='ocrx_word' id='word_1_317' title='bbox 1108 2345 1219 2375; x_wconf 88' lang='lat' dir='ltr'><strong>Ahbd</strong></span> <span class='ocrx_word' id='word_1_318' title='bbox 1240 2362 1258 2367; x_wconf 97' lang='lat'>-</span> <span class='ocrx_word' id='word_1_319' title='bbox 1281 2346 1455 2377; x_wconf 79' lang='lat' dir='ltr'><strong>Alalisis</strong></span> <span class='ocrx_word' id='word_1_320' title='bbox 1468 2357 1511 2378; x_wconf 90' lang='lat' dir='ltr'><strong>us</strong></span> <span class='ocrx_word' id='word_1_321' title='bbox 1549 2348 1584 2376; x_wconf 87' lang='lat' dir='ltr'><strong>in</strong></span> <span class='ocrx_word' id='word_1_322' title='bbox 1612 2351 1771 2388; x_wconf 87' lang='lat' dir='ltr'><strong>gentem</strong></span> <span class='ocrx_word' id='word_1_323' title='bbox 1798 2355 1908 2375; x_wconf 89' lang='lat' dir='ltr'><strong>suam</strong></span> 
     </span>
     <span class='ocr_line' id='line_1_33' title="bbox 138 2407 1909 2449; baseline 0.001 -13"><span class='ocrx_word' id='word_1_324' title='bbox 138 2407 330 2445; x_wconf 82' lang='lat' dir='ltr'><strong>aliosque</strong></span> <span class='ocrx_word' id='word_1_325' title='bbox 376 2407 595 2438; x_wconf 82' lang='lat' dir='ltr'><strong>beneficia</strong></span> <span class='ocrx_word' id='word_1_326' title='bbox 642 2418 781 2449; x_wconf 87' lang='lat' dir='ltr'><strong>magna</strong></span> <span class='ocrx_word' id='word_1_327' title='bbox 818 2410 1003 2439; x_wconf 89' lang='lat' dir='ltr'><strong>contulit.</strong></span> <span class='ocrx_word' id='word_1_328' title='bbox 1062 2408 1112 2437; x_wconf 82' lang='lat' dir='ltr'><strong>Et</strong></span> <span class='ocrx_word' id='word_1_329' title='bbox 1150 2413 1271 2447; x_wconf 87' lang='lat' dir='ltr'><strong>porta</strong></span> <span class='ocrx_word' id='word_1_330' title='bbox 1314 2414 1384 2439; x_wconf 90' lang='lat' dir='ltr'><strong>tua</strong></span> <span class='ocrx_word' id='word_1_331' title='bbox 1433 2409 1658 2440; x_wconf 84' lang='lat' dir='ltr'><strong>lenissima</strong></span> <span class='ocrx_word' id='word_1_332' title='bbox 1692 2412 1909 2447; x_wconf 72' lang='lat' dir='ltr'><strong>portarurn</strong></span> 
     </span>
     <span class='ocr_line' id='line_1_34' title="bbox 138 2468 1910 2511; baseline 0.002 -15"><span class='ocrx_word' id='word_1_333' title='bbox 138 2477 278 2497; x_wconf 89' lang='lat' dir='ltr'><strong>eorum</strong></span> <span class='ocrx_word' id='word_1_334' title='bbox 306 2473 346 2497; x_wconf 87' lang='lat' dir='ltr'><strong>et</strong></span> <span class='ocrx_word' id='word_1_335' title='bbox 373 2468 506 2498; x_wconf 85' lang='lat' dir='ltr'><strong>domus</strong></span> <span class='ocrx_word' id='word_1_336' title='bbox 535 2474 608 2499; x_wconf 86' lang='lat' dir='ltr'><strong>tua</strong></span> <span class='ocrx_word' id='word_1_337' title='bbox 634 2471 750 2500; x_wconf 87' lang='lat' dir='ltr'><strong>culta</strong></span> <span class='ocrx_word' id='word_1_338' title='bbox 777 2475 816 2500; x_wconf 84' lang='lat' dir='ltr'><strong>et</strong></span> <span class='ocrx_word' id='word_1_339' title='bbox 842 2471 1037 2501; x_wconf 83' lang='lat' dir='ltr'><strong>habitata</strong></span> <span class='ocrx_word' id='word_1_340' title='bbox 1065 2475 1141 2500; x_wconf 88' lang='lat' dir='ltr'><strong>est.</strong></span> <span class='ocrx_word' id='word_1_341' title='bbox 1195 2470 1323 2501; x_wconf 86' lang='lat' dir='ltr'><strong>Canis</strong></span> <span class='ocrx_word' id='word_1_342' title='bbox 1352 2475 1446 2500; x_wconf 85' lang='lat' dir='ltr'><strong>tuus</strong></span> <span class='ocrx_word' id='word_1_343' title='bbox 1473 2471 1604 2511; x_wconf 86' lang='lat' dir='ltr'><strong>magis</strong></span> <span class='ocrx_word' id='word_1_344' title='bbox 1631 2468 1910 2499; x_wconf 81' lang='lat' dir='ltr'><strong>adsuefactus</strong></span> 
     </span>
     <span class='ocr_line' id='line_1_35' title="bbox 138 2529 1910 2572; baseline 0.002 -15"><span class='ocrx_word' id='word_1_345' title='bbox 138 2535 203 2560; x_wconf 85' lang='lat' dir='ltr'><strong>est</strong></span> <span class='ocrx_word' id='word_1_346' title='bbox 229 2529 437 2560; x_wconf 86' lang='lat' dir='ltr'><strong>beneficia</strong></span> <span class='ocrx_word' id='word_1_347' title='bbox 464 2532 711 2569; x_wconf 84' lang='lat' dir='ltr'><strong>petentibus</strong></span> <span class='ocrx_word' id='word_1_348' title='bbox 739 2542 853 2572; x_wconf 89' lang='lat' dir='ltr'><strong>quam</strong></span> <span class='ocrx_word' id='word_1_349' title='bbox 880 2536 1008 2563; x_wconf 85' lang='lat' dir='ltr'><strong>mater</strong></span> <span class='ocrx_word' id='word_1_350' title='bbox 1035 2532 1151 2562; x_wconf 88' lang='lat' dir='ltr'><strong>filiae</strong></span> <span class='ocrx_word' id='word_1_351' title='bbox 1177 2541 1279 2562; x_wconf 88' lang='lat' dir='ltr'><strong>suae</strong></span> <span class='ocrx_word' id='word_1_352' title='bbox 1307 2532 1528 2562; x_wconf 85' lang='lat' dir='ltr'><strong>visitatum</strong></span> <span class='ocrx_word' id='word_1_353' title='bbox 1555 2531 1759 2563; x_wconf 76' lang='lat' dir='ltr'><strong>venienti.</strong></span> <span class='ocrx_word' id='word_1_354' title='bbox 1787 2531 1910 2560; x_wconf 85' lang='lat' dir='ltr'><strong>Tuum</strong></span> 
     </span>
     <span class='ocr_line' id='line_1_36' title="bbox 139 2591 1911 2635; baseline 0.002 -15"><span class='ocrx_word' id='word_1_355' title='bbox 139 2596 206 2621; x_wconf 88' lang='lat' dir='ltr'><strong>est</strong></span> <span class='ocrx_word' id='word_1_356' title='bbox 233 2591 336 2622; x_wconf 87' lang='lat' dir='ltr'><strong>dona</strong></span> <span class='ocrx_word' id='word_1_357' title='bbox 371 2592 490 2633; x_wconf 86' lang='lat' dir='ltr'><strong>dare,</strong></span> <span class='ocrx_word' id='word_1_358' title='bbox 531 2599 714 2624; x_wconf 83' lang='lat' dir='ltr'><strong>nostrum</strong></span> <span class='ocrx_word' id='word_1_359' title='bbox 743 2594 921 2625; x_wconf 86' lang='lat' dir='ltr'><strong>laudare</strong></span> <span class='ocrx_word' id='word_1_360' title='bbox 947 2594 1050 2625; x_wconf 90' lang='lat' dir='ltr'><strong>omni</strong></span> <span class='ocrx_word' id='word_1_361' title='bbox 1077 2594 1298 2635; x_wconf 83' lang='lat' dir='ltr'><strong>(carmine)</strong></span> <span class='ocrx_word' id='word_1_362' title='bbox 1334 2595 1508 2635; x_wconf 89' lang='lat' dir='ltr'><strong>pulchro</strong></span> <span class='ocrx_word' id='word_1_363' title='bbox 1534 2592 1807 2634; x_wconf 80' lang='lat' dir='ltr'><strong>vulgatoque.</strong></span> <span class='ocrx_word' id='word_1_364' title='bbox 1864 2595 1911 2624; x_wconf 86' lang='lat' dir='ltr'><strong>De</strong></span> 
     </span>
    </p>
   </div>
  </div>
 </body>
</html>
