2155 2892
883 128 1154 160 —660—

127 227 245 257 Vei-sk.
282 236 312 266 p.
339 226 420 256 244.
480 225 553 256 Duo
588 230 692 256 autem
726 225 848 264 priores
876 235 993 257 versus
1020 226 1082 256 fine
1109 227 1299 259 hemistichii
1328 229 1441 268 prioris
1476 230 1589 269 pedem
1617 228 1741 275 Obici-5
1768 230 1916 273 (-„.....)

124 290 194 319 ibid.
221 299 249 328 p.
279 289 324 318 75
352 288 481 329 habent,
509 289 610 328 qualis
639 289 669 318 in
695 288 757 318 fine
784 290 971 328 posterioris
999 289 1191 322 hemistichii
1218 293 1338 331 primae
1365 294 1487 332 speciei
1516 296 1682 333 reperitur.
1710 295 1790 325 Fine
1807 302 1915 328 autem

124 351 237 390 prioris
265 350 453 380 hemistichii
486 351 632 381 vocalem
667 352 831 390 supprimi,
858 351 981 381 nonnisi
1017 353 1047 381 in
1076 354 1268 384 carminibus
1306 355 1487 384 recentibus
1516 355 1764 396 vulgaribusque
1798 358 1915 388 licitum

123 412 265 445 habetur,
316 413 364 442 De
391 417 492 442 metro
522 412 668 443 conferas
696 414 762 444 libr.
799 424 898 445 meum
927 415 1075 445 Darstell.
1104 415 1133 444 d.
1161 416 1217 444 Ar.
1247 417 1434 447 Verskunst
1463 428 1492 457 p.
1522 418 1603 447 252.
1659 417 1796 448 Gentem
1824 429 1916 450 suam

123 474 289 504 laudatura
318 473 465 504 feminam
495 475 746 515 interrogantem
771 475 904 514 induxit,
926 477 975 507 ubi
1004 477 1106 517 gloria
1132 476 1243 507 sedem
1271 478 1397 509 habeat.
1426 480 1645 522 Interrogandi
1669 482 1768 511 verba
1796 482 1915 513 omissa

119 546 160 566 ex
188 545 344 575 responso
372 537 521 576 cognosci
549 541 692 577 possunt,
709 547 778 567 nam
806 538 835 567 in
863 547 921 568 sua
951 544 1050 579 gente
1077 539 1199 579 gloriae
1227 540 1375 578 antiquae
1390 541 1498 572 sedem
1527 553 1603 572 esse
1632 543 1718 573 dicit.
1746 543 1915 574 Machsum

119 608 193 638 pars
223 601 330 639 gentis
359 599 516 629 Koraisch
544 605 607 635 est,
637 601 726 630 cuius
756 601 845 641 origo
877 601 916 630 ad
945 601 1087 631 Calibum
1116 602 1212 632 filium
1241 603 1333 633 Lewi
1363 602 1416 632 filii
1445 603 1568 634 Ghaleb
1595 605 1770 635 descendit.
1824 605 1915 637 Gens

118 661 217 699 Taim,
235 662 351 701 quippe
380 672 471 701 quam
500 669 595 703 poeta
626 664 759 695 laudans
787 665 878 695 simul
907 666 1128 704 appellaverit,
1145 667 1415 706 gentiMachsum
1444 673 1583 707 cognata
1608 669 1662 709 sit,
1687 678 1825 698 necesse
1852 674 1913 699 est.

118 724 151 752 In
179 724 285 754 tabula
314 725 526 766 genealogiae
554 729 658 766 gentis
686 727 841 756 Koraisch
870 727 1112 764 (Ebn—Kotaib
1143 737 1172 766 p.
1202 728 1278 767 67.)
1306 728 1449 758 Taimum
1481 728 1611 757 fratrem
1639 729 1742 759 Lewii
1770 730 1915 769 adpella-

119 791 181 817 tum
210 788 403 825 invenimus;
431 788 489 817 sed
519 790 547 817 in
576 789 708 818 Kamusi
736 798 832 828 opere
863 790 1007 819 Taimum
1037 789 1130 820 filium
1159 790 1300 820 Mon-ahi
1328 790 1430 820 fuisse
1459 796 1491 820 et
1524 790 1758 821 Abu-Beatum
1784 802 1825 821 ex
1852 792 1913 822 ista

118 854 214 890 gente
242 850 406 880 oriundum
435 851 582 891 legimus.
636 851 670 880 In
698 852 841 881 secundo
872 861 968 882 versu
996 853 1104 892 gentis
1139 852 1287 882 fortitudo
1317 852 1519 882 describitur.
1572 853 1698 882 Arabes
1726 853 1847 882 nobiles
1882 854 1912 883 in

120 913 236 952 pugnis
264 913 353 951 equis
388 913 463 942 vehi
490 914 620 943 scimus.
686 914 798 952 Equus
826 919 930 944 autem
960 915 1030 954 pilis
1059 915 1205 945 tenuibus
1233 915 1458 954 brevibusque,
1488 920 1521 945 ut
1549 915 1660 956 glaber
1686 915 1740 954 sit,
1768 925 1826 945 nec
1852 926 1913 946 non

123 974 219 1014 longo
246 973 409 1012 praeditus
438 974 534 1003 dorso
563 984 741 1014 generosus
769 980 829 1003 est.
859 975 960 1005 conf.
988 976 1080 1005 Ham.
1109 979 1153 1006 ΓΜ
1181 988 1211 1007 V.
1240 977 1272 1008 3.
1298 980 1341 1008 ‘iio
1369 988 1401 1008 v.
1435 979 1463 1008 1.
1492 981 1550 1008 »11⁸0
1577 988 1610 1012 V.
1630 979 1661 1011 4,
1689 977 1912 1008 Ebu-Doraidi

116 1037 265 1065 Makzur.
295 1046 325 1065 v.
355 1037 411 1069 80,
463 1037 545 1066 Cum
572 1037 746 1066 scholiaste
774 1038 901 1078 longum
930 1037 1056 1068 dorsum
1085 1039 1167 1070 haud
1196 1040 1317 1071 laudari
1345 1041 1473 1071 dicente
1500 1051 1560 1070 non
1589 1040 1766 1080 consentio,
1794 1041 1912 1080 quippe

115 1100 208 1139 longo
237 1099 331 1128 dorso
368 1100 543 1139 amplisque
578 1100 728 1139 passibus
767 1109 883 1129 cursus
910 1102 1058 1131 celeritas
1099 1102 1278 1132 adiuvetur.
1343 1103 1532 1133 Sententiae
1570 1103 1767 1133 scholiastae
1810 1105 1912 1133 nostri

117 1162 336 1191 Ebu-Doraidi
365 1162 456 1191 locus
479 1166 646 1203 repugnat.
676 1163 797 1202 Equum
822 1169 928 1193 autem
956 1169 1073 1194 terram
1101 1165 1246 1195 celeriter
1273 1169 1507 1204 percurrentem
1527 1174 1599 1195 cum
1619 1166 1749 1194 lanceae
1778 1164 1913 1205 cuspide

115 1230 284 1264 comparat.
338 1226 426 1255 Loco
454 1226 545 1255 vocis
573 1227 679 1271 „4⁴22ae
713 1227 830 1267 legitur
866 1236 992 1266 quoque
1028 1238 1132 1273 ffima
1166 1224 1393 1269 (extenuatus)
1459 1226 1560 1265 Quum
1587 1235 1721 1257 crassus
1755 1225 1911 1256 currendo

118 1282 179 1322 (p.
202 1281 320 1325 ⁵281.)
377 1292 469 1327 aptus
512 1297 573 1317 non
610 1289 672 1327 sit,
714 1289 836 1318 Arabes
875 1299 976 1328 equos
1021 1290 1060 1319 ad
1104 1299 1218 1319 cursus
1261 1293 1424 1318 certamen
1464 1292 1693 1328 praeparantes
1734 1292 1912 1318 extenuare

114 1350 261 1382 solebant
289 1351 389 1382 conf.
417 1352 506 1381 Kam.
534 1361 560 1382 s.
590 1362 622 1381 v.
647 1356 716 1399 ἕλω
745 1355 777 1379 et
798 1361 878 1396 5⁴⁴⁹·

918 1424 1088 1457 CXL!-

866 1490 982 1525 Ana
1011 1489 1146 1523 «lixit.

111 1560 138 1588 1.
183 1559 292 1589 Sane!
311 1560 620 1590 Alzth-Alwnhidus
642 1563 688 1589 vir
712 1564 767 1594 est,
794 1563 849 1598 qui
869 1561 924 1589 tibi
946 1562 1008 1593 dat,
1033 1560 1117 1598 quod
1137 1559 1309 1593 desideras,
1333 1561 1365 1586 et
1385 1558 1523 1601 deym'lecs
1544 1566 1660 1594 massua
1681 1560 1736 1586 est.

209 1629 356 1660 Secunda
382 1631 511 1669 species
540 1632 631 1660 metri
651 1630 773 1660 'rhawil
801 1630 961 1669 adpellati.
991 1629 1230 1658 Liberalitatem
1257 1627 1373 1657 laudat.
1401 1627 1475 1656 Non
1504 1628 1625 1666 petenti
1656 1626 1732 1656 dare
1759 1634 1904 1656 summae

111 1690 308 1721 liberalitatis
336 1696 385 1720 est
413 1692 524 1721 llam.
552 1694 599 1720 vv¹t
626 1701 657 1720 v.
687 1692 718 1721 2.
750 1691 811 1729 Qui
840 1691 986 1726 alterurn,
1010 1694 1043 1720 ut
1069 1694 1180 1729 petens
1208 1699 1245 1718 se
1272 1689 1398 1718 abiiciat
1429 1692 1459 1718 et
1487 1688 1637 1717 honorem
1666 1697 1756 1717 suum
1784 1686 1901 1727 laedat,

110 1753 206 1794 cogit,
236 1753 262 1782 is
292 1753 435 1783 beneficii
463 1755 605 1783 meritum
636 1754 797 1784 deminuit.
825 1754 911 1783 Loco
939 1755 1110 1784 verborum
1137 1749 1254 1793 0252259
1282 1754 1369 1787 μὲῳ
1395 1749 1418 1778 la
1444 1751 1581 1791 legitur:
1611 1747 1721 1790 ⁸?3559
1740 1746 1863 1788 wolff>
1882 1748 1906 1776 t„

117 1813 221 1851 »quod
250 1814 341 1852 cupis
369 1819 402 1844 et
430 1814 565 1844 facies«.
593 1816 687 1845 Hune
715 1816 841 1855 legendi
871 1815 996 1845 modum
1024 1815 1220 1844 scholiastes
1248 1818 1321 1843 ante
1349 1814 1461 1843 oculos
1488 1813 1610 1842 habens
1638 1823 1769 1843 versum
1795 1813 1906 1843 verbis

112 1876 321 1914 sequentibus
350 1877 481 1906 similem
510 1887 586 1906 esse
614 1877 693 1907 dixit
720 1878 827 1915 (metr.
855 1876 947 1906 Raml
980 1877 1015 1905 B.
1048 1876 1118 1913 b.):
1151 1874 1421 1904 Beneficium
1451 1875 1613 1914 optime
1640 1874 1798 1904 cedens
1827 1879 1907 1912 est,

111 1936 147 1964 in
175 1946 250 1976 quo
278 1936 418 1967 facies
446 1947 524 1967 non
552 1937 809 1968 adhibentur
838 1935 872 1980 (i.
902 1948 929 1967 e.
960 1938 989 1967 in
1016 1945 1077 1975 quo
1105 1937 1243 1976 petendo
1271 1936 1370 1966 honor
1396 1946 1458 1966 non
1486 1937 1658 1975 abiicitur).

911 2020 1062 2054 CXL!
1073 2020 1109 2052 Ι.

785 2087 1035 2121 Alehansa
1050 2086 1080 2128 ¹)
1104 2086 1236 2119 «lixit.

110 2153 140 2182 l.
184 2153 301 2182 Facies
325 2156 391 2182 eius
414 2155 557 2192 beneficia
579 2166 639 2184 sua
661 2157 788 2185 indicat.
832 2157 1004 2186 Benedicta
1027 2159 1077 2189 sit,
1102 2156 1174 2184 dum
1197 2157 1312 2192 optima
1335 2157 1404 2184 dua:
1426 2159 1473 2184 est
1486 2156 1500 2184 !

109 2211 140 2238 2.
186 2209 232 2239 Ob
255 2210 437 2246 cliqrzilasenz
459 2212 574 2238 iratum
602 2220 672 2238 eum
693 2214 807 2247 putas;
831 2211 905 2238 tulis
926 2212 995 2238 elus
1018 2213 1134 2238 matura
1155 2213 1212 2245 ess,
1237 2219 1318 2247 quae
1339 2218 1403 2238 non
1426 2213 1575 2240 mutatur.

206 2278 313 2309 Prima
341 2279 467 2317 species
495 2279 587 2308 metri
614 2278 708 2308 Sarih
736 2279 894 2317 adpellati.
949 2279 1140 2308 Comitatem
1170 2279 1228 2308 viri
1257 2278 1373 2309 laudat.
1406 2279 1487 2309 Eum
1513 2283 1674 2318 petentem
1699 2279 1790 2310 hilari
1813 2278 1902 2308 vultu

109 2341 318 2381 excipei·e,ut
344 2350 435 2380 spem
462 2340 601 2372 futuram
630 2351 707 2372 esse
736 2341 909 2380 impletam,
925 2351 966 2370 ex
993 2351 1030 2370 eo
1060 2350 1262 2381 cognoscere
1288 2342 1392 2370 liceat.
1422 2342 1455 2370 ln
1475 2342 1537 2371 ista
1565 2342 1715 2371 comitate
1742 2340 1901 2381 dignitatis

127 2446 157 2476 1)
177 2445 284 2469 Chansa
303 2451 450 2475 cognomen
470 2449 624 2473 est.nomen
638 2424 739 2485 soh-Li*
766 2447 876 2476 gerebat
895 2446 957 2470 Har.
977 2439 1031 2469 fii‘.
1054 2446 1122 2469 Filia
1133 2445 1346 2469 eratAhmruib.
1360 2446 1479 2469 Alharits
1489 2447 1671 2471 b.Alscbarid.
1683 2446 1803 2470 Fratrem
1812 2446 1902 2468 Zachr

175 2499 291 2522 occisum
312 2499 405 2529 elegiis
425 2498 584 2527 deploravit.
604 2499 625 2521 Α
640 2497 755 2521 Dor-aido
776 2499 798 2521 b.
821 2498 953 2521 Aizimma
972 2499 995 2521 iu
1016 2497 1208 2521 matrimonium
1230 2499 1309 2527 petita
1329 2501 1378 2521 est,
1399 2499 1468 2522 Ante
1488 2498 1611 2521 islanium
1631 2500 1656 2520 et
1676 2500 1794 2524 tempore
1814 2495 1902 2518 lslami

174 2546 247 2568 vixit.
285 2545 348 2568 Cit.
368 2544 570 2575 Aiaghani.
590 2547 615 2567 et
636 2544 721 2567 llarir.
741 2545 805 2576 ffſtr
