2155 2892
880 112 1145 143 —380—

222 211 256 239 In
283 210 344 240 hoc
370 219 479 250 versu,
508 210 598 240 cuius
626 216 758 241 metrum
786 211 928 242 secunda
954 212 1082 251 species
1109 213 1199 242 metri
1226 213 1349 243 Thawil
1376 213 1524 254 appellati
1550 219 1613 253 est,
1641 219 1795 257 queritur,
1824 219 1907 260 quod

123 273 234 310 amica,
271 282 353 313 quae
382 273 484 312 ipsum
512 282 620 303 amore
647 274 771 303 omnino
798 274 987 313 incenderit,
1015 285 1085 304 eum
1113 275 1226 305 inimici
1254 276 1322 306 loco
1350 277 1474 307 habeat.
1529 278 1677 308 Amorem
1704 285 1809 311 autem
1835 291 1906 312 cum

123 344 245 363 veneno
273 335 478 374 comparavit.
510 334 589 365 Cum
617 335 678 365 hoc
704 336 850 375 loquendi
876 336 988 366 modus
1015 336 1176 376 cohaeret,
1205 342 1357 367 amantem
1385 339 1524 368 occisum
1551 349 1627 369 esse
1658 340 1779 370 conf.
1813 342 1906 372 Ham.

125 398 181 424 ονῐ”
209 406 238 424 v.
267 396 299 425 2.
352 396 437 426 Ante
463 406 576 427 vocem
602 391 695 437 255.st
723 407 834 427 nomen
861 389 932 436 ,μη-ἓ
971 407 1084 428 amor
1121 403 1176 428 aut
1209 399 1313 429 simile
1348 403 1378 430 et
1405 406 1478 439 post
1504 401 1638 431 verbum
1670 398 1712 451 εὖ
1742 411 1854 433 vocem
1879 415 1909 446 μὲ

125 457 283 496 suppleas.
337 458 417 488 Voci
444 460 519 506 eiu»
545 459 736 490 scholiastes
763 461 852 490 vocis
877 455 957 497 wb
973 460 1125 500 (stabilis,
1151 462 1346 500 constantis)
1374 462 1638 503 significationem
1669 464 1785 494 tribuit.
1838 464 1910 503 Qua

125 519 153 548 in
191 519 425 560 significatione
465 521 644 552 definienda
678 532 780 562 neque
813 523 1005 562 Djeuharius
1041 532 1141 561 neque
1180 522 1423 563 Firuzabadius‚
1453 533 1636 563 quamquam
1669 526 1787 565 primae
1822 526 1911 556 verbi

127 581 248 611 formae
276 583 539 623 significationem
567 584 653 625 daut,
695 594 765 614 cum
792 590 902 614 nostro
930 585 1141 614 consentiunt.
1206 584 1378 623 Djeuhario
1407 590 1537 615 auctore
1567 589 1642 634 Cizan
1668 603 1713 630 pm
1741 597 1912 627 venenum,

126 643 208 682 quod
237 653 326 683 aqua·
344 644 386 674 ita
411 650 606 675 maceratum
634 650 705 683 est,
746 649 779 675 ut
806 648 895 684 quasi
922 645 1030 675 sedem
1057 645 1151 674 fixam
1179 646 1209 674 in
1236 655 1318 684 aqua
1346 646 1460 677 habeat
1487 653 1518 678 et
1545 650 1582 679 ab
1621 660 1660 680 ea
1685 652 1809 680 secerni
1848 661 1910 682 non

125 706 239 746 possit,
266 706 450 747 significare
477 711 562 745 pum.
615 707 846 736 Firuzabadius
875 715 973 737 voces
1001 710 1075 754 ῥέξω
1103 723 1148 751 5«
1175 709 1310 738 vocibus
1338 715 1458 754 &fr-m
1484 711 1656 750 (venenum
1676 714 1910 754 conditaneum)

128 772 226 799 minus
252 774 404 799 accurate
430 769 615 808 explicavit.
667 769 865 799 Scholiastae
886 774 993 800 autem
1021 778 1175 799 venenum
1201 771 1315 801 stabile
1343 767 1458 812 (ΜΕ)
1475 773 1505 803 id
1532 784 1607 804 esse
1634 781 1753 815 potest,
1782 777 1865 817 quod
1892 787 1910 806 e

127 840 259 870 corpore
285 840 450 860 removere
476 840 568 860 nemo
596 832 691 861 valet.

126 929 157 957 2.
202 927 265 963 Qui
285 937 361 964 erya
391 937 439 956 me
464 929 603 956 iniustus
625 931 712 964 erat,
734 938 804 957 eum
829 931 979 966 tanquam
1000 931 1236 959 intercessorem
1261 931 1436 966 admisisti,
1468 931 1540 961 dum
1563 943 1618 970 eqo
1641 938 1790 972 tanquam
1812 938 1911 965 inter-

476 993 631 1012 cessorem
651 993 721 1012 eum
743 992 805 1012 non
828 985 1037 1019 admittebant,
1061 986 1116 1022 qui
1137 989 1248 1014 contra
1270 989 1299 1014 te
1321 988 1460 1015 iniustus
1483 990 1558 1016 erat.

223 1052 322 1082 Suam
342 1052 458 1093 agendi
483 1052 637 1082 rationem
664 1062 736 1083 cum
763 1062 813 1093 ea,
841 1062 933 1093 quam
960 1053 1060 1083 amica
1085 1059 1220 1085 secutus
1247 1060 1327 1092 erat,
1357 1061 1530 1095 comparat.

128 1151 161 1180 3.
204 1151 250 1179 El
271 1151 372 1184 dixit,
406 1151 480 1179 dum
508 1150 585 1178 mihi
614 1159 800 1188 responsum
822 1152 952 1180 reddere
979 1153 1012 1179 in
1041 1153 1144 1180 animo
1166 1161 1229 1181 non
1253 1152 1421 1181 habuerat:
1464 1154 1543 1190 Imo,
1567 1156 1600 1181 lu
1622 1163 1744 1191 semper
1764 1155 1811 1184 nil
1827 1156 1917 1185 alma

789 1206 853 1233 nisi
880 1208 909 1233 te
930 1205 1097 1234 humiliare
1123 1206 1256 1236 rolm'sn'.

227 1272 361 1302 Femina
392 1273 518 1312 culpam
553 1283 571 1303 a
598 1283 636 1303 se
663 1279 821 1304 remotura
853 1274 1034 1313 respondet.
1100 1275 1235 1314 Culpam
1270 1284 1347 1305 esse
1374 1280 1500 1317 poetae,
1528 1275 1578 1315 qui
1605 1275 1722 1306 amoriS
1750 1275 1850 1307 dolori
1877 1287 1914 1308 se

129 1335 218 1366 nimis
245 1336 415 1366 subiecerit
441 1341 473 1366 et
501 1336 635 1375 querelis
662 1346 700 1366 se
726 1337 949 1367 humiliaverit.
1002 1337 1101 1367 Poeta
1127 1346 1239 1367 vocem
1266 1334 1334 1369 cadi
1362 1337 1454 1366 metri
1480 1346 1577 1368 causa
1604 1336 1728 1367 VVezla
1753 1337 1882 1370 adfecit.

131 1434 162 1462 4.
212 1432 288 1462 Tum
311 1434 340 1461 ei
360 1433 453 1461 disci:
489 1432 618 1461 Primus
640 1442 752 1461 amans
773 1441 835 1461 non
857 1442 936 1467 sum,
961 1435 1017 1469 qui
1036 1443 1134 1470 yrave
1156 1442 1236 1462 onus
1256 1436 1390 1470 portans
1411 1433 1517 1462 dolore
1538 1434 1707 1471 adflz'yz'lur.

253 1500 463 1538 Querelarum
503 1510 628 1532 causam
663 1511 738 1532 esse
757 1501 787 1531 in
823 1511 873 1543 eo,
901 1501 983 1541 quod
1012 1511 1091 1532 onus
1119 1506 1239 1533 tantum
1266 1507 1372 1542 portet
1397 1507 1430 1532 et
1458 1503 1488 1533 in
1515 1502 1676 1543 querendo
1712 1512 1749 1533 se
1782 1503 1913 1533 aliorum

133 1564 278 1604 exempla
297 1564 399 1603 sequi.

891 1686 1161 1720 LXXXIX.

134 1750 344 1795 (11.591.)
428 1750 569 1785 Alius
592 1751 835 1794 euxinum
860 1752 1221 1786 Abu-luswau
1244 1752 1447 1786 Doalita
1470 1751 1623 1786 fuisse

927 1806 1122 1840 «licitur.

243 1891 369 1920 Nomen
399 1890 459 1920 viri
488 1890 628 1920 Thsalim
655 1895 707 1920 est
734 1887 808 1933 (sed
834 1900 936 1930 neque
963 1891 1002 1921 de
1029 1891 1154 1921 nomine
1192 1900 1294 1930 neque
1322 1889 1362 1920 de
1388 1895 1479 1930 patre
1507 1890 1738 1929 consentiunt).
1801 1889 1917 1920 Iudicis

136 1961 264 1982 munere
289 1953 320 1981 in
349 1952 463 1992 oppido
490 1953 595 1982 Bazra
621 1952 821 1994 fungebatur.
850 1954 913 1984 Alii
942 1959 1067 1994 poetam
1093 1953 1123 1982 in
1150 1954 1264 1993 oppido
1291 1954 1396 1983 Bazra
1423 1962 1503 1983 anuo
1532 1952 1577 1982 69
1607 1957 1713 1982 aetate
1752 1951 1919 1992 octoginta

135 2019 168 2045 et
193 2015 325 2053 quinque
351 2025 514 2055 annorum,
542 2015 591 2045 alii
619 2020 761 2055 tempore
789 2016 909 2055 imperii
937 2016 1066 2046 Ohmari
1092 2016 1121 2048 b.
1148 2014 1241 2045 Ahbd
1260 2031 1277 2036 -
1294 2014 1423 2044 Alahsis
1449 2015 1531 2043 inter
1572 2022 1684 2043 annum
1712 2012 1758 2042 99
1786 2017 1819 2041 et
1850 2011 1914 2042 101

137 2076 218 2106 diem
246 2076 361 2106 obiisse
388 2076 494 2106 dieunt
520 2077 746 2110 Ebu-Challik.
765 2079 844 2107 Nro.
861 2078 930 2108 312
958 2077 1071 2108 conf.
1092 2077 1184 2107 Citab
1211 2070 1518 2106 'rahdsibi-l'Asmai
1538 2084 1567 2114 p.
1585 2075 1664 2107 651.
1679 2074 1818 2104 Meidan.
1846 2083 1916 2113 app.

137 2148 164 2176 Ι.
208 2147 269 2177 Cor
292 2148 339 2176 nil
355 2147 444 2176 aliud
464 2150 551 2184 cupit
571 2150 634 2177 nisi
654 2152 783 2178 matrem
795 2149 935 2178 Allmrui
955 2152 1083 2187 eiusque
1106 2158 1253 2185 amorem,
1275 2148 1347 2176 dum
1370 2147 1474 2175 vetula
1497 2151 1552 2178 est.
1575 2146 1639 2183 Qui
1659 2150 1760 2175 autem
1784 2145 1917 2175 vetulam

831 2209 923 2239 amat,
950 2203 1085 2232 delirare
1107 2203 1230 2231 «licitur.

137 2272 168 2300 2.
215 2272 259 2301 Ut
277 2272 378 2308 panni
395 2271 611 2309 Jemmaensz’s,
635 2271 736 2305 cuius,
762 2271 822 2298 etse·
852 2272 994 2298 vetustus
1017 2272 1075 2304 est,
1098 2270 1307 2304 segmentum,
1333 2267 1481 2304 quamdiu
1508 2267 1541 2295 id
1560 2268 1617 2302 vis,
1640 2264 1741 2294 oculis
1762 2267 1792 2293 et
1811 2264 1921 2291 manui

926 2326 1054 2359 yralum
1076 2325 1132 2351 est.

236 2393 355 2422 Amore
388 2393 517 2423 vetulae
547 2396 675 2432 captum
701 2401 739 2421 se
766 2401 841 2421 esse
867 2391 951 2421 dicit.
1014 2391 1085 2420 Hac
1111 2389 1150 2419 de
1177 2399 1210 2419 re
1248 2399 1285 2418 se
1312 2395 1526 2419 excusaturus
1552 2388 1691 2418 vetulam
1717 2397 1789 2416 cum
1817 2396 1918 2426 pauno

138 2454 321 2483 Jemanensi
345 2459 518 2494 comparat,
541 2456 593 2494 qui
619 2456 769 2484 vetustus
797 2457 829 2482 et
855 2453 945 2482 oculo
962 2453 1070 2482 colore
1096 2452 1225 2492 pulchro
1253 2455 1285 2482 et
1313 2453 1416 2483 manui
1439 2456 1525 2483 tactu
1551 2456 1662 2493 gratus
1691 2455 1826 2480 maneat.
1854 2451 1920 2480 Iste

138 2519 243 2543 autem
270 2514 472 2554 comparandi
499 2515 622 2554 modus,
648 2520 682 2545 ut
709 2516 739 2545 in
768 2523 870 2555 panno
898 2519 962 2544 tam
989 2519 1151 2544 externam
1179 2524 1270 2553 quam
1297 2516 1453 2544 internam
1480 2513 1691 2544 conditionem
1718 2511 1848 2551 respicit
1875 2512 1921 2541 sic

142 2575 171 2603 in
199 2575 312 2606 femina
347 2581 411 2607 tam
441 2579 582 2617 corporis
615 2577 878 2617 pulchritudinem
910 2587 1003 2617 quam
1030 2576 1123 2606 animi
1152 2578 1245 2609 dotes
1272 2578 1416 2617 amplecti
1444 2576 1578 2609 videtur.
1630 2575 1730 2606 Poeta
1756 2575 1840 2605 illam
1869 2575 1920 2606 fe-
