2155 2892
929 119 1197 149 —105-

153 224 292 254 Narrant
319 222 412 255 enim.
441 222 607 252 Colaibum
634 225 695 250 tam
724 222 884 258 potentem
913 217 1025 257 fuisso,
1053 222 1087 249 ut
1112 226 1204 247 nemo
1232 217 1363 247 Coluibo
1393 221 1563 254 praesente
1592 217 1709 256 ignem,
1737 224 1798 254 quo
1828 215 1941 255 hospi-

152 291 200 316 tes
229 285 454 323 invitarentur,
495 282 670 314 accendero
707 281 858 321 auderet,
895 281 984 320 quusi
1011 279 1071 309 soli
1100 279 1231 310 Colaibo
1265 278 1489 317 hospitalitatis
1524 279 1619 308 oflicii
1658 280 1854 319 exsequendi
1892 281 1941 311 ius

152 353 242 378 esset
268 353 323 378 aut
351 349 379 377 in
407 355 563 378 consessu
589 354 658 374 cum
686 344 786 374 altero
813 343 851 373 de
879 344 980 384 gloria
1008 347 1134 373 certare
1161 347 1216 372 aut.
1243 342 1376 372 alterum
1405 341 1557 370 conviciis
1586 347 1704 380 petere.
1743 343 1788 372 Eo
1818 349 1941 374 mortuo

152 415 267 442 statum
296 414 418 441 omnino
446 414 598 439 mutatum
625 417 710 437 esse.
765 408 811 436 De
841 406 961 436 Colaibi
990 405 1133 445 potentia
1166 404 1274 434 cons.
1301 404 1398 433 Meiil.
1432 404 1486 443 18,
1515 403 1596 436 211,
1658 406 1731 435 Vox
1759 397 1860 447 Uva13!
1891 413 1943 438 est

152 482 208 513 pro
235 461 338 514 αῴὲῐ
365 470 443 510 μῦ.
503 470 637 500 Dubium
678 479 738 498 non
775 473 845 508 est,
885 469 956 507 quin
992 476 1057 496 vox
1084 465 1178 504 *axani
1207 476 1225 496 a
1254 465 1350 494 verbo
1378 480 1447 502 „aaa
1482 464 1656 495 derivanda
1692 466 1750 496 hoc
1787 469 1815 497 in
1843 479 1942 500 versu

152 535 363 564 conviciis
388 544 435 563 se
463 532 635 572 petendi
664 530 927 572 significationem
958 530 1090 568 habeat3
1119 529 1180 558 hoc
1208 528 1288 557 enim
1315 527 1406 557 modo
1435 528 1622 558 Mersukius
1645 528 1786 567 pluribus
1810 541 1941 562 sensum

153 597 316 637 explicans
344 595 465 625 formae
493 600 628 625 octavae
656 604 787 624 sensum
815 593 934 623 formae
960 598 1076 622 sextae
1102 592 1219 621 tribuit.

155 706 186 734 2.
231 705 276 734 Et
296 706 334 735 de
363 708 447 733 omui
475 716 508 733 re
540 715 654 742 nmyna
677 715 729 734 eos
753 705 873 733 loculos
895 713 981 742 esse,
1013 704 1075 741 qui,
1099 704 1129 730 si
1145 711 1300 740 praesens
1321 703 1458 740 fuisses,
1492 710 1530 730 ne
1554 710 1652 729 unum
1675 702 1797 739 quidem
1821 704 1945 732 verbnm

938 757 1154 794 protulissent.

253 826 316 866 Qui
344 828 475 857 Colaibo
504 828 637 858 vivente
664 829 693 856 in
720 836 880 857 consensu
907 827 1103 866 tacuissent,
1143 834 1200 854 eos
1228 824 1279 855 illo
1308 829 1430 854 mortuo
1459 824 1600 854 audaces
1630 825 1732 855 factos
1764 835 1866 867 esse,
1910 832 1944 857 ut

154 890 183 920 in
212 890 278 930 ipsa
305 900 338 920 re
367 890 559 930 gravissima
585 890 873 920 imlicinmserrent.
902 889 985 918 Ante
1012 898 1126 918 vocem
1145 883 1248 918 mles:
1269 884 1428 929 (inagna),
1448 896 1528 925 quae
1544 888 1666 928 origine
1682 898 1741 918 sua
1753 888 1945 921 adiectivum

155 957 218 993 est,
245 952 480 982 substantivum
508 951 719 991 supplendum
749 956 809 981 est.
869 952 989 981 Vocem
1020 950 1060 990 [ῳ
1088 961 1142 990 pro
1170 947 1256 986 &LA-<3
1295 950 1409 979 dictam
1450 959 1520 979 esse
1555 955 1649 990 puto,
1687 960 1769 990 quae
1804 962 1868 981 vox
1904 962 1945 982 ex

155 1023 254 1044 sensu
281 1014 370 1043 verbi
397 1016 470 1054 Μ
498 1015 650 1055 cognosci
679 1019 797 1053 potest.
825 1014 966 1044 Similem
994 1023 1125 1043 sensum
1152 1013 1301 1052 Zafijjali,
1331 1012 1394 1042 tilia
1417 1012 1785 1054 Alibd-Almoththalibi,
1806 1024 1945 1054 expres-

155 1077 241 1106 sisse
268 1075 382 1106 dicitur
409 1078 517 1113 (metr.
549 1076 692 1115 Basith):
733 1077 789 1105 'l'e
823 1076 1002 1106 absente
1037 1084 1251 1104 sermones
1288 1078 1411 1104 erant.
1446 1079 1487 1104 et
1516 1084 1584 1104 res
1620 1078 1778 1115 gravis.
1831 1076 1876 1106 Si
1905 1082 1946 1107 tu

158 1148 372 1178 praesens
400 1139 586 1179 fuisses,
614 1148 835 1169 sermones
865 1138 1118 1179 trequentes
1154 1147 1230 1167 non
1265 1137 1465 1167 fuissent.
1529 1138 1556 1166 A
1585 1138 1740 1167 nonnullis
1770 1139 1868 1169 vei-ba
1894 1140 1947 1169 alii

157 1211 311 1241 personae
339 1203 523 1232 tribuuntur.

155 1311 187 1340 3.
211 1311 255 1339 Et
276 1313 306 1339 si
327 1313 382 1342 ris.
405 1313 521 1349 faciem
545 1312 633 1339 haud
653 1315 765 1340 teclam
788 1315 818 1341 e!
838 1312 1001 1340 brachium
1023 1311 1180 1348 plorantis
1199 1311 1337 1347 feminae
1358 1309 1444 1338 vides
1467 1311 1654 1346 operimento
1677 1312 1790 1346 capitis
1811 1314 1920 1346 lectae,

157 1367 189 1395 4.
212 1365 300 1402 Quae
323 1369 351 1395 le
372 1367 515 1403 deplora!
535 1371 565 1394 et
583 1369 733 1404 feminam
757 1370 926 1404 inyemmm
951 1375 1013 1394 non
1036 1368 1185 1401 vitupem,
1221 1374 1302 1403 quae
1324 1365 1475 1401 lucrymis
1496 1367 1626 1400 propter
1648 1366 1677 1392 le
1699 1365 1858 1393 tristitiam
1879 1375 1949 1394 ma-

824 1422 955 1459 mfeslat
977 1423 1008 1448 et
1028 1422 1167 1457 suspiria
1190 1420 1285 1448 ducit.

258 1489 298 1518 Hi
328 1499 458 1530 versuS‚
486 1491 515 1519 in
543 1491 657 1530 quibus
685 1491 840 1520 maximos
869 1491 907 1520 ob
936 1494 1069 1519 mortem
1097 1488 1193 1518 occisi
1221 1489 1329 1518 luctus
1358 1488 1426 1517 iure
1454 1488 1629 1527 meritoque
1656 1489 1759 1519 fuisse
1789 1489 1880 1530 dicit,
1920 1491 1950 1520 in

160 1553 318 1583 Mersukii
345 1554 455 1585 codice
483 1564 543 1584 non
571 1556 732 1595 leguntur.
787 1555 819 1583 in
846 1562 943 1583 versu
972 1553 1087 1593 priore,
1115 1557 1149 1582 ut
1175 1561 1193 1581 e
1220 1552 1399 1591 posteriore
1426 1562 1526 1582 versu
1551 1552 1662 1583 videre
1689 1554 1776 1595 licet,
1807 1556 1949 1586 occisum

158 1620 305 1654 tanquam
332 1617 495 1646 viventem
524 1617 701 1656 alloquitur.
755 1617 788 1645 ln
824 1617 909 1646 luctu
946 1616 984 1645 ob
1017 1621 1174 1645 mortuum
1210 1615 1360 1644 mulieres
1397 1615 1500 1654 capite
1534 1615 1618 1645 haud
1651 1616 1758 1646 velato
1786 1618 1949 1656 plorantes

160 1677 283 1716 prodire
310 1678 466 1708 solebant.
521 1679 545 1708 h:
572 1684 681 1708 nostro
711 1679 778 1709 loco
807 1678 974 1716 videmus,
1011 1678 1150 1707 mulieris
1186 1678 1258 1707 talis
1287 1683 1383 1716 caput
1411 1679 1493 1716 pileo
1520 1682 1637 1708 tectum
1664 1679 1775 1710 fuisse.
1825 1681 1951 1711 Brachii

159 1744 263 1769 autem
291 1740 476 1769 mentionem
505 1740 596 1775 fecit,
622 1740 704 1779 quod
732 1745 856 1770 vestem
892 1741 922 1770 in
957 1744 1087 1779 pectore
1121 1739 1300 1769 lacerabant
1333 1743 1364 1769 et
1391 1740 1504 1769 faciem
1531 1741 1590 1769 sibi
1619 1742 1848 1780 percutiebant.
1902 1744 1951 1773 De

160 1806 244 1840 luctu
281 1802 319 1831 ob
356 1808 513 1831 mortuum
549 1802 622 1832 ride
658 1803 692 1832 P.
720 1804 742 1832 1.
772 1814 801 1843 p.
829 1803 910 1833 430.
939 1803 973 1832 P.
1002 1803 1039 1832 ΙΙ.
1069 1812 1098 1841 p.
1129 1802 1182 1831 ¹6.
1236 1802 1268 1830 ln
1307 1804 1484 1840 posteriore
1517 1812 1634 1842 versu,
1670 1804 1721 1843 qui
1749 1814 1818 1834 cum
1848 1806 1951 1844 priore

159 1862 330 1902 cohaeret,
365 1873 402 1893 se
430 1864 553 1892 omnino
582 1863 675 1893 talem
703 1865 838 1902 probare
864 1865 976 1894 luctum
1003 1864 1088 1902 dicit,
1116 1873 1209 1903 quum
1238 1868 1345 1893 tantus
1373 1865 1423 1894 vir
1450 1865 1570 1893 occisus
1595 1865 1648 1894 sit.

261 1925 544 1964 Abu-Rijaschus
581 1931 756 1964 sequentes
794 1935 863 1964 res,
897 1936 978 1965 quae
1015 1936 1166 1956 versuum
1195 1936 1324 1956 sensum
1354 1933 1385 1956 et
1414 1928 1563 1966 temporis
1592 1927 1754 1957 historiam
1782 1928 1950 1969 illustrant,

160 1987 283 2017 adtulit.
337 1988 446 2018 Virum
474 1988 586 2027 ἳνα-ᾔει
613 1997 793 2028 cognomen
823 1988 933 2018 Colaib
961 1998 978 2018 a
1006 1989 1151 2018 canicula
1178 1991 1362 2028 accepisse7
1402 1998 1492 2027 quam
1529 1990 1665 2018 vinctam
1700 1989 1729 2018 in
1757 1994 1847 2028 prato
1875 1999 1951 2028 pro-

160 2049 282 2090 iicet-et,
315 2050 343 2079 si
369 2050 439 2079 aliis
471 2050 543 2081 illud
569 2050 759 2080 interdicere
787 2051 894 2080 vellet.
948 2051 1074 2081 Pratum
1102 2057 1205 2082 autem
1234 2053 1366 2083 intrandi
1395 2054 1532 2093 veniam,
1561 2053 1599 2083 ad
1627 2053 1714 2083 cuius
1743 2063 1837 2082 aures
1861 2053 1951 2082 cani-

161 2115 252 2145 culae
279 2114 410 2144 latratus
437 2115 631 2154 perveniret,
658 2115 810 2144 neminem
838 2114 992 2143 hahuisse.
1046 2115 1191 2144 Victoria
1218 2115 1257 2144 de
1287 2116 1436 2156 gentibus
1465 2116 1703 2145 lemanensibus
1731 2115 1780 2145 die
1808 2115 1951 2146 Chasasa

162 2178 323 2216 reportata
348 2176 523 2214 (confer.
552 2178 648 2207 Meid.
677 2179 712 2207 T.
743 2178 779 2206 ll.
809 2177 843 2208 Ρ.
874 2177 901 2206 1.
931 2187 959 2216 p.
988 2178 1069 2208 560.
1098 2182 1129 2208 et
1155 2183 1277 2223 (βψς
1306 2178 1358 2223 0⁶³⁵
1387 2179 1496 2214 50,μὲ
1524 2188 1553 2216 p.
1582 2176 1650 2216 3¹1²),
1689 2178 1717 2207 in
1744 2187 1804 2216 quo
1834 2178 1950 2216 proelio

160 2240 224 2270 dux
250 2239 505 2270 Maahdtlitarum
533 2246 634 2281 esset,
662 2242 722 2270 viri
752 2240 923 2280 potentiani
954 2239 1064 2269 mirum
1092 2240 1121 2269 in
1151 2240 1274 2270 modum
1302 2245 1430 2269 auctam
1459 2249 1547 2280 esse,
1576 2245 1609 2269 ut
1637 2242 1668 2269 in
1688 2240 1845 2278 proverbii
1870 2248 1950 2268 con-

160 2302 360 2332 suetudinem
378 2305 504 2331 veniret
530 2303 632 2332 conf.
650 2303 746 2333 Meid.
771 2304 824 2343 18,
843 2303 922 2333 211.
953 2302 1034 2332 Rem
1062 2303 1106 2332 sic
1132 2313 1169 2332 se
1198 2302 1327 2342 habere,
1357 2302 1535 2332 Farasdaki
1554 2312 1671 2331 versus
1690 2302 1821 2340 probant
1841 2299 1947 2343 (metr.

164 2361 307 2407 Camel):
336 2364 520 2395 Gentem
549 2370 656 2395 tuam
688 2367 933 2407 interroga,
971 2365 1174 2404 quomodo
1204 2371 1380 2395 veteres
1420 2366 1486 2395 sui
1520 2370 1562 2394 et
1597 2370 1775 2394 veteres
1811 2365 1950 2405 gentis

163 2427 352 2468 Taghleb
389 2428 528 2466 primis
563 2429 833 2468 temporibus
871 2438 917 2458 se
953 2428 1189 2459 habuerint.
1240 2428 1447 2457 vicerunt
1476 2428 1674 2468 legiones
1700 2427 1949 2465 Nohmitnis)

180 2531 208 2560 1)
228 2531 309 2562 Regis
327 2533 456 2555 Nohmani
477 2534 499 2555 b.
520 2533 675 2557 Almondsir
695 2534 827 2557 exercitus
846 2535 959 2565 quinque
978 2535 1098 2563 partibus
1118 2535 1281 2563 compositus
1292 2536 1364 2557 erat:
1380 2524 1651 2574 &Offssbqbkassh
1664 2523 1798 2572 &wyssa
1811 2525 1946 2566 Ψῶζὲὁῖῐ

228 2595 253 2615 et
271 2593 346 2628 fur>
362 2593 513 2623 appellatis.
550 2594 609 2617 Vox
629 2585 762 2638 egl-lull,
781 2599 936 2623 quamquam
960 2594 1095 2617 secundae
1120 2599 1212 2616 nomen
1233 2594 1303 2621 emt,
1332 2594 1416 2614 tamen
1444 2591 1493 2614 hoc
1519 2590 1543 2613 in
1567 2590 1628 2614 loco
1655 2591 1773 2614 fortas-se
1796 2591 1949 2620 generalem

1700 2648 1741 2678 14
