2155 2892
937 153 1199 184 —220—

178 257 317 296 videtur,
343 255 389 284 sic
415 253 557 284 tristibus
586 254 724 294 longum.
776 252 886 282 Solem
910 262 981 283 cum
1008 252 1125 283 femina
1149 252 1367 292 comparavit,
1394 261 1473 291 quae
1499 255 1642 291 tempore
1678 260 1813 282 occasus
1840 251 1954 282 vultum

179 319 252 349 velo
278 317 406 347 nubium
433 315 524 356 tegit.
576 315 642 344 Isto
670 314 732 355 die,
758 323 818 353 quo
846 314 945 345 frater
972 315 1116 355 poetriae
1143 315 1245 356 periit,
1272 316 1363 356 quasi
1390 315 1610 355 obstupefacta
1636 315 1765 345 meridie
1791 319 1879 345 stare
1906 316 1956 345 vi-

179 381 330 421 debatur,
357 383 391 408 ut
417 378 489 408 inde
515 377 555 408 ad
588 387 734 409 occasum
761 386 822 407 non
847 382 1001 419 vergeret
1027 383 1060 408 et
1085 377 1144 408 hac
1169 378 1200 408 in
1225 388 1259 408 re
1284 387 1414 409 causam
1439 377 1546 415 video,
1575 386 1630 407 cur
1648 376 1746 406 solem
1775 376 1961 408 meridiei

179 447 274 483 poeta
300 440 426 472 dixerit.

177 542 205 571 2.
249 540 332 577 Quot
352 541 390 569 de
410 543 440 568 te
461 541 636 577 opinionem
658 540 868 576 concipientes
891 536 1018 567 vidisti!
1037 542 1067 567 et
1087 539 1110 566 iz·
1131 541 1203 567 ante
1226 536 1504 566 considerationem
1526 537 1588 564 viri
1612 538 1722 565 incerti
1749 539 1777 564 te
1807 536 1960 564 viderunt.

276 611 348 640 Hoc
373 610 404 638 in
432 618 533 639 versu
559 608 653 638 animi
681 610 745 638 vim
773 612 805 638 et
833 608 1056 645 constantiam,
1085 617 1147 647 qua
1173 617 1239 636 rem
1268 610 1449 645 susceptam
1475 605 1622 635 celeriter
1650 605 1820 645 perficeret
1843 604 1959 634 laudat.

176 674 269 704 Hanc
295 675 387 703 animi
414 672 548 702 indolem
574 674 712 702 maxime
740 672 769 701 in
797 671 1027 701 incursionibus
1053 670 1222 699 hostilibus
1260 679 1327 699 eum
1354 669 1528 709 probasse,
1556 677 1632 707 quas
1659 669 1686 698 si
1713 671 1743 698 iu
1771 673 1874 698 terras
1900 664 1962 710 {re-

177 740 281 766 motas
308 735 513 774 susciperet,
547 737 580 764 ut
607 733 754 763 hostibus
781 733 820 762 ob
855 733 981 773 longum
1008 732 1069 760 iter
1095 740 1165 760 eum
1201 740 1262 759 non
1290 730 1554 769 exspectantibus
1591 731 1696 760 subito
1726 731 1959 770 superveniret.

179 810 322 840 Verbum
336 798 413 855 ·5,>“)
442 809 564 849 origine
591 818 650 838 sua
676 807 936 848 significationem
962 805 1130 844 lapides
1158 805 1348 835 iactandi
1375 805 1491 835 habere
1528 804 1673 845 videtur,
1708 806 1779 836 inde
1806 808 1837 835 in
1872 804 1960 835 dubi-

178 883 247 914 am,
292 873 444 902 incertam
481 871 644 901 scientiam
681 870 869 900 translatum
914 872 982 908 est,
1017 872 1052 898 ut
1090 867 1180 907 quasi
1213 867 1368 907 lapidibus
1419 868 1512 897 iactis
1541 877 1618 908 res,
1647 867 1745 907 qualis
1772 867 1877 897 sutura
1906 868 1959 903 sit,

179 939 404 976 cognoscatur.
449 934 518 963 Hoc
545 933 574 962 in
601 942 700 962 versu
727 931 893 971 opiniones
919 926 1033 976 0,,ὶέύὶ
1057 931 1126 960 loco
1154 930 1266 960 obiecti
1292 934 1375 960 sunt.
1441 930 1490 959 Ad
1519 930 1612 959 talem
1642 929 1760 966 virum,
1788 930 1837 969 qui
1864 930 1903 960 de
1930 935 1962 960 te

177 998 328 1027 incertam
346 996 521 1035 opinionem
550 995 694 1033 haberet,
723 995 753 1024 in
780 993 983 1033 expeditione
1010 994 1122 1024 bellica
1146 987 1263 1023 venisti
1291 996 1322 1021 et
1349 992 1374 1020 is
1402 996 1433 1021 te
1463 991 1556 1032 vidit,
1593 996 1758 1030 antequam
1786 990 1824 1020 de
1851 1001 1885 1020 re
1899 991 1960 1020 du-

176 1061 279 1090 bitans
306 1058 462 1098 quomodo
489 1058 572 1088 facta
597 1058 657 1097 sit,
685 1066 794 1087 secum
822 1057 853 1086 in
885 1057 985 1086 animo
1021 1056 1223 1086 considerare
1248 1055 1371 1094 possit7
1399 1054 1552 1093 quomodo
1580 1054 1649 1084 fieri
1687 1056 1835 1094 poluerit,
1863 1059 1897 1083 ut
1923 1054 1961 1084 ad

176 1126 277 1162 ipsum
304 1126 366 1151 tam
392 1120 482 1150 brevi
508 1125 648 1159 tempore
675 1119 874 1158 pervenires.
909 1119 1096 1148 Mersukius
1121 1119 1221 1147 verba
1246 1113 1338 1164 &libii
1365 1114 1429 1154 „uls
1453 1118 1510 1155 μ
1537 1118 1631 1148 etiam
1659 1118 1847 1157 proverbiali
1869 1117 1960 1147 modo

178 1184 266 1215 dicta
293 1193 369 1214 esse
395 1192 495 1223 posse
522 1186 621 1223 putat,
649 1187 762 1212 utnon
789 1180 828 1210 ad
855 1181 958 1210 virum
977 1180 1061 1209 illum
1089 1179 1255 1209 referenda
1267 1179 1467 1220 generaliore
1485 1189 1584 1208 sensu
1612 1180 1840 1220 intelligantur.
1872 1179 1960 1209 Abu-

174 1247 387 1277 Tammamum
414 1250 518 1276 autem
545 1244 752 1284 sequentibus
781 1243 889 1273 verbis
917 1242 957 1273 ad
983 1251 1115 1272 sensum
1142 1251 1260 1272 versus
1287 1242 1431 1281 proxime
1456 1242 1641 1272 accessisse
1669 1242 1778 1281 (metr.
1809 1242 1958 1281 Camel):

175 1317 369 1365 „offiafiwssl
409 1318 447 1364 Ol
481 1319 533 1358 gu:
566 1316 674 1356 mh>
709 1307 768 1349 ὼ
806 1321 879 1366 ⁸⁸5⁸
921 1312 1004 1369 3be
1032 1314 1084 1347 255
1111 1315 1194 1361 :usui
1220 1317 1396 1346 Firmum
1432 1317 1551 1346 animi
1590 1320 1855 1356 propositum
1883 1317 1960 1346 tibi

175 1383 380 1425 regiones
408 1384 608 1421 captivas
636 1381 761 1422 fecit,
789 1381 914 1411 animi
941 1383 998 1411 ita
1024 1379 1263 1418 constituti,
1285 1384 1325 1409 ut
1348 1380 1431 1409 iter
1449 1380 1486 1409 ei
1513 1379 1646 1410 instar
1663 1379 1957 1410 stationissit.

174 1493 207 1523 3.
247 1494 295 1523 Et
311 1494 425 1531 fuscas
447 1493 584 1523 camelas
605 1495 708 1522 instar
729 1494 855 1523 collium
875 1494 1012 1531 praedas
1032 1494 1141 1530 fecisti
1160 1495 1191 1520 et
1212 1492 1347 1520 camelos
1381 1493 1442 1520 iam
1466 1491 1648 1526 redeuntes,
1680 1490 1798 1519 similes
1819 1492 1875 1528 iis,
1905 1493 1962 1528 qui

726 1548 808 1575 domi
826 1548 1025 1585 pinguefacli
1046 1546 1130 1574 lanio
1153 1547 1303 1574 destinati
1321 1548 1405 1574 sunt.

274 1617 316 1647 Ut
346 1627 415 1647 eum
443 1617 473 1646 in
502 1617 554 1647 tali
581 1616 785 1656 expeditione
809 1616 964 1646 victorem
992 1616 1153 1657 designet2
1181 1615 1328 1655 praedas,
1355 1623 1432 1653 quas
1460 1613 1591 1653 ceperit,
1620 1613 1778 1647 describit,
1813 1614 1959 1653 Optimos

174 1689 246 1709 eum
273 1680 411 1710 camelos
439 1679 606 1709 reduxisse
637 1679 719 1709 dicit.
749 1679 895 1719 Optimos
923 1684 1029 1708 autem
1055 1678 1169 1717 triplici
1198 1677 1312 1717 modo,
1338 1677 1443 1706 colore
1470 1676 1576 1707 fuscos
1602 1677 1706 1707 fuisse
1735 1677 1853 1715 dicens,
1882 1687 1957 1716 per-

175 1752 305 1783 magnos
332 1752 401 1772 cum
440 1743 572 1772 collibus
601 1753 658 1772 eos
687 1753 874 1782 comparans
913 1748 945 1772 et
971 1743 1127 1783 pingues,
1162 1745 1195 1772 ut
1224 1740 1418 1781 pinguefacti
1446 1740 1610 1770 mactando
1645 1740 1813 1770 destinatis
1841 1740 1957 1770 similes

174 1808 296 1845 essent,
323 1804 500 1844 descripsit.
530 1805 614 1835 Ante
641 1814 752 1835 vocem
770 1802 815 1850 Γὸῒ
841 1814 953 1834 nomen
982 1805 1169 1835 camelorum
1192 1802 1400 1843 supplendum
1428 1808 1489 1832 est.
1521 1803 1595 1832 Vox
1621 1799 1714 1839 Aah>
1744 1806 1848 1832 autem
1864 1811 1956 1841 quum

174 1876 285 1896 nomen
314 1867 514 1897 collectivum
542 1868 731 1897 camelorum
758 1876 873 1907 agmen
909 1871 972 1896 tam
1000 1875 1105 1896 mares
1136 1875 1229 1906 quam
1257 1865 1388 1895 feminas
1415 1865 1564 1906 designet
1590 1870 1645 1895 aut
1671 1865 1870 1905 pleonosmus
1898 1864 1957 1894 ad·

174 1928 348 1958 mittendus
376 1932 425 1958 est
451 1933 507 1958 aut
533 1928 733 1969 cogitandum
749 1950 759 1969 5
788 1932 913 1968 poetam
940 1929 969 1958 in
997 1932 1102 1969 priore
1129 1933 1220 1968 parte
1245 1928 1349 1958 colore
1376 1932 1408 1958 et
1434 1929 1645 1969 magnitudine
1671 1929 1858 1959 camelorum
1894 1938 1956 1970 ge-

173 1991 380 2021 nerositatem
409 1991 621 2032 significasse,
651 1996 717 2021 tum
734 1992 931 2033 generaliore
957 1993 1081 2023 nomine
1105 1992 1196 2030 Aah>
1210 1996 1351 2022 utentem
1367 1992 1501 2031 pingues
1515 2000 1570 2021 eos
1598 2000 1708 2020 omnes
1734 1990 1834 2021 fuisse
1853 1991 1958 2021 dicere

175 2053 330 2082 voluisse.
383 2053 491 2083 Verbo
530 2058 614 2097 00⁸²
640 2063 697 2083 eos
726 2063 745 2083 a
772 2058 861 2092 prato
890 2053 1016 2084 domum
1058 2053 1192 2083 rediisse
1220 2054 1331 2083 voluit.
1384 2054 1459 2083 Vox
1485 2051 1572 2094 &5522
1600 2063 1669 2082 eam
1704 2052 1874 2094 designat,
1906 2055 1956 2084 cui

176 2114 322 2153 pabulum
350 2112 464 2152 (eb-Le)
492 2115 623 2144 multum
651 2115 833 2157 porrigitur,
863 2121 898 2146 ut
924 2112 1095 2156 proxiyku
1120 2115 1174 2155 sit,
1201 2115 1273 2145 inde
1300 2115 1372 2145 talis
1400 2114 1518 2144 camela
1542 2115 1596 2155 sit,
1618 2125 1700 2155 quae
1721 2115 1801 2145 domi
1830 2119 1954 2144 retenta

176 2174 383 2216 pinguefacta
410 2180 471 2205 est.
524 2176 573 2205 De
598 2186 679 2206 voce
708 2176 828 2214 *als-ossi
855 2179 1057 2208 dissentiunt.
1110 2178 1192 2208 Sunt
1217 2179 1269 2216 qui
1308 2177 1431 2216 dicant,
1465 2187 1579 2207 vocem
1608 2183 1731 2216 pratum
1759 2176 1953 2217 significare,

176 2237 259 2277 quod
284 2237 408 2268 medica
446 2237 544 2268 herba
577 2236 699 2281 (aa-223)
734 2240 890 2278 abundet,
924 2250 1111 2280 quamquam
1150 2242 1276 2269 nomina
1308 2239 1367 2268 loci
1399 2241 1502 2269 rarius
1541 2239 1672 2269 formam
1706 2237 1794 2274 &huia
1827 2239 1954 2268 habeut.

177 2299 297 2340 (conf.
325 2299 436 2331 Gram.
464 2301 520 2330 Ar.
547 2301 584 2330 T.
602 2301 625 2330 Ι.
655 2311 686 2341 p.
714 2301 795 2334 304.
824 2301 924 2340 306).
949 2302 1148 2332 Scholiastes
1168 2312 1229 2332 non
1252 2312 1287 2332 re
1311 2311 1389 2332 vera
1416 2303 1541 2333 herbam
1569 2303 1718 2334 medicam
1733 2303 1772 2333 ibi
1785 2312 1951 2343 crescere3

176 2361 234 2391 sed
261 2362 377 2391 herbas
405 2361 522 2392 densas
549 2367 636 2392 statu
665 2362 785 2393 herbae
814 2365 954 2394 medicae
980 2364 1102 2394 similes
1130 2364 1233 2394 fuisse
1260 2364 1343 2394 dicit.
1392 2365 1454 2394 Alii
1477 2366 1549 2396 voci
1576 2366 1665 2395 falcis
1692 2364 1952 2405 significationem

177 2424 260 2454 dant.
310 2424 380 2453 Hac
400 2428 531 2463 recepta
554 2425 678 2463 cameli,
707 2425 820 2465 quibus
847 2426 963 2456 herbae
989 2425 1072 2456 falce
1100 2432 1249 2456 resectae
1276 2428 1488 2468 porriguntur,
1512 2428 1685 2469 significari
1716 2434 1862 2466 possunt.
1890 2429 1954 2458 Alii

178 2485 312 2526 denique
338 2486 409 2515 voci
436 2486 494 2515 viri
522 2488 653 2517 multum
681 2487 822 2517 secantis
849 2486 1113 2526 significationem
1139 2496 1213 2516 esse
1238 2487 1361 2528 dicunt,
1395 2498 1458 2528 quo
1491 2498 1583 2518 nemo
1609 2488 1668 2517 nisi
1694 2488 1794 2518 lanius
1833 2489 1893 2519 lioc
1921 2491 1951 2519 in

178 2569 277 2589 versu
290 2560 462 2601 significari
483 2561 619 2591 videtur.
649 2562 768 2592 Eadem
796 2560 985 2602 significatio
995 2562 1069 2591 voci
1084 2551 1220 2603 *halt-fam,
1239 2571 1319 2601 quae
1343 2562 1405 2593 hoc
1423 2572 1550 2603 quoque
1564 2563 1633 2593 loco
1654 2562 1777 2603 legitur,
1793 2565 1953 2603 convenit,

180 2620 281 2651 forma
298 2624 377 2651 enim
404 2622 517 2663 virum,
544 2623 595 2653 cui
623 2623 755 2654 secandi
781 2625 943 2665 negotium
971 2628 1043 2665 est,
1076 2623 1234 2666 designat.
1288 2625 1350 2664 Qui
1381 2625 1410 2655 in
1446 2630 1555 2655 nostro
1581 2624 1650 2654 loco
1676 2622 1794 2661 quaem
1831 2626 1952 2667 legunt,
