2155 2892
896 133 1168 165 —300—

136 235 198 265 nisi
220 233 439 265 recordatione
466 233 620 273 temporis
650 234 831 274 praeteriti,
869 243 932 275 quo
959 244 1030 266 oum
1057 244 1097 265 ea
1120 235 1152 266 in
1183 235 1295 267 eadem
1323 235 1459 278 regione
1483 234 1628 278 degerit,
1666 237 1809 268 dolorem
1835 236 1936 268 lenire

138 296 252 338 possit.
304 296 406 326 Poeta
430 304 500 326 cum
527 296 698 337 negatione
734 293 758 324 Lo
783 296 997 338 interrogandi
1025 298 1239 337 particulaml
1263 304 1318 330 aut
1349 301 1388 331 ad
1413 300 1631 332 affirmandam
1656 302 1841 333 sententiam
1878 308 1934 334 aut

140 359 179 390 ad
204 357 383 399 negandam
410 358 583 388 coniunxit.
615 357 851 389 Grammaticus
872 360 945 390 Ahli
971 361 1001 390 b.
1030 361 1104 392 lhsa
1129 364 1229 393 verbo
1259 360 1380 403 &taxat
1413 363 1684 405 significationem
1714 365 1932 395 »sanationem

140 426 271 462 petere«
301 420 417 459 tribuit,
444 420 518 451 dum
544 421 595 451 alii
622 420 765 451 decimae
791 421 913 452 formae
940 423 1073 454 eandem
1099 424 1369 465 significationem
1396 434 1434 455 ac
1468 430 1600 465 quartae
1636 425 1827 457 sanandi
1859 435 1935 456 esse

141 483 258 515 dicunt.
323 484 399 514 Vox
425 488 535 522 Qu,
571 488 606 514 ut
639 493 681 514 ex
716 485 884 515 coniuncta
909 494 994 514 voce
1020 495 1090 532 ἃμ
1115 485 1226 516 videre
1252 486 1336 525 licet,
1362 486 1424 517 hoc
1450 487 1480 517 in
1506 496 1605 518 versu
1630 497 1687 528 pro
1714 498 1827 525 Qun
1852 487 1937 518 dicta

141 549 192 576 est
218 551 250 576 et
274 547 376 577 verba
401 543 482 575 ota...
506 560 549 585 0-
574 551 650 577 sunt
676 555 732 586 pro
756 545 837 575 >tam
862 545 930 593 σε)
959 562 1011 586 00.
1046 548 1299 579 Homoioteleuti
1325 558 1424 580 causa
1450 551 1550 581 verba
1576 551 1775 591 transposita
1799 554 1877 581 sunt
1902 553 1936 580 et

142 608 190 639 sic
217 608 459 640 constituenda:
484 610 565 637 atam
589 623 632 647 (μ
658 620 743 657 &5⁴⁸2
771 620 873 647 μω
1846 593 1847 596 ¹

142 719 176 749 2.
217 716 268 747 Ab
289 720 358 747 eius
381 713 536 757 (domus)
564 718 733 747 ruderibus
765 718 887 748 oculum
910 720 1062 749 abducere
1081 720 1201 755 studeo,
1235 731 1325 758 nam,
1351 721 1476 759 quando
1496 721 1609 751 oculus
1630 725 1704 751 tuus
1724 722 1841 751 rudera
1862 729 1937 758 ⁶09·

194 765 197 768 Δ
911 777 1025 810 noscit,
1044 775 1159 812 plorat.

257 842 424 882 Quomodo
452 842 610 882 adspectu
639 842 751 874 domus
780 843 818 873 ab
846 843 945 873 amica
970 844 1102 874 relictae
1127 843 1238 874 dolore
1264 843 1447 886 adficiatur,
1475 843 1636 874 describit.
1688 841 1852 873 Ruderum
1877 841 1937 872 do-

144 915 266 937 morum
291 906 329 936 ab
359 905 468 935 amicis
496 906 676 936 relictarum
707 909 819 945 poetae
839 907 970 946 saepius
998 906 1190 936 mentionem
1218 905 1340 936 faciunt
1366 905 1476 936 conf.
1505 905 1612 936 Taraf.
1638 904 1747 934 Moall.
1766 913 1799 934 v.
1830 904 1861 934 1.
1886 903 1933 934 Se

144 978 273 1008 operam
311 967 386 998 dare
418 967 514 1008 dicit,
542 973 576 998 ut
611 969 738 999 oculum
775 968 924 1009 decipiat,
953 979 993 999 ne
1019 969 1134 999 rudera
1160 969 1338 1008 conspiciat
1365 973 1398 999 et
1424 969 1453 998 in
1481 967 1662 1008 posteriore
1689 970 1779 1006 parte
1805 974 1935 996 causam

143 1031 247 1071 addit3
274 1031 345 1061 vult
369 1032 452 1060 enim
479 1040 498 1061 a
524 1031 623 1061 sociis
650 1031 809 1062 tristitiam
836 1041 939 1071 suam,
967 1041 1049 1071 quae
1078 1031 1229 1072 lacrymis
1256 1035 1403 1071 apparet,
1431 1031 1549 1061 celare.
1584 1030 1618 1059 In
1651 1028 1829 1069 posteriore
1847 1033 1938 1068 parte

143 1104 313 1135 personam
340 1104 378 1125 se
405 1095 569 1134 alloquens
609 1095 745 1125 mutavit
780 1098 814 1125 et
851 1094 1000 1125 oculus
1040 1098 1140 1124 tuus
1176 1093 1272 1125 dixit:
1308 1093 1368 1124 sed
1400 1093 1431 1123 in
1466 1093 1527 1124 alio
1561 1092 1671 1124 codice
1699 1097 1778 1132 6⁹⁵⁸
1808 1091 1937 1122 »oculus

143 1165 258 1186 meus«
289 1156 417 1198 legitur.

145 1267 178 1296 3.
221 1265 275 1296 Ibi
292 1264 447 1294 dorcades
469 1263 547 1292 velis
569 1264 706 1292 obteclas
727 1264 800 1301 vidi,
821 1268 852 1293 et
873 1265 934 1294 Ιιαε
955 1265 1110 1294 dorcades
1133 1275 1225 1295 mane
1245 1266 1324 1295 velis
1346 1265 1436 1295 haud
1454 1265 1592 1295 obtectae
1613 1267 1698 1295 sunt.

244 1333 454 1365 Praeteritum
482 1336 610 1372 tempus
638 1342 706 1363 cum
734 1338 906 1373 praesente
933 1334 1063 1366 confert.
1114 1334 1174 1365 Ubi
1200 1335 1338 1366 feminae
1364 1335 1437 1366 olim
1463 1335 1656 1376 habitabant,
1676 1343 1757 1365 nunc
1784 1332 1939 1364 dorcades

147 1401 332 1429 versantur.
382 1396 532 1426 Feminae
560 1405 631 1426 cum
660 1395 850 1427 dorcadibus
877 1406 896 1427 a
923 1398 1027 1437 poetis
1055 1407 1155 1438 saepe
1188 1401 1407 1438 comparantur
1441 1401 1474 1427 et
1499 1397 1581 1428 haec
1607 1406 1706 1427 causa
1731 1400 1795 1437 est,
1821 1404 1877 1426 cur
1909 1396 1941 1425 in

145 1461 251 1502 priore
277 1468 396 1489 versus
421 1463 513 1498 parte
540 1455 634 1498 Uis>9
660 1458 777 1489 dixerit
804 1459 909 1490 conf.
937 1460 1027 1490 Ham.
1054 1469 1084 1499 p.
1111 1458 1155 1489 ΙΛῚΞ
1181 1469 1213 1489 v.
1241 1460 1273 1490 2.
1302 1464 1334 1491 et
1360 1459 1466 1490 Tar-af.
1495 1459 1603 1489 Moall.
1626 1468 1659 1488 v.
1676 1459 1697 1489 6
1726 1467 1794 1498 sqq.
1825 1458 1936 1488 Antar.

145 1523 255 1554 Moall.
282 1532 315 1552 v.
344 1521 400 1552 57.
429 1521 517 1552 Caab
544 1521 574 1551 b.
611 1520 727 1551 Sohair
754 1532 786 1552 v.
823 1523 856 1553 2.
919 1523 1070 1553 Feminas
1108 1523 1229 1553 nobiles
1263 1521 1347 1562 apud
1376 1522 1502 1551 Arabes
1529 1520 1653 1550 nonnisi
1680 1520 1761 1550 velis
1789 1520 1938 1550 obtectas

146 1585 272 1626 prodire
288 1585 432 1614 omnibus
459 1589 568 1614 notum
583 1589 644 1614 est.
672 1585 762 1615 Velis
781 1595 838 1625 pro
858 1586 1084 1627 magnitudinis
1102 1586 1252 1616 diversae
1271 1586 1405 1622 ratione,
1434 1582 1505 1613 dum
1524 1583 1586 1613 alia
1611 1587 1665 1614 aut
1683 1587 1782 1614 totam
1808 1582 1935 1623 faciem,

145 1649 206 1680 alia
233 1652 353 1688 partem
380 1647 471 1677 faciei
496 1651 551 1677 aut
578 1648 682 1688 magis
709 1653 765 1678 aut
791 1648 891 1679 minus
918 1649 1084 1690 tegebant,
1103 1648 1234 1678 diversa
1263 1647 1386 1677 nomina
1413 1651 1513 1677 erant.
1540 1647 1668 1677 Nomen
1694 1646 1759 1676 veli
1787 1644 1939 1687 generale

145 1708 223 1748 „atis
250 1709 351 1740 fuisse
385 1709 527 1749 videtur3
566 1719 633 1739 vox
670 1707 736 1760 ξω
761 1711 881 1752 velum,
921 1711 1003 1750 quod
1033 1715 1128 1750 caput
1155 1715 1187 1740 et
1213 1709 1325 1740 faciem
1352 1709 1444 1750 tegit,
1471 1713 1531 1747 est,
1559 1710 1623 1756 ἐξ..)
1651 1713 1703 1738 est
1730 1709 1834 1738 velum
1861 1707 1938 1748 tale,

146 1780 182 1805 ut
214 1773 274 1804 soli
308 1773 389 1804 oculi
425 1773 668 1812 conspiciantur.
734 1756 873 1804 l'arvum
908 1774 972 1804 tale
1007 1773 1113 1802 velum
1142 1780 1266 1810 quoque
1292 1771 1396 1802 ὡς.
1422 1775 1455 1801 et
1484 1770 1605 1812 Qolyo,
1633 1770 1818 1810 appellatur.
1869 1769 1940 1799 Hoc

144 1836 270 1876 puellae
295 1839 435 1866 utuntur.
489 1835 563 1865 Vox
590 1831 648 1882 ,tas
677 1836 797 1877 velum,
825 1845 888 1876 quo
916 1845 952 1865 os
980 1839 1010 1866 et
1038 1835 1119 1865 labia
1146 1839 1299 1875 teguntur
1325 1833 1433 1864 conf.
1451 1833 1528 1863 Har.
1556 1843 1586 1872 p.
1615 1832 1695 1872 l⁸vt²3
1723 1836 1755 1862 at
1781 1840 1847 1861 vox
1879 1827 1938 1878 rus

145 1899 252 1928 velum
279 1906 460 1927 mucronem
485 1896 555 1927 nasi
581 1901 700 1938 tegens
727 1897 888 1938 designat.
929 1897 1041 1928 Velum
1062 1896 1149 1942 ,Lab
1175 1897 1366 1936 appellatum
1392 1896 1440 1926 sic
1468 1894 1586 1926 Golius
1609 1893 1798 1933 descripsit:
1831 1892 1940 1933 operi-

147 1964 285 1991 mentum
312 1959 425 1998 capitis
451 1969 511 1989 seu
550 1958 645 1989 faciei
681 1959 847 1999 muliebre,
888 1962 1082 2000 praecipue,
1112 1961 1157 1990 ita
1187 1960 1231 1989 uti
1258 1968 1339 1988 nunc
1366 1968 1435 1988 mos
1463 1958 1593 1995 obtinet,
1619 1956 1702 1996 quod
1729 1955 1939 1986 anterioribus

148 2020 222 2051 colli
247 2021 403 2060 partibuS,
431 2024 539 2050 mento
566 2025 664 2060 atque
691 2021 736 2050 ori
764 2025 964 2061 praetentum
991 2031 1131 2061 superne
1158 2021 1188 2050 in
1215 2020 1330 2060 capitis
1357 2019 1480 2049 vertice
1493 2018 1638 2048 nodatur.
1667 2017 1809 2048 Eandem
1835 2016 1939 2058 signi-

148 2083 330 2114 ficationem
358 2092 425 2112 vox
449 2084 556 2119 »9.μώ
579 2083 697 2113 habere
725 2083 863 2114 videtur.
916 2084 1014 2114 Viros
1041 2083 1122 2114 velis
1139 2084 1195 2124 uti,
1221 2083 1318 2113 minus
1344 2087 1454 2111 notum
1481 2085 1543 2111 est.
1570 2081 1724 2121 Narrant,
1739 2078 1939 2110 Salamahum

149 2145 380 2185 Dsu-Fajesch
399 2144 561 2186 (regulum
573 2146 818 2186 Jemancnsem)
837 2147 938 2176 semel
957 2157 1014 2186 per
1032 2156 1145 2177 annum
1172 2146 1245 2175 velo
1273 2145 1433 2175 obtectum
1460 2146 1490 2174 in
1507 2148 1712 2183 conspectum
1732 2142 1837 2184 gentis
1856 2150 1936 2171 suae

150 2208 318 2249 prodiisse.
381 2207 556 2248 Dignitatis
593 2208 721 2248 signum
757 2213 808 2239 est
842 2209 983 2239 fortasse
1012 2219 1054 2239 ex
1080 2210 1300 2239 Hebraeorum
1328 2208 1390 2237 ritu
1416 2207 1609 2246 desnmtum,
1636 2215 1698 2246 quo
1724 2205 1813 2245 regis
1838 2204 1938 2234 instar

151 2254 212 2300 Dei
238 2278 294 2298 ora
319 2268 488 2308 adspicere
514 2268 664 2307 populum
692 2269 910 2308 prohibebant.
964 2271 1053 2301 llaec
1080 2281 1206 2311 quoque
1232 2280 1333 2301 causa
1357 2270 1458 2300 fuisse
1485 2269 1624 2307 videtur,
1655 2278 1711 2299 cur
1736 2267 1936 2298 Mohamme-

152 2331 210 2362 des
236 2330 395 2371 propheta
419 2330 542 2360 nonnisi
571 2331 645 2361 velo
673 2335 778 2361 tectus
806 2332 916 2378 (δέξαιο)
944 2333 1096 2372 prodiret.
1149 2334 1191 2363 Et
1216 2332 1450 2363 Mokanuahum
1479 2332 1645 2363 Cenditam
1680 2335 1713 2360 et
1740 2328 1935 2359 Wadhdha-

152 2394 227 2425 hum
254 2390 394 2425 Arabiae
421 2394 523 2425 felicis
541 2391 566 2438 ¹)
592 2394 716 2424 nonnisi
745 2395 819 2425 velo
852 2398 958 2424 tectos
984 2395 1015 2425 in
1040 2396 1248 2426 conventibus
1276 2396 1409 2436 publicis
1436 2395 1625 2435 apparuisse
1651 2396 1786 2423 narrant.
1821 2391 1934 2422 conl.

154 2456 259 2487 Abuls.
287 2457 370 2487 Ann.
396 2457 432 2489 T.
457 2457 486 2486 11
513 2467 542 2497 p.
571 2455 653 2487 639.
680 2455 751 2487 adn.
781 2456 839 2487 51.
867 2457 948 2488 Cum
976 2460 1155 2497 posteriore
1181 2464 1273 2499 parte
1300 2469 1418 2490 seusus
1444 2458 1571 2490 Sohairi
1598 2456 1706 2487 Moall.
1733 2465 1765 2485 v.
1793 2454 1826 2486 3.
1854 2465 1934 2486 con-

187 2576 219 2607 l)
239 2576 405 2607 Cognomina
424 2576 543 2600 virorum
561 2579 631 2601 sunt.
652 2577 808 2601 VVadhdhab
827 2583 976 2609 cognomen
995 2585 1098 2610 quoque
1110 2577 1271 2611 Djadsimahi
1292 2582 1438 2607 Alabrasch
1457 2583 1525 2606 erat.
1542 2581 1626 2604 conf.
1646 2579 1722 2603 Essa?
1739 2585 1786 2603 sur
1804 2578 1934 2604 l'histoire

232 2623 282 2657 ,des
301 2623 402 2646 Arabes
420 2624 454 2654 11,
473 2623 516 2647 17.
