2155 2892
924 161 1191 193 -613—

149 266 329 298 ficationem
366 267 500 306 habere,
541 267 737 296 scholiastes
764 274 782 294 e
808 265 914 293 verbis
942 261 1174 292 Mohanunedis
1202 260 1369 290 traditione
1397 259 1436 290 ud
1465 270 1522 290 nos
1554 260 1670 291 ‹lt-lutis
1706 261 1839 300 probare
1869 260 1944 290 vult.

155 330 283 369 »Quum
311 331 420 360 soleae
445 328 624 368 madetiuut,
654 335 766 367 preces
793 325 822 355 iu
850 326 1065 355 mansionibus
1095 322 1257 353 faciendae
1282 329 1390 352 suun«

943 442 1191 477 Lxxxn'.

508 511 701 552 luant-1·
723 510 762 544 b.
786 510 981 552 llaJJan
1013 510 1188 553 (Men-s.
1212 506 1419 549 ΙΙοΙηιΙι)
1444 506 1575 539 anxit.

150 580 180 608 1.
223 579 263 610 Si
281 580 341 619 filii
363 583 424 610 mei
440 582 625 620 fratresque
640 590 715 617 opes
735 590 821 609 meas
835 581 986 613 dividunt,
1001 583 1148 608 ntrlnrmu
1164 586 1262 605 meam
1283 586 1469 613 yenerusam
1493 579 1522 604 el
1543 576 1657 612 uyendi
1677 579 1827 603 talionem
1844 585 1942 604 meam

928 643 991 661 nou
1014 633 1159 661 divident.

242 704 288 735 Se
314 709 439 734 mortuo
466 704 624 734 haeredes
652 713 730 743 opes
759 713 837 734 suas
865 704 945 733 inter
972 712 1008 732 se
1037 702 1262 732 distributuros
1293 710 1381 739 esse,
1411 706 1443 730 ut
1470 700 1510 729 nil
1538 700 1599 738 ipsi
1627 699 1842 737 relinquatur3
1879 700 1937 729 sed

143 767 281 797 virtutes
309 771 342 796 et
367 766 531 796 benefacta
558 767 587 796 iu
614 767 694 796 alios
723 776 784 795 non
813 766 985 796 transitura
1013 775 1102 801 esse,
1120 769 1277 794 uteorum
1297 763 1367 792 laus
1397 767 1471 801 post
1497 768 1626 792 inor-tem
1651 766 1821 791 remaneat.
1850 763 1938 792 Loco

142 830 235 858 vocis
261 828 369 870 32:53,
395 830 424 858 iu
451 829 611 858 Mersukii
636 827 745 858 codice
771 828 881 869 gyno,
913 830 964 857 »el
994 836 1110 856 uxores
1141 833 1252 855 ineaeu
1286 826 1413 866 legitur.

140 925 172 954 2.
217 924 300 962 Opes
322 935 408 954 meas
429 927 468 954 iis
492 925 648 954 commodo
669 924 829 962 let-ipendo
851 927 880 952 el
900 934 948 952 me
970 934 1024 952 eas
1045 924 1237 951 lmereditnle
1261 922 1433 952 rirenliIms
1455 922 1639 950 reliclm·um
1663 930 1740 953 esse,
1764 922 1826 949 scio
1849 922 1936 948 modo

874 980 1025 1006 uuu'orum
1056 988 1084 1005 m
1089 988 1203 1006 eornm.

242 1046 347 1084 Quum
374 1049 425 1077 vir
452 1047 650 1086 experientia
677 1048 829 1078 maiorum
856 1046 1000 1086 edoctus,
1027 1056 1064 1076 se
1092 1050 1248 1076 mortuum
1285 1054 1364 1084 opes
1392 1054 1503 1074 ornnes
1533 1044 1722 1074 haeredibus
1750 1043 1931 1073 relicturum

137 1119 226 1151 esse,
253 1111 343 1152 sciat,
370 1111 515 1141 lubenter
541 1120 598 1141 eas
625 1110 818 1150 pauperibus
845 1108 1107 1148 hospitibusque,
1148 1106 1218 1137 dum
1253 1106 1346 1146 vivit,
1373 1105 1530 1136 concedit.
1586 1106 1660 1136 Vox
1685 1111 1756 1149 ἐἰμι
1784 1116 1801 1135 e
1830 1106 1930 1135 verbo

137 1172 219 1216 ,ἐμῇ
247 1173 367 1202 omisso
394 1172 520 1212 pendet.

134 1269 167 1298 3.
210 1269 256 1299 El
278 1269 417 1306 hospites
439 1270 471 1298 in
494 1279 538 1304 eo,
563 1270 648 1308 quod
666 1271 705 1298 iis
734 1271 929 1307 supervenit,
961 1272 1098 1305 tempore
1115 1271 1278 1306 premente
1299 1270 1377 1306 ipsis
1397 1272 1519 1306 patrem
1542 1268 1620 1297 milti
1639 1268 1771 1296 similem
1795 1277 1856 1296 non
1880 1269 1931 1296 in-

966 1326 1098 1353 venient.

232 1392 474 1422 Liberalitatem
501 1401 592 1422 suam
620 1392 650 1422 in
677 1392 821 1432 hospites
848 1394 940 1423 talem
968 1394 998 1423 in
1024 1393 1150 1423 modum
1178 1392 1296 1432 laudat,
1313 1396 1358 1429 ut,
1379 1401 1414 1422 se
1442 1395 1563 1422 mortuo
1591 1394 1745 1421 neminem
1775 1392 1845 1420 illos
1872 1390 1929 1420 sibi

134 1454 268 1484 similem
295 1454 459 1484 habituros
487 1463 572 1493 esse,
599 1454 691 1486 dicat.
744 1456 869 1486 Patrem
909 1456 1067 1496 hospitum
1094 1465 1131 1485 se
1158 1454 1298 1495 adpellat
1325 1454 1579 1495 significaturus,
1607 1463 1645 1483 se
1673 1463 1782 1483 eorum
1819 1462 1928 1482 curam

133 1515 226 1546 modo
253 1516 351 1555 patris
379 1515 507 1546 habere.
573 1517 671 1547 Simili
708 1517 801 1547 modo
838 1523 933 1557 poeta
958 1513 1169 1558 Abu-l'lhjal
1200 1516 1380 1547 Ilodsailita
1409 1516 1534 1546 locutus
1564 1520 1614 1544 est
1643 1516 1751 1553 (metr.
1780 1513 1926 1552 u'afirJ:

132 1578 267 1608 Pater
292 1578 586 1618 orphanorum
614 1585 652 1610 et
679 1580 890 1620 hospitum
918 1580 1040 1619 hora,
1072 1590 1149 1620 qua
1185 1585 1305 1619 pater
1334 1588 1409 1608 nou
1437 1586 1509 1608 est.
1563 1578 1597 1606 ln
1626 1577 1784 1606 Mersukii
1813 1575 1923 1606 codice

131 1641 197 1670 loco
225 1639 317 1670 vocis
344 1638 393 1686 Ν.)
420 1640 537 1680 legitur
563 1638 588 1677 bi
616 1645 647 1672 et
673 1642 741 1672 loco
768 1645 856 1674 vocis
882 1639 907 1679 bl
936 1652 1001 1673 vox
1028 1640 1103 1683 ste)
1123 1643 1253 1672 inverso
1282 1641 1390 1671 ordine
1418 1647 1479 1670 est.

914 1752 1147 1785 LXXXV.

849 1817 1023 1851 Hatim
1065 1816 1197 1850 dixit.

877 1878 1003 1917 (conf.
1033 1889 1063 1918 p.
1091 1879 1168 1917 olm)

128 1945 157 1974 1.
202 1943 330 1980 erolae'es
351 1944 464 1975 mulier
486 1947 669 1984 vituperans
688 1956 737 1977 me
755 1951 958 1989 perstrinxit,
976 1951 1070 1988 quusi
1083 1960 1157 1987 opes
1171 1961 1258 1979 meas
1275 1951 1354 1979 (Imm
1373 1952 1454 1979 elates
1476 1953 1576 1987 ipsum
1599 1952 1718 1979 inim-id
1739 1950 1926 1989 adficerent!

240 2014 379 2055 Saepius
409 2015 526 2046 factum
553 2026 629 2046 esse
656 2018 806 2058 videtur,
847 2022 882 2048 ut
910 2029 1027 2049 uxores
1057 2019 1187 2049 maritos
1215 2019 1254 2049 ob
1281 2020 1406 2049 nimiam
1435 2019 1654 2050 liberalitatem
1691 2021 1921 2059 vituperarent.

127 2075 228 2106 Poeta
254 2080 360 2106 aulem
388 2081 496 2108 noster
524 2082 610 2109 tauta
638 2079 827 2110 liberalitate
853 2085 947 2111 notus
976 2087 1057 2123 erat,
1074 2081 1155 2112 utin
1182 2083 1342 2122 proverbii
1369 2084 1629 2114 cousuetudinem
1656 2083 1783 2113 veniret
1812 2083 1918 2112 conf.

125 2150 224 2180 Meid.
253 2152 287 2192 5,
318 2152 396 2182 155.
424 2152 482 2190 21,
513 2153 592 2183 137.
621 2154 692 2195 22,
727 2153 808 2185 245.
874 2156 961 2186 Loco
995 2156 1164 2186 verborum
1194 2144 1264 2204 ξςλε
1290 2160 1374 2191 ΜΞ
1401 2158 1518 2200 legitur
1545 2168 1690 2199 quoque:
1731 2156 1801 2195 &Aa
1837 2161 1920 2189 vsa-9

129 2219 247 2243 »noctu
274 2215 478 2256 evigilavit«.
506 2216 634 2256 Duplex
659 2218 767 2247 verbis
794 2227 912 2247 sensus
938 2220 1049 2248 inesse
1077 2224 1209 2260 potest,
1238 2225 1294 2250 aut
1320 2220 1380 2250 viri
1407 2221 1628 2251 liberalitatem
1657 2226 1775 2250 tantam
1805 2220 1916 2258 fuisse,

124 2280 159 2305 ut
186 2284 265 2305 uxor
292 2277 395 2306 noctis
422 2283 564 2316 tempore
593 2278 677 2308 curis
702 2284 901 2318 premeretur
929 2285 962 2310 et
988 2280 1124 2311 dormire
1152 2290 1213 2311 non
1242 2288 1356 2322 posset
1375 2289 1430 2314 aut
1449 2294 1579 2315 uxorem
1606 2284 1645 2314 ad
1673 2282 1915 2323 vituperandum

123 2338 226 2368 noctis
254 2343 381 2379 tempus
409 2339 564 2381 elegisse,
591 2340 674 2380 quod
702 2341 837 2372 interdiu
864 2343 904 2373 ob
931 2343 1068 2384 hospitis
1085 2346 1299 2384 praesentiam
1320 2349 1463 2378 maritum
1492 2350 1674 2387 vituperare
1702 2357 1762 2376 non
1791 2351 1915 2386 posset.

122 2448 153 2476 ἓ.
208 2448 235 2478 0
270 2450 452 2486 tiluperans
483 2449 620 2479 mulier!
659 2451 831 2481 liberalitas
867 2463 915 2482 me
948 2463 1010 2484 non
1041 2457 1147 2493 perdi!
1180 2465 1280 2495 neque
1316 2456 1419 2486 filiius
1454 2459 1591 2485 animam
1632 2466 1760 2485 rit-trram
1795 2464 1919 2492 semper

929 2514 1103 2539 conservat.
1712 2509 1772 2550 (ι).
1796 2510 1914 2552 21².)

223 2573 293 2603 Hoc
318 2583 415 2605 versu
442 2574 707 2615 vituperationem
735 2576 882 2607 refellere
909 2578 1027 2610 studet.
1054 2578 1170 2609 Mulier
1197 2580 1301 2618 ipsum
1329 2581 1398 2610 sine
1425 2580 1518 2610 dubio
1544 2581 1808 2620 vituperaverat,
1835 2581 1918 2621 quod

121 2633 234 2672 opibus
260 2634 438 2675 dilapidatis
463 2642 496 2668 et
522 2646 560 2668 se
587 2641 619 2669 et
646 2648 774 2670 uxorem
802 2640 962 2679 perderet.
1002 2642 1085 2673 Rem
1112 2644 1154 2673 ita
1181 2652 1244 2672 nou
1273 2652 1349 2673 esse
1371 2642 1458 2682 dicit,
1477 2643 1592 2683 quippe
1619 2653 1721 2683 neque
1747 2644 1920 2676 liberalitas
