2155 2892
940 117 1181 147 -37-

170 217 287 258 laedat,
314 221 380 247 tum
406 216 626 247 liberalitatem
651 223 802 244 summam
829 214 857 244 ei
886 213 1067 245 adscribit«
1088 215 1247 254 'l'emporo
1266 215 1378 245 hiemis
1394 216 1520 246 Arabes
1540 216 1612 247 ludo
1635 217 1788 249 sortiendi
1812 221 1957 260 sagium,

170 290 261 322 quem
282 281 357 310 Ἰ“.Ι.
374 290 402 320 p.
419 280 501 311 309.
518 277 694 310 aoth-169.
711 277 792 306 4³7.
821 276 990 316 descripsi,
1019 277 1164 315 occupati
1193 281 1292 307 erant.
1321 277 1470 308 Curnelus
1498 280 1651 310 iuvencus
1681 285 1839 312 mactatus
1866 287 1899 312 et
1928 283 1958 312 in

169 344 276 384 plures
304 349 413 383 partes
439 342 563 373 divisus
590 340 629 370 ad
657 339 851 369 sortiendum
880 340 1126 380 proponebatur.
1181 340 1304 370 Noster
1330 341 1425 380 dicit,
1464 341 1593 372 fratrem
1620 353 1689 375 cum
1717 346 1858 376 sortibus
1885 346 1955 376 suis

167 406 207 437 ml
235 407 374 437 cnuielos
402 406 525 446 magnis
553 404 653 444 gibbis
683 403 842 442 praeditos
871 402 982 431 ivisse.
1035 402 1066 431 ln
1095 402 1154 431 hoc
1182 403 1278 443 igitur
1305 413 1449 434 summae
1477 404 1675 436 liberalitatis
1696 408 1764 436 laus
1784 412 1845 449 est,
1871 408 1955 448 quod

167 468 246 498 talc,-
270 467 408 498 mundos
434 466 638 505 proponebat,
692 465 809 494 Forma
835 463 915 492 -ἱ-’Σῳο
942 469 1046 493 autem
1075 464 1255 505 significat,
1284 476 1355 496 eum
1383 476 1510 506 semper
1537 468 1619 497 tales
1647 470 1786 499 camelos
1814 470 1853 500 ad
1881 480 1955 501 sor-

168 530 308 561 tiendum
335 530 487 570 elegisse.
540 529 581 558 Et
609 528 690 558 idem
721 528 750 558 in
779 528 879 557 sorum
905 529 995 557 vocis
1023 525 1109 562 dh>
1137 528 1302 558 dicendum
1332 534 1393 558 est.
1456 529 1561 559 Onera
1599 531 1669 560 aliis
1706 533 1860 570 portanda
1895 534 1956 564 sibi

168 603 295 632 semper
328 592 518 632 imponebat.
579 591 628 621 Ad
668 592 773 630 plures
812 596 919 621 autem
958 600 1010 620 res
1047 591 1105 621 hoc
1139 591 1249 621 referri
1283 595 1410 631 potest3
1449 602 1500 622 res
1528 592 1674 623 difficiles
1702 603 1758 634 pro
1786 595 1856 626 aliis
1884 605 1954 626 eum

168 655 336 696 peregisse
364 658 418 685 aut
444 655 591 694 captivos
620 664 690 684 euin
719 654 894 684 redemisse
921 659 975 684 aut
1003 653 1108 684 debita
1134 654 1277 684 solvisse
1305 660 1366 685 etc.

168 754 199 783 4.
222 753 295 782 Duo
317 753 412 781 antici
432 753 556 780 omnino
572 752 714 788 separati
725 754 808 783 sunt,
832 753 863 779 si
876 752 958 779 inter
974 760 1026 780 eos
1041 754 1126 779 [erra
1140 754 1196 783 esl,
1216 752 1289 780 dum
1301 761 1385 781 unus
1397 762 1494 790 snper
1505 763 1541 782 ea
1551 757 1608 787 est,
1634 754 1713 783 aller
1728 755 1786 783 sub
1801 764 1838 784 ea
1851 757 1952 785 tritus.

266 820 429 861 Quaeritur,
456 821 541 861 quod
568 825 709 850 mortuus
737 820 896 859 vivusque
926 820 1047 849 omnino
1075 821 1216 859 separati
1244 821 1318 859 sint,
1345 821 1389 852 ita
1411 827 1444 852 ut
1473 832 1553 852 unus
1581 822 1620 853 ad
1641 824 1773 854 alterum
1794 833 1954 864 nunquam

168 883 326 915 accedere
354 885 467 923 possit.
519 883 640 913 Vocem
667 880 714 920 ὁὶ.)
750 883 865 922 duplici
902 883 993 912 modo
1030 883 1221 914 scholiastes
1257 885 1405 925 explicat.
1465 886 1531 916 Aut
1564 886 1782 926 praedicatum
1817 886 1954 917 subiecti

168 947 260 976 vocis
275 939 338 974 lv‘kss
354 955 430 975 esse
457 950 511 974 aut
538 944 744 974 describendo
771 946 882 984 statui,
911 950 946 975 ut
972 948 1013 975 sit
1040 956 1098 985 pro
1116 945 1199 986 kelta,
1228 947 1267 976 ob
1294 946 1454 986 rythmum
1481 947 1543 978 fine
1567 948 1656 978 vocis
1684 952 1813 989 mutato,
1840 957 1954 979 vocem

167 1009 332 1038 inservire.
361 1008 430 1037 lloc
456 1012 560 1037 autem
588 1006 661 1036 inihi
689 1006 930 1046 praeferendum
956 1009 1094 1050 videtur,
1122 1015 1156 1040 ut
1183 1010 1280 1039 verba
1300 1008 1383 1050 ἱρέες
1401 1003 1463 1039 Μ’λβ
1486 1011 1592 1041 verbis
1620 1005 1954 1051 oppositishead-:lekat

168 1069 406 1099 constructione
433 1068 557 1098 omnino
586 1068 729 1106 aequalia
756 1067 829 1097 sint.

976 1164 1144 1200 xle.

167 1229 306 1264 Dixit
321 1228 570 1263 llowassie
585 1229 891 1264 Atinasmum
913 1240 1116 1267 uxor-em
1139 1241 1278 1267 suam
1299 1234 1650 1269 (haim-Alahla
1670 1233 1949 1277 deplorans.

435 1290 580 1328 (Versus
609 1295 681 1329 post
709 1289 857 1320 lslamum
887 1294 1080 1330 compositos
1109 1303 1185 1323 esse
1213 1303 1231 1323 e
1258 1304 1357 1324 versu
1387 1295 1479 1325 tertio
1507 1295 1683 1335 videmus.)

167 1364 194 1393 1.
222 1364 338 1393 Transi
357 1363 399 1391 ad
420 1363 582 1396 tumulum,
607 1365 638 1391 ιἰι
661 1373 721 1401 quo
745 1362 976 1393 Ornm—AIahIa
999 1366 1160 1393 recondita
1184 1368 1239 1400 est,
1265 1368 1329 1394 tum
1353 1375 1421 1394 eam
1444 1375 1526 1401 roca,
1551 1368 1582 1394 si
1601 1364 1715 1394 audit!

264 1433 429 1463 Desiderio
460 1434 568 1463 uxoris
597 1439 741 1464 mortuae
768 1435 880 1474 plenus
915 1443 951 1464 se
984 1435 1115 1476 incitat,
1152 1440 1186 1466 ut
1220 1436 1402 1474 sepulcrum
1429 1436 1499 1465 eius
1528 1436 1659 1475 visitet,
1699 1435 1771 1466 dum
1798 1437 1952 1478 queritur⁷

165 1495 244 1535 quod
283 1495 353 1535 ipsa
391 1500 507 1525 vocata
548 1505 609 1525 non
650 1496 767 1526 audiat.
831 1496 1022 1536 Sepulcrum
1059 1497 1088 1526 ei
1124 1498 1194 1527 loco
1232 1497 1402 1528 habitaculi
1440 1502 1499 1528 est.
1562 1499 1595 1528 In
1631 1508 1715 1529 voce
1740 1496 1777 1540 >J
1815 1499 1952 1529 conditio

165 1562 235 1599 est3
266 1556 324 1587 sed
352 1557 503 1594 conditio,
532 1567 614 1597 quae
642 1558 725 1587 haud
753 1558 935 1588 verisimilis
963 1563 1026 1599 est,
1054 1559 1097 1589 ita
1112 1564 1145 1589 ut
1164 1560 1367 1601 negationem
1384 1561 1548 1600 exprimat.
1587 1562 1678 1591 Alter
1694 1566 1800 1591 autem
1825 1561 1952 1603 legendi

167 1620 280 1651 modus
308 1625 378 1653 est:
405 1631 495 1667 &sm-i
515 1620 564 1658 39
586 1614 669 1660 ἱεέέες
696 1621 778 1659 (tum
805 1631 875 1651 eam
903 1621 1029 1661 saluta3
1059 1632 1131 1652 num
1150 1619 1291 1663 audit2).
1319 1623 1520 1654 Scholiastes
1547 1624 1772 1666 interrogando
1799 1634 1890 1665 spem
1919 1629 1952 1655 et

165 1681 356 1713 desiderium
383 1683 514 1723 exprimi
542 1682 631 1721 dixit,
658 1687 691 1714 ut
719 1693 833 1714 sensus
862 1684 925 1714 sit:
956 1685 1032 1714 Eam
1059 1685 1166 1715 saluta
1192 1691 1224 1716 et
1250 1685 1336 1724 vide,
1362 1696 1435 1716 num
1460 1691 1492 1716 te
1519 1681 1643 1717 audiat!

162 1792 194 1821 2.
218 1790 374 1827 Quomodo
397 1792 529 1823 liabitas.
555 1792 627 1820 dum
651 1793 781 1821 mullum
805 1793 987 1822 meticulosa
1009 1803 1090 1827 eras,
1115 1798 1242 1831 lert-am,
1264 1805 1322 1833 per
1345 1805 1440 1834 quam
1461 1798 1492 1825 si
1511 1799 1662 1826 strenuus
1685 1799 1809 1833 transit,
1833 1799 1927 1827 limet.

260 1861 420 1890 Mortuam
446 1860 613 1899 alloquitur
639 1862 729 1899 quasi
757 1862 891 1901 mirans,
926 1863 1020 1903 quod,
1055 1873 1150 1902 quum
1178 1864 1366 1895 meticulosa
1393 1865 1453 1905 sit,
1490 1870 1604 1895 terram
1633 1865 1794 1896 desertam
1820 1866 1949 1897 incolat.

163 1921 299 1952 Videtur
325 1923 418 1963 igitur
445 1923 474 1952 in
500 1923 611 1953 itinere
639 1924 786 1962 periisse.
839 1925 946 1954 Verba
972 1927 1049 1969 ³²32?
1075 1931 1141 1962 Q?
1168 1924 1268 1967 vtis,
1295 1929 1487 1958 sententiam
1507 1929 1721 1959 intermediam
1742 1930 1947 1960 constituunt.

165 1985 274 2015 Verba
304 1987 381 2028 ³²⁵2?
405 1990 472 2021 00,—
504 1991 576 2016 sunt
611 1996 665 2026 pro
694 1985 771 2022 5007
797 1988 891 2030 ''3255-
951 1988 1067 2018 Forma
1100 1990 1177 2035 ³²³2?
1209 1994 1322 2020 statum
1357 1990 1478 2020 timoris
1515 1991 1650 2022 continui
1683 1992 1852 2032 magnique
1887 2002 1949 2023 ex-

165 2049 280 2087 primit,
309 2057 380 2078 nam
408 2049 514 2078 littera
542 2054 554 2077 δ’
582 2049 689 2079 addita
715 2049 961 2090 significationis
989 2050 1040 2079 vis
1067 2055 1204 2091 augetur
1231 2047 1355 2093 (cons.
1385 2051 1495 2083 Gram.
1524 2052 1579 2082 Ar.
1607 2053 1644 2082 T.
1671 2053 1695 2082 1.
1723 2062 1753 2092 p.
1784 2053 1897 2093 322).

164 2155 196 2185 3.
219 2156 308 2185 Deus
329 2155 384 2184 tibi
401 2158 537 2193 qratiam
559 2167 649 2186 mam
672 2157 766 2186 donet
784 2158 863 2187 milii
883 2159 1029 2196 abreptae
1050 2163 1156 2194 morte,
1181 2169 1254 2189 nam
1277 2160 1364 2189 loct'ts
1385 2160 1526 2190 incultus
1549 2161 1604 2190 tibi
1623 2161 1713 2190 lzoml
1733 2163 1884 2191 cont-enit.

264 2224 324 2255 Cui
351 2234 442 2264 quum
471 2225 500 2254 in
527 2225 580 2256 tali
607 2226 674 2256 loco
704 2227 854 2257 auxilium
885 2227 966 2259 ferre
993 2239 1054 2259 non
1081 2229 1202 2269 possit,
1238 2233 1384 2269 precatur
1412 2230 1536 2270 Deum,
1570 2234 1605 2259 ut
1630 2239 1700 2260 eum
1728 2229 1947 2260 misericordia

163 2296 224 2317 sua
249 2287 335 2327 beet,
363 2289 478 2329 quippe
505 2289 553 2319 cui
583 2289 680 2330 locus,
707 2290 759 2319 ubi
786 2290 816 2320 in
842 2291 989 2330 sepulcro
1016 2291 1146 2335 habitet,
1176 2292 1299 2321 minime
1326 2291 1507 2322 conveniat.

164 2397 197 2426 4.
219 2396 391 2426 Parvulam
413 2398 631 2427 misericordia
651 2399 778 2436 diqnam
800 2400 968 2439 reliquisti,
999 2411 1080 2440 quae
1102 2410 1290 2440 quamquam
1313 2402 1472 2429 tristitiam
1495 2400 1530 2428 ob
1554 2402 1584 2428 te
1605 2398 1694 2427 haud
1713 2399 1816 2436 νηπίη·
1845 2400 1950 2427 tumen

963 2457 1064 2484 tristis
1087 2458 1143 2484 est.

244 2522 370 2553 Novam
392 2523 546 2553 moeroris
563 2530 692 2552 causam
712 2522 824 2554 adfert.
853 2523 993 2554 Puellam
1015 2524 1182 2563 parvulam
1208 2523 1346 2553 relictam
1373 2530 1456 2562 esse,
1483 2530 1576 2562 quae,
1602 2530 1785 2560 quamquam
1812 2522 1948 2560 nesciat,

164 2587 281 2624 quanta
304 2585 484 2616 calamitate
510 2584 643 2616 adflicta
669 2584 722 2623 sit,
750 2589 838 2615 statu
864 2594 937 2626 suo,
963 2585 1037 2616 dum
1064 2591 1165 2616 matre
1194 2585 1319 2624 privata
1345 2593 1407 2613 non
1433 2584 1513 2613 bene
1539 2583 1654 2622 alatur,
1682 2583 1801 2624 lugeat.
1838 2582 1943 2621 Quum

1107 2630 1120 2648 0
