2155 2892
894 140 1166 171 —558—

120 251 301 278 occurrere,
328 239 417 270 cuius
444 246 560 268 sensus
585 238 651 278 sit,
689 239 746 277 iis,
787 240 837 279 qui
875 249 894 270 a
921 250 955 270 re
981 240 1167 270 necessaria
1203 239 1371 276 aberrent,
1410 238 1621 277 praecipiatur
1653 248 1787 270 necesse
1819 250 1906 272 esse.

120 305 241 334 Vocem
269 302 406 341 denique
433 304 513 341 ‘'242''
545 305 665 340 partem
695 302 793 332 noctis
821 302 1003 343 significare
1031 302 1158 340 dicens,
1198 303 1337 341 reliquas
1366 310 1468 330 voces
1504 301 1597 331 huius
1625 301 1748 333 formae
1781 305 1908 334 rarioris

117 366 326 396 enumeravit.
378 364 421 394 Ut
447 374 562 394 vocem
588 361 716 404 Qtass',
744 374 825 403 quae
854 366 1077 405 cataphractae
1105 366 1176 406 equi
1203 365 1473 406 significationem
1501 364 1628 402 habeat,
1646 366 1676 395 in
1704 366 1793 405 poesi
1827 367 1908 398 bona

122 437 304 467 occurrere,
332 427 491 467 probaret,
511 427 684 467 Mosajjabi
712 428 740 458 b.
756 429 856 458 Ahlas
884 439 1013 459 versum
1041 428 1205 458 adnotavit
1232 433 1419 467 sequentem
1439 425 1545 471 (metr.
1564 424 1725 469 'rhawi1):
1750 427 1790 457 Is
1817 427 1909 457 ele-

118 490 219 529 phas
248 494 334 529 est3
360 489 522 520 incedit
548 490 724 520 meridie
751 491 790 519 in
818 490 950 520 medio
979 491 1187 530 cupressi
1225 496 1462 521 montanae
1500 500 1592 521 cum
1631 490 1908 529 cataphracta

118 562 196 583 sua
224 562 272 582 ac
302 553 339 582 si
367 553 428 583 sit
462 553 742 583 femoralibus
776 552 978 583 indutus.
1034 554 1135 583 Poeta
1163 563 1280 593 equum
1309 562 1455 593 magnum
1485 553 1667 583 describere
1695 552 1823 583 videtur
1851 561 1908 583 ca-

116 615 283 655 taphracta
309 618 439 645 tectum.

114 714 146 744 3.
195 714 272 743 Tum
294 716 439 743 surreoez't
459 717 489 742 et
512 713 651 741 cervical
670 722 763 741 suum
787 713 830 740 ad
850 722 950 740 meum
971 721 1070 748 prope
1092 713 1228 741 wlmari!
1248 714 1295 740 νίν
1318 714 1406 741 tenui
1425 715 1544 751 ventre,
1559 713 1697 742 brachiis
1716 713 1805 742 lzaud
1823 713 1907 742 mul-

721 770 785 794 tum
809 768 954 794 carnosis
974 767 1151 804 praedium,
1175 766 1298 802 lunyus.

230 838 272 868 Ut
310 836 469 867 desiderio
496 835 720 876 satisfaceret,
755 844 826 865 eum
862 835 977 864 lectum
1009 835 1139 874 propius
1167 835 1354 866 admovisse
1382 836 1476 876 dicit,
1515 840 1581 865 tum
1609 844 1680 865 eum
1707 835 1746 864 ob
1780 836 1910 865 maciem

116 900 257 940 corporis
288 900 479 940 longamque
507 902 685 936 staturam,
709 907 791 936 quae
819 897 979 926 Arabibus
1007 897 1115 927 decori
1144 903 1206 938 est,
1235 899 1350 930 iaudat.
1381 901 1474 930 Ham.
1502 899 1546 929 ‘lio
1574 909 1605 928 v.
1627 899 1659 928 ’7.
1683 899 1727 928 ‘lt‘l
1756 908 1788 928 v.
1816 898 1850 938 2,
1877 903 1911 928 et

116 964 224 992 Ham.
256 963 301 991 ww
329 971 359 991 v.
390 961 421 990 2.
452 962 498 990 oto
524 970 557 991 v.
580 961 611 990 5.
640 960 840 990 Scholiastes
868 968 979 989 vocem
1005 956 1089 999 &212
1117 964 1150 989 et
1174 969 1244 991 cum
1272 961 1374 991 verbo
1403 958 1437 1008 ΓΒ·
1465 966 1497 991 et
1524 970 1593 990 cum
1620 960 1721 990 verbo
1748 958 1804 997 305
1832 969 1910 989 con-

115 1023 200 1063 iungi
229 1032 327 1062 posse
355 1022 437 1052 dicit.
503 1023 625 1053 Vocem
657 1023 774 1064 m>5db
800 1021 830 1050 in
858 1021 928 1050 viro
956 1025 988 1050 et
1016 1031 1098 1060 equo
1127 1023 1289 1063 adhiheri;
1331 1029 1363 1054 at
1390 1033 1469 1054 vero
1497 1023 1629 1054 eandem
1657 1031 1772 1052 vocem
1807 1021 1909 1062 vulgo

117 1086 146 1115 in
175 1086 260 1127 ligno
291 1085 369 1115 duro
396 1085 563 1115 adhibitam
591 1084 621 1113 in
648 1089 762 1113 vetere
789 1083 874 1123 poesi
906 1082 989 1113 haud
1018 1093 1197 1117 occurrere.
1240 1087 1396 1117 Reiskius
1423 1087 1452 1116 in
1477 1086 1726 1117 adnotationibrs
1753 1084 1793 1115 ad
1823 1083 1909 1115 Golii

116 1149 239 1179 lexicon
267 1148 339 1178 voci
361 1148 628 1189 significationem
666 1147 857 1188 generis
893 1147 1069 1176 arboris
1106 1148 1229 1187 tribuit,
1264 1158 1347 1189 quae
1385 1147 1577 1190 significatio
1605 1148 1678 1187 quin
1704 1147 1772 1176 loco
1800 1150 1909 1176 nostro

120 1211 298 1249 conveniat,
325 1210 442 1240 dubito.

118 1308 150 1338 4.
196 1307 259 1344 Qui
280 1307 315 1336 ob
337 1318 402 1337 rem
422 1317 554 1345 parvam
577 1308 627 1337 ἱνιῖ
649 1310 760 1337 contra
784 1311 813 1336 te
834 1317 897 1337 non
920 1309 1102 1337 accenditur
1125 1311 1163 1342 et,
1179 1316 1273 1347 quum
1295 1309 1455 1342 irascitur,
1471 1307 1514 1336 ad
1534 1307 1776 1336 condonandum
1799 1314 1913 1344 parum

910 1372 1032 1399 pronus
1055 1365 1112 1392 est.

216 1431 306 1461 Duas
341 1431 380 1460 ob
408 1440 459 1461 res
488 1441 557 1461 eum
587 1431 705 1469 laudat,
734 1432 846 1471 quibus
875 1431 995 1461 animus
1025 1436 1176 1461 constans
1204 1430 1403 1460 describitur.
1432 1429 1512 1459 Eius
1533 1438 1612 1470 erga
1639 1429 1757 1458 amicos
1784 1432 1817 1457 et
1845 1430 1908 1459 ini-

117 1493 212 1523 micos
242 1493 358 1534 agendi
387 1493 541 1523 rationem
569 1493 740 1534 designare
766 1494 844 1523 vult.
872 1493 947 1523 Vox
959 1498 1040 1531 024²?
1062 1493 1122 1523 hoc
1150 1493 1179 1522 in
1206 1501 1303 1523 versu
1327 1501 1393 1522 rem
1419 1491 1544 1521 omnino
1572 1494 1671 1532 negat
1689 1495 1720 1520 et
1745 1499 1811 1520 vox
1822 1494 1908 1538 »js-⁴⁰

121 1555 335 1594 (despectus)
363 1564 497 1594 paucum
527 1554 700 1595 significat.

116 1651 148 1682 5.
191 1652 226 1680 Is
248 1653 435 1680 victoriosus
442 1672 452 1686 ,
473 1651 627 1689 felicitate
657 1651 803 1688 (laudens
825 1654 890 1688 est,
918 1652 950 1678 st*
968 1650 1100 1686 resperni
1121 1654 1177 1679 cml
1200 1659 1291 1678 mnne
1314 1659 1384 1678 cum
1408 1649 1545 1687 equilum
1568 1650 1674 1676 turma
1695 1649 1842 1675 versatur
1847 1656 1861 1684 ,-
1884 1648 1914 1675 et

668 1705 756 1733 lusui
775 1706 899 1733 deditus
922 1714 1057 1732 sanorem
1081 1704 1154 1732 aliis
1175 1704 1353 1732 ostendens.

221 1774 442 1814 Conditionem
472 1774 541 1803 eius
571 1778 634 1803 tam
661 1773 734 1802 belli
759 1783 850 1813 quam
877 1773 968 1812 pacis
996 1772 1157 1805 describit.

118 1884 179 1923 (p.
203 1883 333 1924 209.)
924 1878 1106 1911 ΧΧΧΙΨ.

361 1947 705 1982 Abu-Rakkan!
728 1945 777 1980 iu
800 1945 1102 1979 Aflasrakum
1128 1943 1516 1978 Manius-unitam
1539 1941 1672 1977 «lixit.

558 2008 735 2047 (Tempore
763 2006 996 2035 Mohammedis
1027 2009 1101 2044 post
1126 2004 1279 2033 Islamum
1305 2013 1333 2042 p.
1363 2004 1447 2043 v·t”.)

120 2081 147 2110 1.
194 2080 261 2117 Quo
284 2081 395 2109 (lanino
420 2081 538 2117 adflicti
559 2089 670 2108 sumus
694 2080 847 2106 matutino
871 2081 1007 2114 tempore
1032 2077 1094 2105 loci
1112 2075 1251 2108 Alclmll,
1279 2085 1360 2113 quae
1378 2084 1458 2112 pars
1480 2074 1543 2103 loci
1566 2073 1714 2102 Alrimala
1735 2075 1794 2109 eet,
1814 2082 1910 2112 quum

502 2133 584 2165 abiit,
611 2142 672 2170 qua
695 2131 901 2167 amplitudine
924 2134 1057 2159 naturae
1081 2133 1111 2159 el
1130 2131 1341 2167 generositate
1364 2128 1530 2158 destituti!

231 2202 472 2242 Separationcm
510 2211 528 2230 a
564 2201 616 2231 tali
654 2201 721 2229 viro
750 2200 901 2238 queritur.
962 2199 1076 2229 Rimah
1112 2202 1250 2228 montem
1284 2202 1339 2227 aut
1365 2198 1467 2228 locum
1495 2198 1524 2227 in
1552 2197 1670 2227 Arabia
1697 2196 1788 2226 felice
1821 2204 1908 2235 esse,

123 2264 320 2295 scholiastes
348 2263 436 2292 dixit.
502 2262 535 2290 ln
571 2260 703 2290 Kamusi
735 2269 832 2298 opere
867 2259 970 2299 oppidi
1008 2269 1121 2289 nomen
1151 2269 1226 2289 esse
1254 2259 1401 2300 legimus
1454 2259 1487 2288 lu
1517 2259 1675 2288 Mersukii
1702 2257 1810 2288 codice
1839 2266 1908 2287 cum

120 2330 237 2365 puncto
263 2324 425 2354 diacritico
452 2323 576 2352 litterae
598 2334 620 2370 j
648 2320 794 2360 insignita
819 2325 890 2359 est3
918 2321 978 2350 sed
1005 2322 1099 2350 talem
1127 2321 1228 2350 locum
1255 2330 1317 2350 non
1345 2321 1462 2350 inveni.

120 2422 152 2449 2.
196 2420 259 2449 Per
280 2421 360 2448 diem
382 2420 463 2448 donn
484 2420 565 2447 dans
588 2418 676 2446 nob-is
698 2416 802 2445 stuba!
823 2419 853 2444 el
872 2418 1120 2454 quotiescunque
1142 2417 1238 2445 loculi
1258 2426 1380 2453 sumus,
1405 2418 1434 2445 is
1455 2426 1529 2445 voce
1550 2415 1652 2445 sane!
1672 2415 1886 2451 respondebat.

204 2489 440 2518 Liberalitatem
468 2488 548 2528 eius,
576 2496 636 2526 qua
664 2486 716 2516 ulli
744 2495 810 2515 rem
837 2494 989 2515 recusare
1016 2495 1076 2514 non
1104 2486 1219 2526 possit,
1247 2485 1408 2515 describit.
1446 2485 1568 2515 Vocem
1604 2494 1689 2522 aug-2,
1716 2480 1743 2519 3
1770 2482 1809 2512 ad
1837 2483 1907 2524 iter,

122 2560 183 2589 quo
209 2551 294 2590 abiit,
322 2550 515 2580 scholiastes
544 2548 741 2578 referendam
769 2552 872 2587 putat.
907 2548 956 2577 De
984 2549 1099 2587 vocali,
1127 2557 1206 2586 quae
1234 2548 1305 2577 voci
1334 2549 1398 2591 r.=r-i,
1427 2552 1460 2577 ut
1488 2544 1734 2576 homoioteleuto
1759 2543 1898 2574 satisfiat

123 2610 197 2641 data
226 2616 288 2651 est,
316 2611 463 2641 conseras
491 2611 601 2641 librum
628 2620 748 2640 meum:
777 2610 984 2649 Darstellung
1004 2608 1033 2638 d.
1064 2609 1160 2639 Arab.
1191 2609 1310 2639 Versk.
1342 2619 1371 2648 p.
1400 2608 1482 2638 311.
