2155 2892
887 144 1154 174 —682—

131 244 192 292 (p,
216 243 352 286 8011)
392 244 613 284 pronuntiandi
645 244 770 274 modum
800 253 871 274 cum
897 245 1000 274 vocali
1029 245 1134 275 Kesra
1160 245 1309 286 Thajjitis
1344 244 1505 284 proprium
1530 245 1604 276 inde
1630 246 1670 277 ad
1697 247 1774 277 alias
1802 254 1918 289 gentes

129 308 299 339 transiisse
326 307 474 347 legimus,
502 311 535 337 ut
563 306 784 345 pronuntiandi
811 307 920 337 modus
948 317 1029 346 pane
1057 307 1223 338 obsoletus
1250 308 1341 338 fieret
1371 313 1403 338 et
1430 308 1553 339 nonnisi
1581 309 1724 340 Asaditis
1753 314 1904 341 maneret.

127 418 158 447 5.
203 416 248 446 Ob
271 419 426 450 nuntium,
451 418 506 454 qui
527 417 569 444 ad
589 425 636 444 me
656 419 808 453 pet-veum
834 417 1034 451 horrendum,
1060 418 1096 446 ob
1120 419 1213 447 cuius
1234 418 1377 446 ardorem
1399 419 1432 446 in
1455 419 1548 446 corde
1567 427 1674 455 pruna
1696 428 1766 447 esse
1788 419 1920 448 videtur.

241 486 313 515 Hoc
352 487 384 514 in
420 494 538 525 versu,
579 485 629 524 qui
662 486 691 514 in
726 486 885 516 Mersukii
919 486 1030 517 codice
1065 486 1285 525 desideratur,
1325 495 1425 517 causa
1452 488 1554 526 quarti
1582 497 1699 518 versus
1727 487 1918 518 continetur.

126 547 280 577 Nuntium
307 547 496 577 matrimonii
524 548 605 577 vult.

966 642 1079 675 vll.

845 720 988 754 Alius
1011 720 1150 754 dixit.

123 790 152 818 1.
198 790 286 819 Deus
309 799 368 827 pro
396 790 483 818 nobis
514 793 631 827 nuptae
659 791 827 827 rependat.
861 799 942 828 quae
973 793 1005 818 in
1032 792 1133 818 virum
1164 799 1267 819 uxore
1289 793 1449 819 carentem
1470 791 1650 829 beneficium
1674 793 1812 830 contulit,
1836 797 1872 822 ul
1891 796 1921 822 ei

901 844 1028 882 familia
1049 844 1155 873 esset!

222 912 374 951 Narrant,
390 911 529 942 Arabem
557 916 781 952 campestrem,
798 922 892 952 quum
919 914 1054 943 Bazram
1072 914 1205 943 veniens
1220 923 1351 953 precum
1379 914 1489 944 horam
1516 914 1755 945 adnuntiantem
1783 916 1918 954 audiret,

124 976 358 1013 interrogasse,
387 973 460 1012 quid
490 976 607 1005 clamor
634 976 734 1005 vellet
768 980 800 1004 et
833 975 1023 1013 impudicum
1063 975 1215 1014 quendam
1253 976 1483 1015 respondisse:
1511 976 1654 1017 Omnem,
1681 978 1731 1016 qui
1758 978 1798 1007 ibi
1825 979 1917 1009 animi

122 1036 311 1067 desiderium
343 1037 543 1076 patefecerit,
572 1048 638 1067 rem
667 1037 880 1068 desideratam
909 1038 1063 1067 obtinere.
1122 1037 1227 1066 Arabs
1256 1042 1360 1067 autem
1391 1047 1498 1079 quum,
1528 1043 1561 1069 ut
1590 1040 1695 1069 locum
1723 1039 1808 1069 illurn
1837 1049 1917 1070 con-

120 1099 301 1140 scenderet,
322 1104 480 1139 optasset,
514 1100 708 1139 impudicum
736 1101 900 1140 praefecto
928 1109 1120 1141 praeconum
1151 1099 1285 1137 dixisse,
1317 1099 1459 1129 Arabum
1494 1099 1578 1130 illum
1611 1100 1823 1140 pulcherrime
1842 1111 1918 1140 pre-

120 1172 188 1192 cum
216 1167 343 1201 tempus
373 1163 570 1202 adnuntiare,
601 1163 644 1192 ita
672 1168 705 1193 ut
732 1162 966 1193 conscendendi
993 1162 1119 1192 veniam
1149 1161 1316 1191 obtineret.
1370 1162 1509 1192 Arabem
1537 1167 1642 1194 autem
1668 1164 1768 1194 hosce
1797 1174 1916 1194 versus

121 1226 377 1264 pronuntiantem
406 1226 444 1256 ab
471 1226 646 1255 hominihus
674 1226 761 1255 iratis
793 1225 947 1255 deiectum
976 1225 1120 1264 periisse.
1149 1223 1313 1253 Feminam
1341 1228 1448 1254 autem
1475 1224 1693 1266 Bazrensem,
1724 1226 1773 1256 cui
1800 1235 1918 1256 versus

121 1286 328 1326 placuissent,
357 1289 386 1317 ei
409 1288 468 1317 Dei
495 1288 744 1318 misericordiam
772 1291 915 1327 optasse.
968 1287 1212 1318 Mohammedes
1239 1288 1267 1321 b.
1294 1288 1408 1329 Habib,
1428 1294 1560 1319 auctore
1592 1290 1778 1329 Mersukio,
1805 1299 1918 1320 narra-

120 1350 179 1388 vit,
207 1359 274 1380 rem
301 1350 361 1390 ipsi
389 1356 505 1390 poetae
532 1351 711 1391 accidisse,
739 1351 790 1390 qui
817 1351 847 1380 in
876 1350 980 1380 media
1007 1355 1106 1392 gente
1132 1358 1249 1380 versus
1276 1350 1414 1380 recitans
1442 1361 1461 1381 a
1487 1352 1648 1392 zelotypis
1681 1354 1810 1382 occisus
1838 1355 1892 1382 sit.

119 1461 151 1489 2.
197 1460 266 1489 Nos
287 1462 318 1489 ei
337 1461 453 1497 ayendi
474 1462 596 1490 modum
619 1471 696 1498 erya
720 1470 777 1489 nos
800 1461 1018 1498 rependamus.
1044 1469 1140 1498 quum
1162 1460 1249 1488 nobis
1268 1469 1354 1489 uxor
1374 1463 1443 1497 est;
1464 1471 1501 1490 ea
1523 1465 1626 1490 aulem
1648 1463 1759 1490 marito
1781 1465 1875 1491 caret.

119 1514 152 1543 3.
196 1516 253 1548 Iis,
279 1518 334 1554 qui
356 1517 512 1545 uxoribus
534 1519 652 1550 carent,
680 1526 800 1546 taz-ores,=
821 1519 944 1544 vestras
966 1515 1098 1551 [αι-91161·
1122 1516 1277 1543 concedite
1282 1524 1295 1551 ;
1320 1523 1393 1542 nam
1416 1514 1597 1552 beneficium
1611 1515 1776 1552 deneqare,
1791 1517 1824 1543 in
1838 1515 1916 1544 libro

827 1570 889 1598 Dei
900 1570 1031 1606 jussum
1052 1577 1115 1596 non
1137 1567 1208 1596 est!

220 1638 334 1668 Forma
360 1638 490 1677 pluralis
517 1626 586 1673 ὁὶὲἑ
614 1648 706 1678 quum
733 1648 752 1668 a
778 1638 933 1679 singulari
961 1638 1082 1667 formae
1109 1632 1177 1673 &nli
1204 1636 1340 1667 maxime
1371 1636 1548 1675 derivetur,
1567 1636 1761 1667 scholiastes
1789 1641 1915 1676 poetam

120 1700 194 1729 voci
226 1711 297 1747 quja
323 1700 453 1729 eandem
483 1700 611 1739 pluralis
639 1700 768 1730 formam
795 1699 946 1729 tribuisse
974 1699 1068 1739 dicit,
1107 1709 1198 1738 quam
1234 1700 1306 1729 voci
1341 1697 1428 1746 uajt,
1467 1704 1639 1738 propterea
1667 1699 1749 1738 quod
1781 1704 1912 1738 utraque

120 1771 186 1791 vox
213 1762 346 1792 eandem
374 1762 640 1803 significationem
668 1763 804 1802 habeat,
845 1768 878 1792 ut
905 1763 1036 1802 pluralis
1063 1763 1156 1792 unius
1184 1762 1283 1792 forma
1308 1771 1365 1801 pro
1392 1763 1493 1792 altera
1520 1762 1712 1792 adhibeatur.
1773 1762 1915 1792 Verbum

123 1825 210 1862 ,tostii
247 1829 353 1854 antem
390 1834 456 1855 cum
498 1825 735 1864 praepositione
772 1825 828 1854 Ba
863 1825 1064 1855 coniunctum
1092 1834 1185 1865 esse,
1213 1825 1295 1864 quod
1322 1825 1421 1855 verbo
1451 1824 1582 1854 eandem
1611 1833 1649 1854 ac
1676 1824 1775 1853 verbo
1796 1825 1915 1864 ,3ᾲώ

119 1887 308 1927 significatio
340 1888 454 1917 tributa
481 1888 533 1917 sit.
587 1886 670 1916 Sunt
696 1896 830 1927 quoque,
858 1890 910 1926 qui
936 1888 1036 1917 verbo
1064 1882 1138 1927 0255
1168 1886 1362 1926 implendi
1397 1895 1468 1916 vas
1507 1886 1612 1925 aqua
1644 1885 1914 1926 significationem

120 1949 273 1988 tribuant,
305 1953 339 1978 ut
380 1949 504 1978 obiecto
532 1951 653 1978 omisso
690 1958 808 1978 sensus
836 1951 896 1979 sit:
927 1950 1057 1989 Implete
1084 1949 1165 1979 dona
1199 1949 1380 1979 mulieribus
1418 1949 1550 1978 vestris,
1614 1949 1648 1977 In
1683 1947 1795 1978 scholii
1832 1948 1915 1978 linea

119 2010 225 2048 quinta
252 2010 322 2040 loco
350 2010 439 2039 vocis
464 2007 552 2054 fxiiii
580 2010 609 2040 in
637 2011 792 2041 Mersukii
819 2011 930 2041 codice
952 2009 1056 2055 stxmn
1085 2013 1219 2053 legitur,
1262 2017 1296 2041 ut
1322 2012 1396 2042 voci
1425 2010 1512 2048 *aliis
1549 2012 1800 2050 scripturae
1827 2011 1864 2049 (i.
1884 2021 1912 2040 e.

120 2081 202 2111 quae
240 2072 327 2101 Deus
363 2073 488 2112 scripsit
528 2078 561 2103 et
598 2073 756 2112 definivit)
796 2074 988 2115 significatio
1020 2076 1105 2105 sit.'
1145 2075 1212 2105 Sed
1250 2076 1351 2105 altera
1377 2075 1445 2104 libri
1472 2073 1589 2104 Corani
1615 2072 1808 2114 significatio
1844 2073 1914 2104 mihi

119 2135 222 2175 magis
250 2135 378 2164 arridet.
431 2137 464 2164 In
493 2136 596 2175 priore
619 2145 718 2166 versu
746 2146 801 2176 pro
829 2146 911 2167 voce
940 2133 980 2176 kg)
1008 2137 1038 2165 iu
1065 2136 1220 2167 Mersukii
1246 2136 1356 2166 codice
1385 2132 1409 2164 ai
1438 2134 1611 2165 invenitur.

943 2231 1079 2265 vlu.

861 2309 1004 2342 Alius
1031 2309 1167 2343 «lixit.

117 2378 144 2407 1.
189 2377 232 2406 Οὐ
255 2378 361 2405 tritam
387 2376 515 2405 situlam
544 2377 647 2405 Deum
669 2378 821 2406 obtestor:
865 2377 892 2407 0
915 2379 1038 2407 domine
1059 2377 1126 2406 mil
1145 2380 1217 2416 quis
1239 2387 1282 2406 ez·
1302 2388 1409 2407 eorum
1433 2387 1574 2414 numero,
1603 2380 1657 2417 qui
1677 2386 1804 2407 veraces
1825 2379 1909 2410 emet,

910 2441 978 2460 eam
1001 2430 1101 2460 cidit?

225 2500 426 2530 Scholiastes
463 2499 580 2540 duplex
614 2501 644 2530 in
672 2501 818 2531 versibus
849 2500 1130 2538 homoioteleuton,
1159 2511 1253 2531 unum
1280 2498 1406 2545 &JQ
1432 2499 1622 2539 adpellatum
1649 2499 1771 2528 duabus
1798 2497 1910 2527 litteris

116 2564 209 2593 motis
229 2565 309 2594 inter
328 2564 407 2593 duas
428 2565 623 2604 quiscentes,
639 2565 772 2594 alterum
792 2562 919 2611 “55²⁸
937 2563 1128 2604 adpellatum
1150 2564 1250 2594 tribus
1269 2563 1382 2594 litteris
1397 2563 1488 2593 motis
1509 2562 1589 2591 inter
1607 2560 1686 2590 duas
1706 2560 1912 2600 quiescentes
