2155 2892
868 145 908 151 —
967 125 1138 157 700-

102 227 135 256 3.
183 226 284 255 Visita
307 231 527 255 mammosam,
550 220 661 258 laryos
682 223 748 251 oris
772 223 907 259 ungulos
930 223 1103 259 habentem,
1127 226 1219 254 canis
1239 226 1347 264 fiyurti
1365 227 1553 263 praeditam,
1579 227 1653 258 licet
1674 229 1764 260 homo
1784 231 1856 261 sit!

198 294 358 333 Causam,
392 301 448 321 cur
477 300 546 320 eam
572 290 702 330 visitet,
739 293 870 331 exponit
905 293 1036 332 eiusque
1063 293 1292 325 deformitatem
1321 295 1482 326 describit.
1537 296 1637 328 Canis
1664 299 1703 329 ab
1731 300 1890 332 Arabibus

104 363 168 387 tum
195 355 342 386 laudatur
367 353 472 387 conf,
499 353 597 384 Meid.
622 354 652 392 1,
671 354 752 384 419.
781 355 815 396 6,
846 355 928 389 211.
962 355 1016 396 13,
1048 356 1116 386 140
1148 358 1203 398 16,
1232 358 1290 399 77,
1318 363 1384 389 tum
1411 361 1611 399 vituperatur
1637 360 1735 390 Meid.
1757 361 1791 402 2,
1813 362 1892 393 166.

106 418 185 450 172.
214 418 247 458 6,
276 416 357 447 200.
388 416 469 447 208.
499 416 557 455 20,
581 417 640 449 87.
668 417 729 455 29,
758 418 839 448 495.
891 419 962 449 Hoc
990 420 1019 449 in
1047 429 1145 450 versu
1173 421 1397 460 turpitudinem
1423 422 1546 464 figurae
1574 429 1671 463 poeta
1697 428 1835 465 spectat,
1862 427 1894 455 et

102 482 132 511 iu
161 480 298 510 feminae
326 478 450 520 figura,
490 488 679 519 quamquam
708 479 844 511 humana
876 482 964 511 canis
993 480 1120 522 figurae
1151 482 1359 514 dissimillima
1390 484 1454 525 sit,
1493 485 1728 515 similitudinem
1761 486 1892 517 invenit.

100 543 221 574 Contra
239 542 369 583 linguae
398 550 489 571 usum
517 547 612 581 poeta
640 543 792 582 pluralem
812 542 928 583 &ld-Sal
956 543 1024 573 loco
1052 544 1166 586 dualis,
1195 550 1229 575 ut
1256 546 1319 575 oris
1344 550 1453 584 partes
1475 546 1661 578 adiacentes
1682 548 1892 589 significaret,

99 605 250 636 adhibuit.
303 604 393 634 Loco
430 604 600 634 verborum
625 602 717 634 »EM-22
743 608 821 646 ὶιίςρ,
858 616 929 637 eum
957 608 1115 638 Mersukii
1151 607 1262 638 codice
1288 604 1383 636 xmae
1411 610 1484 642 ἐμὲ.)
1509 607 1588 649 dica,
1628 609 1797 651 legendum
1833 615 1892 652 est,

99 678 168 699 nam
196 677 261 698 vox
288 663 382 695 »δὼφ
410 667 575 697 masculini
602 667 704 698 forma
731 674 830 699 caret.

98 765 131 794 4.
175 765 278 794 Dorso
301 773 448 797 convexo,
471 767 599 800 pectore
620 767 723 793 autem
742 775 879 794 concavo
898 768 1083 803 praeditam,
1104 768 1225 796 brevem
1248 769 1398 796 cervicem
1412 768 1585 804 habentem,
1608 770 1696 798 modo
1719 769 1895 799 admirabili

522 818 701 854 formatam,
725 819 798 847 dum
819 823 957 855 pectoris
980 830 1052 849 ossa
1075 831 1094 849 α
1113 824 1239 858 pectore
1260 820 1472 851 declinantur.

200 888 308 929 Pergit
335 886 495 931 inbfigura
524 886 657 917 deformi
684 886 905 919 describenda.

973 960 1024 994 V.

844 1015 989 1049 Alius
1012 1014 1146 1049 dixit.

101 1089 129 1118 1.
174 1086 316 1117 olzbaida
336 1085 478 1122 perfecta
499 1087 548 1112 est
569 1085 633 1112 nisi
652 1085 684 1112 in
706 1084 947 1121 pulchritudine
961 1087 1091 1124 eiusque
1112 1088 1262 1114 venustas
1284 1088 1347 1114 lam
1362 1089 1480 1114 remota
1493 1089 1550 1121 est,
1574 1095 1668 1125 quum
1690 1085 1741 1115 sol
1760 1096 1796 1115 ac
1808 1086 1893 1115 tmui-

101 1145 133 1174 2.
178 1143 261 1172 Eam
284 1141 485 1177 rituperanle'‚
507 1140 575 1167 odio
598 1147 730 1167 accenso
752 1139 802 1167 dic
813 1149 824 1167 .·
850 1140 974 1168 Desiste
983 1139 997 1168 l
1016 1149 1089 1168 nam
1113 1143 1210 1176 caput
1231 1142 1309 1176 eius,
1335 1150 1429 1179 quam
1452 1143 1647 1177 vituperasti,
1672 1140 1770 1178 lapidi
1790 1139 1857 1169 sit!

199 1211 235 1241 Si
262 1209 336 1240 voci
354 1205 448 1254 fidi,
487 1218 594 1238 casum
627 1207 855 1238 nominativum
890 1208 946 1238 das
982 1213 1014 1238 et
1034 1206 1163 1254 ,ξιῆυ
1200 1210 1308 1251 legis,
1345 1213 1399 1240 aut
1430 1209 1459 1240 si
1497 1210 1570 1241 voci
1594 1207 1683 1254 ΔΑΒ,
1719 1209 1894 1251 genitivum

101 1274 212 1306 tribuis
252 1277 285 1304 et
310 1260 416 1316 5502>
456 1272 565 1313 legiS,
605 1271 634 1301 in
675 1269 928 1300 homoioteleuto
963 1271 1075 1302 vitium
1104 1269 1175 1312 ‘⁸335
1213 1271 1407 1311 adpellatum
1451 1275 1503 1301 est
1539 1271 1648 1302 conf.
1677 1281 1707 1311 p.
1734 1274 1777 1301 ato
1802 1280 1835 1304 v.
1868 1270 1889 1301 2

101 1335 338 1369 Pulchritudine
365 1344 433 1365 eam
462 1334 586 1364 omnino
615 1332 800 1364 destitutam
827 1339 860 1364 et
886 1331 967 1363 infra
995 1342 1116 1363 omnem
1144 1333 1413 1373 vituperationem
1441 1342 1515 1364 esse
1548 1333 1634 1363 dicit.
1678 1333 1759 1364 Voci
1784 1330 1894 1379 vauls*

100 1400 283 1444 generalem
314 1397 576 1438 pulchritudiniS,
602 1397 676 1427 voci
702 1395 768 1450 {xla
793 1397 977 1427 venustatis
1005 1395 1250 1436 sigificationem
1280 1395 1388 1426 inesse
1415 1401 1515 1436 puto,
1542 1401 1576 1428 ut
1602 1406 1727 1427 omnem
1753 1396 1894 1437 pulchri-

100 1463 238 1495 tudinem
254 1462 370 1492 abesse
389 1460 483 1491 dicat.
511 1460 594 1491 Voci
613 1457 697 1506 Ota«
724 1465 779 1490 aut
807 1461 1027 1499 accusativuS,
1055 1463 1090 1488 ut
1107 1458 1177 1488 loco
1197 1458 1375 1488 definiendo
1394 1459 1561 1499 inserviat,
1588 1465 1642 1491 aut
1664 1460 1893 1501 nominativus,

98 1533 131 1560 ut
157 1528 226 1557 loco
254 1524 429 1566 praedicati
455 1524 508 1562 sit,
535 1524 626 1554 tribui
655 1528 773 1563 potest.
813 1519 1001 1566 Vocijffll,
1029 1523 1058 1551 si
1080 1530 1176 1551 casus
1200 1521 1414 1552 nominativus
1440 1523 1596 1563 tribuitur,
1624 1532 1691 1553 cum
1708 1532 1793 1553 voce
1808 1519 1892 1568 υἱέα

100 1588 323 1631 coniungenda
351 1591 412 1628 est,
441 1587 482 1617 ita
508 1591 555 1627 ut,
584 1588 611 1617 si
639 1586 713 1616 voci
739 1582 824 1631 ΘΚΑ
851 1587 1063 1616 accusativus
1091 1585 1144 1624 sit,
1172 1584 1240 1613 loco
1269 1583 1446 1613 definiendo
1473 1584 1628 1615 inserviat
1654 1589 1710 1615 aut
1735 1584 1785 1614 sin
1810 1587 1894 1616 voci.

100 1647 301 1695 (12816.)
330 1647 414 1695 Oti»
439 1649 655 1679 nominativus
683 1648 796 1688 detur,
832 1657 902 1678 cum
931 1647 991 1676 hoe
1021 1646 1202 1676 cohaereat.
1254 1645 1347 1684 Quod
1382 1646 1409 1675 si
1438 1646 1574 1686 denique
1601 1647 1675 1677 voci
1696 1643 1769 1690 5053!
1798 1656 1894 1678 casus

99 1713 261 1756 genitivus
296 1712 410 1752 datur,
446 1720 515 1740 cum
553 1720 634 1740 voce
673 1706 792 1751 Qus-<255
832 1709 1044 1749 coniungitur.
1105 1709 1148 1739 Ut
1183 1711 1215 1739 in
1255 1709 1425 1748 proverbio
1459 1709 1573 1739 stellae
1599 1709 1704 1740 locum
1738 1715 1894 1741 remotum

99 1777 270 1817 designant
295 1774 379 1804 conf.
398 1773 495 1803 Meid.
519 1773 552 1813 2,
576 1773 655 1803 146.
684 1772 742 1813 25,
773 1773 865 1810 143,,
893 1776 941 1803 sic
968 1778 1064 1812 poeta
1091 1773 1161 1802 sole
1189 1778 1221 1803 et
1249 1773 1332 1811 luna,
1361 1777 1396 1802 ut
1423 1780 1477 1801 res
1503 1772 1599 1813 longe
1625 1777 1762 1803 remotas
1789 1773 1894 1814 signi-

100 1840 232 1880 ficaret,
258 1847 336 1869 usus
365 1841 433 1877 est,
465 1845 651 1876 quamquam
678 1840 741 1865 tam
771 1836 819 1864 sol
849 1845 941 1874 quam
968 1835 1042 1865 luna
1068 1836 1165 1865 rebus
1191 1835 1332 1875 pulchris
1359 1833 1567 1876 designandis
1594 1833 1770 1865 inserviunt
1794 1834 1893 1866 Meid.

102 1903 143 1941 6,
173 1901 255 1932 206.
309 1901 344 1929 ln
371 1899 507 1929 Tebrisii
535 1898 657 1928 codicis
684 1898 828 1939 margine
857 1897 926 1927 loco
954 1897 1045 1927 vocis
1074 1894 1171 1942 OK‘?
1198 1899 1279 1929 alter
1304 1897 1433 1940 legendi
1462 1896 1575 1927 modus
1601 1903 1699 1933 ‘5³2⁵'
1725 1897 1895 1928 adnotatus

100 1969 161 1995 est.
215 1963 301 1993 Ante
327 1971 440 1991 vocem
467 1954 560 2001 &ddi
595 1970 662 1991 vox
689 1956 810 2006 Olmii
846 1959 1026 1999 supplenda
1061 1964 1123 1990 est.
1176 1959 1255 1989 Post
1292 1968 1408 1990 vocem
1433 1971 1518 1998 φωρ
1551 1959 1705 1989 suffixum
1740 1960 1894 1990 omissum

100 2030 160 2056 est.
211 2026 244 2054 In
272 2024 402 2054 scholiis
429 2029 493 2054 tam
520 2023 675 2054 Mersukii
702 2033 795 2062 quam
822 2022 983 2063 Tebrisii,
1011 2031 1092 2061 quae
1119 2031 1161 2051 ex
1186 2021 1270 2051 illius
1303 2021 1435 2051 scholiis
1463 2021 1612 2052 desumta
1637 2024 1735 2062 sunt,
1766 2020 1895 2052 nonnisf

100 2087 229 2130 legendi
257 2086 369 2117 modus
396 2074 502 2130 ,ξιξ
531 2085 712 2125 explicatus
739 2090 801 2115 est.
854 2085 993 2115 Sensum
1022 2085 1137 2125 duplici
1172 2083 1261 2114 modo
1297 2084 1470 2123 explicant.
1536 2084 1604 2114 Aut
1642 2084 1711 2114 eius
1738 2087 1834 2123 caput
1860 2088 1893 2114 et

100 2150 221 2191 lapides
249 2149 414 2179 coniuncta
444 2158 519 2178 esse
547 2153 601 2179 aut
638 2149 707 2178 eius
743 2152 838 2188 caput
873 2157 944 2178 cum
982 2148 1138 2188 lapidibus
1179 2155 1279 2187 esse,
1311 2150 1346 2176 ut
1383 2146 1558 2185 particulae
1586 2145 1696 2176 Waw
1731 2148 1825 2176 vocis
1851 2157 1894 2195 &a

101 2213 291 2255 significatio
322 2212 374 2240 sit.
414 2209 514 2239 Hisce
549 2215 653 2240 autem
682 2210 790 2239 verbis
810 2209 945 2239 feminae
972 2210 1054 2239 male
1076 2213 1224 2248 precatur
1250 2211 1375 2248 optans,
1404 2213 1438 2239 ut
1464 2212 1561 2248 caput
1587 2207 1692 2248 lapide
1718 2207 1890 2249 frangatur.

954 2302 1040 2335 VH.

840 2354 984 2389 Atius
1008 2353 1146 2386 «lixit.

102 2435 130 2463 1.
171 2433 230 2467 Ne,
256 2431 403 2469 quamdiu
428 2431 513 2465 ritis,
536 2429 660 2457 viduam
686 2427 864 2462 riryiuilute
883 2425 1038 2461 prii-alam
1061 2422 1171 2456 ducas,
1196 2422 1287 2450 cuius
1307 2423 1474 2461 fastidium
1486 2426 1555 2452 erat
1573 2427 1604 2452 et
1625 2433 1705 2462 quae
1725 2421 1890 2460 fastidium

926 2476 1058 2504 habebut
1067 2473 1080 2502 .'

196 2555 304 2584 Talem
332 2551 491 2589 describit,
521 2558 601 2588 quae
628 2548 678 2578 diu
709 2551 805 2586 nupta
831 2552 923 2585 erat,
970 2550 1002 2575 ut
1030 2544 1162 2576 maritus
1190 2553 1258 2574 eam
1286 2553 1347 2573 non
1375 2544 1507 2583 amplius
1534 2542 1732 2574 desideraret
1759 2547 1791 2572 et
1818 2542 1888 2583 ipsa
