<?xml version="1.0" encoding="UTF-8"?>
<!DOCTYPE html PUBLIC "-//W3C//DTD XHTML 1.0 Transitional//EN"
    "http://www.w3.org/TR/xhtml1/DTD/xhtml1-transitional.dtd">
<html xmlns="http://www.w3.org/1999/xhtml" xml:lang="en" lang="en">
 <head>
  <title>
</title>
<meta http-equiv="Content-Type" content="text/html;charset=utf-8" />
  <meta name='ocr-system' content='tesseract 3.04.00' />
  <meta name='ocr-capabilities' content='ocr_page ocr_carea ocr_par ocr_line ocrx_word'/>
</head>
<body>
  <div class='ocr_page' id='page_1' title='image "./p2hamassaecarmin02abbiuoft_0582.png"; bbox 0 0 2155 2892; ppageno 0'>
   <div class='ocr_carea' id='block_1_1' title="bbox 887 135 1154 166">
    <p class='ocr_par' dir='ltr' id='par_1_1' title="bbox 887 135 1154 166">
     <span class='ocr_line' id='line_1_1' title="bbox 887 135 1154 166; baseline -0.007 1"><span class='ocrx_word' id='word_1_1' title='bbox 887 135 1154 166; x_wconf 75' lang='lat'>-570—</span> 
     </span>
    </p>
   </div>
   <div class='ocr_carea' id='block_1_2' title="bbox 133 231 1925 720">
    <p class='ocr_par' dir='ltr' id='par_1_2' title="bbox 133 231 1925 720">
     <span class='ocr_line' id='line_1_2' title="bbox 135 231 1923 286; baseline -0.006 -12"><span class='ocrx_word' id='word_1_2' title='bbox 135 244 247 273; x_wconf 90' lang='lat' dir='ltr'>modus</span> <span class='ocrx_word' id='word_1_3' title='bbox 270 243 357 286; x_wconf 44' lang='lat'>»3⁵³³</span> <span class='ocrx_word' id='word_1_4' title='bbox 390 244 452 268; x_wconf 86' lang='lat' dir='ltr'>est.</span> <span class='ocrx_word' id='word_1_5' title='bbox 505 239 567 267; x_wconf 81' lang='lat' dir='ltr'>llic</span> <span class='ocrx_word' id='word_1_6' title='bbox 594 246 664 268; x_wconf 85' lang='lat' dir='ltr'>cum</span> <span class='ocrx_word' id='word_1_7' title='bbox 693 235 839 274; x_wconf 86' lang='lat' dir='ltr'>loquendi</span> <span class='ocrx_word' id='word_1_8' title='bbox 868 234 960 265; x_wconf 87' lang='lat' dir='ltr'>modo</span> <span class='ocrx_word' id='word_1_9' title='bbox 987 235 1108 280; x_wconf 41' lang='lat'>223³*</span> <span class='ocrx_word' id='word_1_10' title='bbox 1135 231 1159 262; x_wconf 56' lang='lat' dir='ltr'>al</span> <span class='ocrx_word' id='word_1_11' title='bbox 1188 234 1296 265; x_wconf 41' lang='lat' dir='ltr'>&amp;mizi</span> <span class='ocrx_word' id='word_1_12' title='bbox 1326 233 1482 262; x_wconf 81' lang='lat' dir='ltr'>«excussi</span> <span class='ocrx_word' id='word_1_13' title='bbox 1516 233 1543 263; x_wconf 85' lang='lat' dir='ltr'>ei</span> <span class='ocrx_word' id='word_1_14' title='bbox 1571 242 1624 263; x_wconf 87' lang='lat' dir='ltr'>res</span> <span class='ocrx_word' id='word_1_15' title='bbox 1653 242 1741 263; x_wconf 87' lang='lat' dir='ltr'>meas</span> <span class='ocrx_word' id='word_1_16' title='bbox 1767 242 1923 263; x_wconf 85' lang='lat' dir='ltr'>necessa-</span> 
     </span>
     <span class='ocr_line' id='line_1_3' title="bbox 138 295 1922 342; baseline -0.005 -8"><span class='ocrx_word' id='word_1_17' title='bbox 138 307 224 335; x_wconf 88' lang='lat' dir='ltr'>rias»</span> <span class='ocrx_word' id='word_1_18' title='bbox 251 305 270 333; x_wconf 93' lang='lat' dir='ltr'>i.</span> <span class='ocrx_word' id='word_1_19' title='bbox 301 314 327 332; x_wconf 80' lang='lat' dir='ltr'>e.</span> <span class='ocrx_word' id='word_1_20' title='bbox 357 303 481 342; x_wconf 84' lang='lat' dir='ltr'>omnia,</span> <span class='ocrx_word' id='word_1_21' title='bbox 509 311 589 341; x_wconf 86' lang='lat' dir='ltr'>quae</span> <span class='ocrx_word' id='word_1_22' title='bbox 617 302 645 330; x_wconf 89' lang='lat' dir='ltr'>in</span> <span class='ocrx_word' id='word_1_23' title='bbox 674 302 776 330; x_wconf 82' lang='lat' dir='ltr'>animo</span> <span class='ocrx_word' id='word_1_24' title='bbox 805 304 907 338; x_wconf 84' lang='lat' dir='ltr'>erant,</span> <span class='ocrx_word' id='word_1_25' title='bbox 930 301 959 329; x_wconf 87' lang='lat' dir='ltr'>ei</span> <span class='ocrx_word' id='word_1_26' title='bbox 985 300 1124 338; x_wconf 87' lang='lat' dir='ltr'>narravi,</span> <span class='ocrx_word' id='word_1_27' title='bbox 1153 298 1315 328; x_wconf 83' lang='lat' dir='ltr'><strong>cohaeret.</strong></span> <span class='ocrx_word' id='word_1_28' title='bbox 1367 297 1431 327; x_wconf 87' lang='lat' dir='ltr'>Sed</span> <span class='ocrx_word' id='word_1_29' title='bbox 1460 297 1499 326; x_wconf 90' lang='lat' dir='ltr'>de</span> <span class='ocrx_word' id='word_1_30' title='bbox 1527 296 1618 326; x_wconf 87' lang='lat' dir='ltr'>vocis</span> <span class='ocrx_word' id='word_1_31' title='bbox 1641 297 1727 341; x_wconf 57' lang='lat'>)&gt;3³&#39;⁴&#39;²‘</span> <span class='ocrx_word' id='word_1_32' title='bbox 1755 295 1922 336; x_wconf 82' lang='lat' dir='ltr'>significa-</span> 
     </span>
     <span class='ocr_line' id='line_1_4' title="bbox 135 358 1921 403; baseline -0.005 -8"><span class='ocrx_word' id='word_1_33' title='bbox 135 368 219 397; x_wconf 84' lang='lat' dir='ltr'>tione</span> <span class='ocrx_word' id='word_1_34' title='bbox 247 375 307 394; x_wconf 93' lang='lat' dir='ltr'>non</span> <span class='ocrx_word' id='word_1_35' title='bbox 336 364 594 403; x_wconf 85' lang='lat' dir='ltr'>consentientes,</span> <span class='ocrx_word' id='word_1_36' title='bbox 627 363 675 392; x_wconf 87' lang='lat' dir='ltr'>alii</span> <span class='ocrx_word' id='word_1_37' title='bbox 704 372 756 391; x_wconf 74' lang='lat' dir='ltr'>res</span> <span class='ocrx_word' id='word_1_38' title='bbox 785 362 1011 399; x_wconf 85' lang='lat' dir='ltr'>necessarias,</span> <span class='ocrx_word' id='word_1_39' title='bbox 1038 361 1087 390; x_wconf 92' lang='lat' dir='ltr'>alii</span> <span class='ocrx_word' id='word_1_40' title='bbox 1114 364 1232 390; x_wconf 88' lang='lat' dir='ltr'>statum</span> <span class='ocrx_word' id='word_1_41' title='bbox 1260 360 1321 388; x_wconf 88' lang='lat' dir='ltr'>viri</span> <span class='ocrx_word' id='word_1_42' title='bbox 1348 358 1522 400; x_wconf 84' lang='lat' dir='ltr'>significari</span> <span class='ocrx_word' id='word_1_43' title='bbox 1550 358 1667 388; x_wconf 91' lang='lat' dir='ltr'>dicunt.</span> <span class='ocrx_word' id='word_1_44' title='bbox 1720 358 1921 388; x_wconf 84' lang='lat' dir='ltr'>Scholiastes</span> 
     </span>
     <span class='ocr_line' id='line_1_5' title="bbox 134 419 1922 467; baseline -0.005 -9"><span class='ocrx_word' id='word_1_45' title='bbox 134 438 217 467; x_wconf 87' lang='lat' dir='ltr'>rem,</span> <span class='ocrx_word' id='word_1_46' title='bbox 257 437 336 466; x_wconf 90' lang='lat' dir='ltr'>quae</span> <span class='ocrx_word' id='word_1_47' title='bbox 364 426 512 455; x_wconf 85' lang='lat' dir='ltr'>occultari</span> <span class='ocrx_word' id='word_1_48' title='bbox 541 424 642 464; x_wconf 73' lang='lat' dir='ltr'>solet,</span> <span class='ocrx_word' id='word_1_49' title='bbox 678 424 851 465; x_wconf 82' lang='lat' dir='ltr'>significari</span> <span class='ocrx_word' id='word_1_50' title='bbox 881 429 980 464; x_wconf 85' lang='lat' dir='ltr'>putat.</span> <span class='ocrx_word' id='word_1_51' title='bbox 1034 424 1067 452; x_wconf 94' lang='lat' dir='ltr'>ln</span> <span class='ocrx_word' id='word_1_52' title='bbox 1099 424 1250 453; x_wconf 86' lang='lat' dir='ltr'>versibus</span> <span class='ocrx_word' id='word_1_53' title='bbox 1278 423 1483 461; x_wconf 77' lang='lat' dir='ltr'><strong>sequentibus</strong></span> <span class='ocrx_word' id='word_1_54' title='bbox 1512 420 1726 460; x_wconf 77' lang='lat' dir='ltr'>Alahdjcljadji</span> <span class='ocrx_word' id='word_1_55' title='bbox 1765 429 1831 449; x_wconf 89' lang='lat' dir='ltr'>vox</span> <span class='ocrx_word' id='word_1_56' title='bbox 1864 419 1922 449; x_wconf 85' lang='lat' dir='ltr'>ad-</span> 
     </span>
     <span class='ocr_line' id='line_1_6' title="bbox 135 481 1924 531; baseline -0.005 -11"><span class='ocrx_word' id='word_1_57' title='bbox 135 491 280 520; x_wconf 75' lang='lat' dir='ltr'>hibetur:</span> <span class='ocrx_word' id='word_1_58' title='bbox 314 486 420 531; x_wconf 86' lang='lat' dir='ltr'>(metr.</span> <span class='ocrx_word' id='word_1_59' title='bbox 447 484 569 529; x_wconf 85' lang='lat' dir='ltr'>Sarih.)</span> <span class='ocrx_word' id='word_1_60' title='bbox 623 487 648 516; x_wconf 95' lang='lat'>0</span> <span class='ocrx_word' id='word_1_61' title='bbox 678 481 835 516; x_wconf 77' lang='lat' dir='ltr'>vicina!</span> <span class='ocrx_word' id='word_1_62' title='bbox 876 488 937 516; x_wconf 87' lang='lat' dir='ltr'>Ne</span> <span class='ocrx_word' id='word_1_63' title='bbox 973 492 1123 517; x_wconf 83' lang='lat' dir='ltr'>statum</span> <span class='ocrx_word' id='word_1_64' title='bbox 1160 495 1288 515; x_wconf 87' lang='lat' dir='ltr'>meum</span> <span class='ocrx_word' id='word_1_65' title='bbox 1322 494 1456 525; x_wconf 80' lang='lat' dir='ltr'>aegre</span> <span class='ocrx_word' id='word_1_66' title='bbox 1484 484 1569 523; x_wconf 88' lang='lat' dir='ltr'>fer,</span> <span class='ocrx_word' id='word_1_67' title='bbox 1609 485 1692 513; x_wconf 86' lang='lat' dir='ltr'>iter</span> <span class='ocrx_word' id='word_1_68' title='bbox 1721 492 1851 512; x_wconf 88' lang='lat' dir='ltr'>meum</span> <span class='ocrx_word' id='word_1_69' title='bbox 1879 487 1924 512; x_wconf 89' lang='lat' dir='ltr'>et</span> 
     </span>
     <span class='ocr_line' id='line_1_7' title="bbox 133 546 1922 591; baseline -0.004 -8"><span class='ocrx_word' id='word_1_70' title='bbox 133 551 474 583; x_wconf 80' lang='lat' dir='ltr'>misericordiam</span> <span class='ocrx_word' id='word_1_71' title='bbox 503 560 629 579; x_wconf 79' lang='lat' dir='ltr'>mean»</span> <span class='ocrx_word' id='word_1_72' title='bbox 651 560 753 591; x_wconf 84' lang='lat' dir='ltr'>erga</span> <span class='ocrx_word' id='word_1_73' title='bbox 783 550 982 580; x_wconf 88' lang='lat' dir='ltr'>camelum</span> <span class='ocrx_word' id='word_1_74' title='bbox 1009 560 1129 580; x_wconf 88' lang='lat' dir='ltr'>meum</span> <span class='ocrx_word' id='word_1_75' title='bbox 1158 554 1198 579; x_wconf 88' lang='lat' dir='ltr'>et</span> <span class='ocrx_word' id='word_1_76' title='bbox 1218 549 1381 578; x_wconf 87' lang='lat' dir='ltr'>multam</span> <span class='ocrx_word' id='word_1_77' title='bbox 1406 549 1686 578; x_wconf 81' lang='lat' dir='ltr'>narrationem</span> <span class='ocrx_word' id='word_1_78' title='bbox 1713 547 1760 576; x_wconf 94' lang='lat' dir='ltr'>de</span> <span class='ocrx_word' id='word_1_79' title='bbox 1788 546 1922 586; x_wconf 81' lang='lat' dir='ltr'>rebus,</span> 
     </span>
     <span class='ocr_line' id='line_1_8' title="bbox 133 609 1925 655; baseline -0.004 -10"><span class='ocrx_word' id='word_1_80' title='bbox 133 625 244 655; x_wconf 88' lang='lat' dir='ltr'>quae</span> <span class='ocrx_word' id='word_1_81' title='bbox 278 614 554 643; x_wconf 77' lang='lat' dir='ltr'>occultantur</span> <span class='ocrx_word' id='word_1_82' title='bbox 591 614 662 650; x_wconf 81' lang='lat' dir='ltr'>(aut</span> <span class='ocrx_word' id='word_1_83' title='bbox 691 611 846 649; x_wconf 58' lang='lat' dir='ltr'>statuh!</span> <span class='ocrx_word' id='word_1_84' title='bbox 899 613 1033 642; x_wconf 84' lang='lat' dir='ltr'>Silentio</span> <span class='ocrx_word' id='word_1_85' title='bbox 1072 611 1388 651; x_wconf 84' lang='lat' dir='ltr'>praetermittendum</span> <span class='ocrx_word' id='word_1_86' title='bbox 1425 620 1485 639; x_wconf 93' lang='lat' dir='ltr'>non</span> <span class='ocrx_word' id='word_1_87' title='bbox 1519 614 1590 650; x_wconf 84' lang='lat' dir='ltr'>est,</span> <span class='ocrx_word' id='word_1_88' title='bbox 1632 610 1661 639; x_wconf 92' lang='lat' dir='ltr'>in</span> <span class='ocrx_word' id='word_1_89' title='bbox 1696 609 1807 640; x_wconf 84' lang='lat' dir='ltr'>scholii</span> <span class='ocrx_word' id='word_1_90' title='bbox 1843 609 1925 638; x_wconf 87' lang='lat' dir='ltr'>linea</span> 
     </span>
     <span class='ocr_line' id='line_1_9' title="bbox 133 671 1925 720; baseline -0.004 -12"><span class='ocrx_word' id='word_1_91' title='bbox 133 681 244 718; x_wconf 83' lang='lat' dir='ltr'>quarta</span> <span class='ocrx_word' id='word_1_92' title='bbox 273 678 340 706; x_wconf 78' lang='lat' dir='ltr'>loco</span> <span class='ocrx_word' id='word_1_93' title='bbox 369 685 484 705; x_wconf 81' lang='lat' dir='ltr'>vocum</span> <span class='ocrx_word' id='word_1_94' title='bbox 506 678 566 719; x_wconf 59' lang='lat'>532»-</span> <span class='ocrx_word' id='word_1_95' title='bbox 592 673 626 704; x_wconf 54' lang='lat'>§35</span> <span class='ocrx_word' id='word_1_96' title='bbox 655 675 683 704; x_wconf 91' lang='lat' dir='ltr'>in</span> <span class='ocrx_word' id='word_1_97' title='bbox 712 674 869 704; x_wconf 87' lang='lat' dir='ltr'>Mersukii</span> <span class='ocrx_word' id='word_1_98' title='bbox 897 675 1007 705; x_wconf 85' lang='lat' dir='ltr'>codice</span> <span class='ocrx_word' id='word_1_99' title='bbox 1024 673 1095 720; x_wconf 53' lang='lat' dir='ltr'>juni</span> <span class='ocrx_word' id='word_1_100' title='bbox 1123 672 1157 703; x_wconf 57' lang='lat' dir='ltr'>§Si</span> <span class='ocrx_word' id='word_1_101' title='bbox 1188 674 1273 715; x_wconf 85' lang='lat' dir='ltr'>legi,</span> <span class='ocrx_word' id='word_1_102' title='bbox 1309 673 1392 713; x_wconf 89' lang='lat' dir='ltr'>quod</span> <span class='ocrx_word' id='word_1_103' title='bbox 1420 678 1540 703; x_wconf 83' lang='lat' dir='ltr'>rectum</span> <span class='ocrx_word' id='word_1_104' title='bbox 1568 683 1664 715; x_wconf 90' lang='lat' dir='ltr'>esse,</span> <span class='ocrx_word' id='word_1_105' title='bbox 1692 684 1733 703; x_wconf 87' lang='lat' dir='ltr'>ex</span> <span class='ocrx_word' id='word_1_106' title='bbox 1762 671 1925 712; x_wconf 88' lang='lat' dir='ltr'>Djeuharii</span> 
     </span>
    </p>
   </div>
   <div class='ocr_carea' id='block_1_3' title="bbox 131 740 400 780">
    <p class='ocr_par' dir='ltr' id='par_1_3' title="bbox 131 740 400 780">
     <span class='ocr_line' id='line_1_10' title="bbox 131 740 400 780; baseline -0.011 -10"><span class='ocrx_word' id='word_1_107' title='bbox 131 751 229 780; x_wconf 89' lang='lat' dir='ltr'>opere</span> <span class='ocrx_word' id='word_1_108' title='bbox 257 740 400 769; x_wconf 89' lang='lat' dir='ltr'>coniicio.</span> 
     </span>
    </p>
   </div>
   <div class='ocr_carea' id='block_1_4' title="bbox 131 832 1485 873">
    <p class='ocr_par' dir='ltr' id='par_1_4' title="bbox 131 832 1485 873">
     <span class='ocr_line' id='line_1_11' title="bbox 131 832 1485 873; baseline -0.005 -7"><span class='ocrx_word' id='word_1_109' title='bbox 131 839 163 867; x_wconf 77' lang='lat'>2.</span> <span class='ocrx_word' id='word_1_110' title='bbox 209 836 276 873; x_wconf 80' lang='lat' dir='ltr'>Quo</span> <span class='ocrx_word' id='word_1_111' title='bbox 299 839 401 865; x_wconf 73' lang='lat' dir='ltr'>aulem</span> <span class='ocrx_word' id='word_1_112' title='bbox 424 836 472 863; x_wconf 74' lang='lat' dir='ltr'>die</span> <span class='ocrx_word' id='word_1_113' title='bbox 494 837 527 862; x_wconf 76' lang='lat' dir='ltr'>ln</span> <span class='ocrx_word' id='word_1_114' title='bbox 552 834 594 862; x_wconf 82' lang='lat' dir='ltr'>ad</span> <span class='ocrx_word' id='word_1_115' title='bbox 616 844 664 862; x_wconf 81' lang='lat' dir='ltr'>me</span> <span class='ocrx_word' id='word_1_116' title='bbox 686 835 829 870; x_wconf 72' lang='lat' dir='ltr'>direptus</span> <span class='ocrx_word' id='word_1_117' title='bbox 851 834 957 871; x_wconf 75' lang='lat' dir='ltr'>venis,</span> <span class='ocrx_word' id='word_1_118' title='bbox 981 842 1014 861; x_wconf 86' lang='lat' dir='ltr'>eo</span> <span class='ocrx_word' id='word_1_119' title='bbox 1038 835 1109 860; x_wconf 77' lang='lat' dir='ltr'>rota</span> <span class='ocrx_word' id='word_1_120' title='bbox 1133 832 1211 860; x_wconf 78' lang='lat' dir='ltr'>milei</span> <span class='ocrx_word' id='word_1_121' title='bbox 1230 832 1378 860; x_wconf 77' lang='lat' dir='ltr'>solvenda</span> <span class='ocrx_word' id='word_1_122' title='bbox 1401 834 1485 859; x_wconf 78' lang='lat' dir='ltr'>sunl.</span> 
     </span>
    </p>
   </div>
   <div class='ocr_carea' id='block_1_5' title="bbox 132 900 1926 1008">
    <p class='ocr_par' dir='ltr' id='par_1_5' title="bbox 132 900 1926 1008">
     <span class='ocr_line' id='line_1_12' title="bbox 231 900 1920 943; baseline -0.003 -9"><span class='ocrx_word' id='word_1_123' title='bbox 231 904 398 943; x_wconf 83' lang='lat' dir='ltr'>Quomodo</span> <span class='ocrx_word' id='word_1_124' title='bbox 436 904 487 933; x_wconf 87' lang='lat' dir='ltr'>hic</span> <span class='ocrx_word' id='word_1_125' title='bbox 523 913 639 932; x_wconf 85' lang='lat' dir='ltr'>versus</span> <span class='ocrx_word' id='word_1_126' title='bbox 677 913 745 933; x_wconf 90' lang='lat' dir='ltr'>cum</span> <span class='ocrx_word' id='word_1_127' title='bbox 782 903 946 942; x_wconf 82' lang='lat' dir='ltr'>superiore</span> <span class='ocrx_word' id='word_1_128' title='bbox 980 911 1079 931; x_wconf 88' lang='lat' dir='ltr'>sensu</span> <span class='ocrx_word' id='word_1_129' title='bbox 1114 901 1309 937; x_wconf 77' lang='lat' dir='ltr'>cohaereat,</span> <span class='ocrx_word' id='word_1_130' title='bbox 1349 910 1409 929; x_wconf 93' lang='lat' dir='ltr'>non</span> <span class='ocrx_word' id='word_1_131' title='bbox 1442 905 1541 939; x_wconf 86' lang='lat' dir='ltr'>patet.</span> <span class='ocrx_word' id='word_1_132' title='bbox 1596 900 1796 930; x_wconf 81' lang='lat' dir='ltr'>Scholiastes</span> <span class='ocrx_word' id='word_1_133' title='bbox 1832 900 1920 939; x_wconf 78' lang='lat' dir='ltr'>dixit,</span> 
     </span>
     <span class='ocr_line' id='line_1_13' title="bbox 132 961 1926 1008; baseline -0.004 -10"><span class='ocrx_word' id='word_1_134' title='bbox 132 974 259 1008; x_wconf 87' lang='lat' dir='ltr'>poetam</span> <span class='ocrx_word' id='word_1_135' title='bbox 295 967 332 997; x_wconf 88' lang='lat' dir='ltr'>ad</span> <span class='ocrx_word' id='word_1_136' title='bbox 369 977 458 1004; x_wconf 88' lang='lat' dir='ltr'>eum,</span> <span class='ocrx_word' id='word_1_137' title='bbox 499 976 589 1004; x_wconf 84' lang='lat' dir='ltr'>quein</span> <span class='ocrx_word' id='word_1_138' title='bbox 618 966 811 1005; x_wconf 72' lang='lat' dir='ltr'>alloquatur,</span> <span class='ocrx_word' id='word_1_139' title='bbox 849 969 1013 1004; x_wconf 78' lang='lat' dir='ltr'>rogantem</span> <span class='ocrx_word' id='word_1_140' title='bbox 1041 963 1172 992; x_wconf 82' lang='lat' dir='ltr'>venisse</span> <span class='ocrx_word' id='word_1_141' title='bbox 1201 968 1232 992; x_wconf 93' lang='lat' dir='ltr'>et</span> <span class='ocrx_word' id='word_1_142' title='bbox 1261 962 1420 1002; x_wconf 79' lang='lat' dir='ltr'>repulsam</span> <span class='ocrx_word' id='word_1_143' title='bbox 1449 962 1563 991; x_wconf 91' lang='lat' dir='ltr'>tulisse</span> <span class='ocrx_word' id='word_1_144' title='bbox 1592 961 1704 991; x_wconf 87' lang='lat' dir='ltr'>videri.</span> <span class='ocrx_word' id='word_1_145' title='bbox 1759 961 1860 999; x_wconf 85' lang='lat' dir='ltr'>Quam</span> <span class='ocrx_word' id='word_1_146' title='bbox 1888 962 1926 990; x_wconf 90' lang='lat' dir='ltr'>ob</span> 
     </span>
    </p>
   </div>
   <div class='ocr_carea' id='block_1_6' title="bbox 131 1021 1926 1070">
    <p class='ocr_par' dir='ltr' id='par_1_6' title="bbox 131 1021 1926 1070">
     <span class='ocr_line' id='line_1_14' title="bbox 131 1021 1926 1070; baseline -0.004 -9"><span class='ocrx_word' id='word_1_147' title='bbox 131 1041 259 1061; x_wconf 83' lang='lat' dir='ltr'>causam</span> <span class='ocrx_word' id='word_1_148' title='bbox 287 1040 354 1061; x_wconf 90' lang='lat' dir='ltr'>eum</span> <span class='ocrx_word' id='word_1_149' title='bbox 382 1029 510 1064; x_wconf 76' lang='lat' dir='ltr'>dicere,</span> <span class='ocrx_word' id='word_1_150' title='bbox 547 1039 584 1058; x_wconf 86' lang='lat' dir='ltr'>se</span> <span class='ocrx_word' id='word_1_151' title='bbox 612 1028 737 1058; x_wconf 89' lang='lat' dir='ltr'>modum</span> <span class='ocrx_word' id='word_1_152' title='bbox 772 1028 813 1057; x_wconf 92' lang='lat' dir='ltr'>illi</span> <span class='ocrx_word' id='word_1_153' title='bbox 841 1026 1030 1057; x_wconf 86' lang='lat' dir='ltr'>contrarium</span> <span class='ocrx_word' id='word_1_154' title='bbox 1057 1030 1240 1056; x_wconf 87' lang='lat' dir='ltr'>secuturum</span> <span class='ocrx_word' id='word_1_155' title='bbox 1270 1036 1357 1055; x_wconf 84' lang='lat' dir='ltr'>esse.</span> <span class='ocrx_word' id='word_1_156' title='bbox 1411 1027 1486 1056; x_wconf 81' lang='lat' dir='ltr'>Vox</span> <span class='ocrx_word' id='word_1_157' title='bbox 1513 1038 1561 1070; x_wconf 45' lang='grc' dir='ltr'>υς</span> <span class='ocrx_word' id='word_1_158' title='bbox 1589 1034 1658 1055; x_wconf 90' lang='lat' dir='ltr'>cum</span> <span class='ocrx_word' id='word_1_159' title='bbox 1686 1026 1785 1055; x_wconf 87' lang='lat' dir='ltr'>verbo</span> <span class='ocrx_word' id='word_1_160' title='bbox 1812 1021 1926 1070; x_wconf 49' lang='lat'>&amp;20:515</span> 
     </span>
    </p>
   </div>
   <div class='ocr_carea' id='block_1_7' title="bbox 130 1090 1930 1268">
    <p class='ocr_par' dir='ltr' id='par_1_7' title="bbox 130 1090 1930 1268">
     <span class='ocr_line' id='line_1_15' title="bbox 131 1090 1926 1145; baseline -0.004 -10"><span class='ocrx_word' id='word_1_161' title='bbox 131 1111 279 1145; x_wconf 88' lang='lat' dir='ltr'>tanquam</span> <span class='ocrx_word' id='word_1_162' title='bbox 308 1114 420 1134; x_wconf 89' lang='lat' dir='ltr'>nomen</span> <span class='ocrx_word' id='word_1_163' title='bbox 438 1116 509 1136; x_wconf 86' lang='lat' dir='ltr'>cum</span> <span class='ocrx_word' id='word_1_164' title='bbox 530 1105 654 1134; x_wconf 90' lang='lat' dir='ltr'>nomine</span> <span class='ocrx_word' id='word_1_165' title='bbox 673 1105 843 1133; x_wconf 73' lang='lat' dir='ltr'>coniuncta</span> <span class='ocrx_word' id='word_1_166' title='bbox 871 1107 934 1142; x_wconf 86' lang='lat' dir='ltr'>est,</span> <span class='ocrx_word' id='word_1_167' title='bbox 958 1107 990 1131; x_wconf 90' lang='lat' dir='ltr'>ut</span> <span class='ocrx_word' id='word_1_168' title='bbox 1006 1112 1071 1131; x_wconf 85' lang='lat' dir='ltr'>vox</span> <span class='ocrx_word' id='word_1_169' title='bbox 1097 1097 1190 1142; x_wconf 52' lang='lat'>6³:532]</span> <span class='ocrx_word' id='word_1_170' title='bbox 1218 1101 1348 1130; x_wconf 86' lang='lat' dir='ltr'>nominis</span> <span class='ocrx_word' id='word_1_171' title='bbox 1374 1101 1508 1130; x_wconf 90' lang='lat' dir='ltr'>actionis</span> <span class='ocrx_word' id='word_1_172' title='bbox 1538 1090 1706 1138; x_wconf 43' lang='lat' dir='ltr'>(giekikpi</span> <span class='ocrx_word' id='word_1_173' title='bbox 1727 1101 1794 1145; x_wconf 38' lang='grc' dir='ltr'>βξ)</span> <span class='ocrx_word' id='word_1_174' title='bbox 1823 1100 1926 1128; x_wconf 84' lang='lat' dir='ltr'>locum</span> 
     </span>
     <span class='ocr_line' id='line_1_16' title="bbox 131 1164 1925 1206; baseline -0.004 -9"><span class='ocrx_word' id='word_1_175' title='bbox 131 1172 240 1197; x_wconf 87' lang='lat' dir='ltr'>teneat</span> <span class='ocrx_word' id='word_1_176' title='bbox 268 1172 300 1197; x_wconf 88' lang='lat' dir='ltr'>et</span> <span class='ocrx_word' id='word_1_177' title='bbox 331 1168 466 1206; x_wconf 79' lang='lat' dir='ltr'>priorem</span> <span class='ocrx_word' id='word_1_178' title='bbox 495 1168 677 1197; x_wconf 73' lang='lat' dir='ltr'>accuratius</span> <span class='ocrx_word' id='word_1_179' title='bbox 706 1166 845 1195; x_wconf 83' lang='lat' dir='ltr'>definiat.</span> <span class='ocrx_word' id='word_1_180' title='bbox 901 1165 1008 1194; x_wconf 80' lang='lat' dir='ltr'>Verba</span> <span class='ocrx_word' id='word_1_181' title='bbox 1036 1170 1141 1194; x_wconf 90' lang='lat' dir='ltr'>autem</span> <span class='ocrx_word' id='word_1_182' title='bbox 1171 1173 1289 1193; x_wconf 86' lang='lat' dir='ltr'>versus</span> <span class='ocrx_word' id='word_1_183' title='bbox 1317 1165 1360 1194; x_wconf 84' lang='lat' dir='ltr'>ita</span> <span class='ocrx_word' id='word_1_184' title='bbox 1388 1164 1583 1203; x_wconf 89' lang='lat' dir='ltr'>transposita</span> <span class='ocrx_word' id='word_1_185' title='bbox 1611 1167 1709 1201; x_wconf 90' lang='lat' dir='ltr'>sunt,</span> <span class='ocrx_word' id='word_1_186' title='bbox 1747 1167 1781 1191; x_wconf 92' lang='lat' dir='ltr'>ut</span> <span class='ocrx_word' id='word_1_187' title='bbox 1808 1171 1925 1192; x_wconf 86' lang='lat' dir='ltr'>sensus</span> 
     </span>
     <span class='ocr_line' id='line_1_17' title="bbox 130 1224 1930 1268; baseline -0.003 -10"><span class='ocrx_word' id='word_1_188' title='bbox 130 1231 254 1259; x_wconf 87' lang='lat' dir='ltr'>ratione</span> <span class='ocrx_word' id='word_1_189' title='bbox 281 1229 397 1259; x_wconf 84' lang='lat' dir='ltr'>habita·</span> <span class='ocrx_word' id='word_1_190' title='bbox 416 1229 585 1268; x_wconf 86' lang='lat' dir='ltr'>posteriori</span> <span class='ocrx_word' id='word_1_191' title='bbox 621 1227 702 1268; x_wconf 86' lang='lat' dir='ltr'>parti</span> <span class='ocrx_word' id='word_1_192' title='bbox 735 1227 819 1267; x_wconf 87' lang='lat' dir='ltr'>prior</span> <span class='ocrx_word' id='word_1_193' title='bbox 849 1226 940 1256; x_wconf 89' lang='lat' dir='ltr'>locus</span> <span class='ocrx_word' id='word_1_194' title='bbox 975 1226 1155 1256; x_wconf 73' lang='lat' dir='ltr'>conveniat.</span> <span class='ocrx_word' id='word_1_195' title='bbox 1210 1226 1255 1255; x_wconf 87' lang='lat' dir='ltr'>De</span> <span class='ocrx_word' id='word_1_196' title='bbox 1294 1225 1468 1265; x_wconf 88' lang='lat' dir='ltr'>posteriore</span> <span class='ocrx_word' id='word_1_197' title='bbox 1504 1234 1622 1255; x_wconf 89' lang='lat' dir='ltr'>versus</span> <span class='ocrx_word' id='word_1_198' title='bbox 1660 1228 1748 1264; x_wconf 86' lang='lat' dir='ltr'>parte</span> <span class='ocrx_word' id='word_1_199' title='bbox 1783 1224 1930 1255; x_wconf 87' lang='lat' dir='ltr'>conferas</span> 
     </span>
    </p>
   </div>
   <div class='ocr_carea' id='block_1_8' title="bbox 132 1290 350 1331">
    <p class='ocr_par' dir='ltr' id='par_1_8' title="bbox 132 1290 350 1331">
     <span class='ocr_line' id='line_1_18' title="bbox 132 1290 350 1331; baseline -0.009 -9"><span class='ocrx_word' id='word_1_200' title='bbox 132 1301 161 1331; x_wconf 91' lang='lat' dir='ltr'>p.</span> <span class='ocrx_word' id='word_1_201' title='bbox 187 1293 227 1321; x_wconf 78' lang='lat' dir='ltr'>t‘iv</span> <span class='ocrx_word' id='word_1_202' title='bbox 253 1301 285 1320; x_wconf 92' lang='lat' dir='ltr'>v.</span> <span class='ocrx_word' id='word_1_203' title='bbox 319 1290 350 1321; x_wconf 88' lang='lat'>3.</span> 
     </span>
    </p>
   </div>
   <div class='ocr_carea' id='block_1_9' title="bbox 130 1384 1930 1984">
    <p class='ocr_par' dir='ltr' id='par_1_9' title="bbox 130 1384 1930 1477">
     <span class='ocr_line' id='line_1_19' title="bbox 130 1384 1930 1424; baseline -0.003 -7"><span class='ocrx_word' id='word_1_204' title='bbox 130 1388 164 1417; x_wconf 87' lang='grc'>3.</span> <span class='ocrx_word' id='word_1_205' title='bbox 209 1387 337 1418; x_wconf 81' lang='lat' dir='ltr'>Camela</span> <span class='ocrx_word' id='word_1_206' title='bbox 358 1387 438 1415; x_wconf 71' lang='lat' dir='ltr'>mila·</span> <span class='ocrx_word' id='word_1_207' title='bbox 457 1388 601 1424; x_wconf 75' lang='lat' dir='ltr'>imposita</span> <span class='ocrx_word' id='word_1_208' title='bbox 623 1389 684 1420; x_wconf 78' lang='lat' dir='ltr'>est,</span> <span class='ocrx_word' id='word_1_209' title='bbox 710 1396 790 1424; x_wconf 78' lang='lat' dir='ltr'>quae</span> <span class='ocrx_word' id='word_1_210' title='bbox 809 1385 933 1422; x_wconf 80' lang='lat' dir='ltr'>pullum</span> <span class='ocrx_word' id='word_1_211' title='bbox 957 1386 1096 1414; x_wconf 75' lang='lat' dir='ltr'>alacrem</span> <span class='ocrx_word' id='word_1_212' title='bbox 1120 1385 1222 1420; x_wconf 78' lang='lat' dir='ltr'>habel,</span> <span class='ocrx_word' id='word_1_213' title='bbox 1246 1386 1387 1420; x_wconf 73' lang='lat' dir='ltr'>robusta,</span> <span class='ocrx_word' id='word_1_214' title='bbox 1412 1395 1509 1422; x_wconf 78' lang='lat' dir='ltr'>super</span> <span class='ocrx_word' id='word_1_215' title='bbox 1531 1386 1622 1413; x_wconf 78' lang='lat' dir='ltr'>cuius</span> <span class='ocrx_word' id='word_1_216' title='bbox 1645 1384 1774 1421; x_wconf 73' lang='lat' dir='ltr'>mzyule&#39;s</span> <span class='ocrx_word' id='word_1_217' title='bbox 1796 1385 1930 1419; x_wconf 72' lang='lat' dir='ltr'>sanquis</span> 
     </span>
     <span class='ocr_line' id='line_1_20' title="bbox 777 1438 1299 1477; baseline -0.002 -10"><span class='ocrx_word' id='word_1_218' title='bbox 777 1449 909 1467; x_wconf 77' lang='lat' dir='ltr'>crassus</span> <span class='ocrx_word' id='word_1_219' title='bbox 929 1442 984 1471; x_wconf 75' lang='lat' dir='ltr'>est,</span> <span class='ocrx_word' id='word_1_220' title='bbox 1011 1441 1066 1477; x_wconf 80' lang='lat' dir='ltr'>qui</span> <span class='ocrx_word' id='word_1_221' title='bbox 1088 1438 1199 1466; x_wconf 72' lang='lat' dir='ltr'>leniler</span> <span class='ocrx_word' id='word_1_222' title='bbox 1218 1439 1299 1475; x_wconf 74' lang='lat' dir='ltr'>fluit.</span> 
     </span>
    </p>

    <p class='ocr_par' dir='ltr' id='par_1_10' title="bbox 132 1506 1930 1984">
     <span class='ocr_line' id='line_1_21' title="bbox 229 1506 1928 1551; baseline -0.004 -10"><span class='ocrx_word' id='word_1_223' title='bbox 229 1510 327 1541; x_wconf 89' lang='lat' dir='ltr'>Suam</span> <span class='ocrx_word' id='word_1_224' title='bbox 364 1509 480 1551; x_wconf 87' lang='lat' dir='ltr'>agendi</span> <span class='ocrx_word' id='word_1_225' title='bbox 508 1509 663 1539; x_wconf 90' lang='lat' dir='ltr'>rationem</span> <span class='ocrx_word' id='word_1_226' title='bbox 692 1509 823 1538; x_wconf 89' lang='lat' dir='ltr'>ulterius</span> <span class='ocrx_word' id='word_1_227' title='bbox 853 1508 1013 1538; x_wconf 88' lang='lat' dir='ltr'>describit.</span> <span class='ocrx_word' id='word_1_228' title='bbox 1066 1508 1111 1537; x_wconf 86' lang='lat' dir='ltr'>Se</span> <span class='ocrx_word' id='word_1_229' title='bbox 1138 1506 1177 1536; x_wconf 89' lang='lat' dir='ltr'>ad</span> <span class='ocrx_word' id='word_1_230' title='bbox 1214 1517 1285 1536; x_wconf 91' lang='lat' dir='ltr'>eum</span> <span class='ocrx_word' id='word_1_231' title='bbox 1314 1507 1394 1536; x_wconf 87' lang='lat' dir='ltr'>bene</span> <span class='ocrx_word' id='word_1_232' title='bbox 1423 1506 1644 1545; x_wconf 87' lang='lat' dir='ltr'>excipiendum</span> <span class='ocrx_word' id='word_1_233' title='bbox 1673 1506 1824 1535; x_wconf 86' lang='lat' dir='ltr'>camelam</span> <span class='ocrx_word' id='word_1_234' title='bbox 1853 1515 1928 1544; x_wconf 90' lang='lat' dir='ltr'>pre-</span> 
     </span>
     <span class='ocr_line' id='line_1_22' title="bbox 132 1569 1926 1608; baseline -0.003 -5"><span class='ocrx_word' id='word_1_235' title='bbox 132 1573 244 1603; x_wconf 86' lang='lat' dir='ltr'>tiosam</span> <span class='ocrx_word' id='word_1_236' title='bbox 273 1576 483 1602; x_wconf 82' lang='lat' dir='ltr'>mactaturum</span> <span class='ocrx_word' id='word_1_237' title='bbox 512 1580 598 1603; x_wconf 79' lang='lat' dir='ltr'>esse.</span> <span class='ocrx_word' id='word_1_238' title='bbox 653 1570 935 1600; x_wconf 85' lang='lat' dir='ltr'>Praestantissima</span> <span class='ocrx_word' id='word_1_239' title='bbox 965 1569 1087 1598; x_wconf 86' lang='lat' dir='ltr'>camela</span> <span class='ocrx_word' id='word_1_240' title='bbox 1115 1574 1176 1606; x_wconf 78' lang='lat' dir='ltr'>est,</span> <span class='ocrx_word' id='word_1_241' title='bbox 1205 1579 1284 1608; x_wconf 86' lang='lat' dir='ltr'>qnae</span> <span class='ocrx_word' id='word_1_242' title='bbox 1313 1570 1416 1608; x_wconf 88' lang='lat' dir='ltr'>pullos</span> <span class='ocrx_word' id='word_1_243' title='bbox 1446 1570 1567 1598; x_wconf 80' lang='lat' dir='ltr'>alacres</span> <span class='ocrx_word' id='word_1_244' title='bbox 1594 1574 1757 1608; x_wconf 81' lang='lat' dir='ltr'>procreat,</span> <span class='ocrx_word' id='word_1_245' title='bbox 1786 1570 1926 1598; x_wconf 90' lang='lat' dir='ltr'>robusta.</span> 
     </span>
     <span class='ocr_line' id='line_1_23' title="bbox 133 1631 1930 1672; baseline -0.002 -9"><span class='ocrx_word' id='word_1_246' title='bbox 133 1634 294 1664; x_wconf 87' lang='lat' dir='ltr'>Camelam</span> <span class='ocrx_word' id='word_1_247' title='bbox 322 1638 429 1662; x_wconf 89' lang='lat' dir='ltr'>autem</span> <span class='ocrx_word' id='word_1_248' title='bbox 465 1632 631 1662; x_wconf 77' lang='lat' dir='ltr'>mactatur-i</span> <span class='ocrx_word' id='word_1_249' title='bbox 658 1633 686 1661; x_wconf 94' lang='lat' dir='ltr'>in</span> <span class='ocrx_word' id='word_1_250' title='bbox 717 1632 850 1671; x_wconf 86' lang='lat' dir='ltr'>pedibus</span> <span class='ocrx_word' id='word_1_251' title='bbox 879 1640 1009 1671; x_wconf 83' lang='lat' dir='ltr'>magnos</span> <span class='ocrx_word' id='word_1_252' title='bbox 1039 1640 1158 1660; x_wconf 89' lang='lat' dir='ltr'>nervos</span> <span class='ocrx_word' id='word_1_253' title='bbox 1187 1631 1387 1669; x_wconf 76' lang='lat' dir='ltr'>incidebant,</span> <span class='ocrx_word' id='word_1_254' title='bbox 1426 1641 1465 1660; x_wconf 92' lang='lat' dir='ltr'>ne</span> <span class='ocrx_word' id='word_1_255' title='bbox 1493 1631 1649 1672; x_wconf 82' lang='lat' dir='ltr'>aufugere</span> <span class='ocrx_word' id='word_1_256' title='bbox 1683 1636 1807 1670; x_wconf 87' lang='lat' dir='ltr'>posset.</span> <span class='ocrx_word' id='word_1_257' title='bbox 1860 1632 1930 1661; x_wconf 83' lang='lat' dir='ltr'>Hac</span> 
     </span>
     <span class='ocr_line' id='line_1_24' title="bbox 132 1693 1930 1736; baseline -0.003 -8"><span class='ocrx_word' id='word_1_258' title='bbox 132 1701 161 1728; x_wconf 91' lang='lat' dir='ltr'>in</span> <span class='ocrx_word' id='word_1_259' title='bbox 188 1707 223 1728; x_wconf 91' lang='lat' dir='ltr'>re</span> <span class='ocrx_word' id='word_1_260' title='bbox 252 1706 353 1726; x_wconf 84' lang='lat' dir='ltr'>causa</span> <span class='ocrx_word' id='word_1_261' title='bbox 381 1701 453 1736; x_wconf 86' lang='lat' dir='ltr'>est,</span> <span class='ocrx_word' id='word_1_262' title='bbox 481 1705 535 1725; x_wconf 90' lang='lat' dir='ltr'>cur</span> <span class='ocrx_word' id='word_1_263' title='bbox 564 1695 591 1723; x_wconf 92' lang='lat' dir='ltr'>in</span> <span class='ocrx_word' id='word_1_264' title='bbox 620 1695 746 1735; x_wconf 84' lang='lat' dir='ltr'>ungulis</span> <span class='ocrx_word' id='word_1_265' title='bbox 775 1702 916 1724; x_wconf 86' lang='lat' dir='ltr'>crassum</span> <span class='ocrx_word' id='word_1_266' title='bbox 944 1695 1155 1734; x_wconf 82' lang='lat' dir='ltr'>sanguinem,</span> <span class='ocrx_word' id='word_1_267' title='bbox 1183 1694 1294 1723; x_wconf 89' lang='lat' dir='ltr'>leniter</span> <span class='ocrx_word' id='word_1_268' title='bbox 1324 1693 1475 1723; x_wconf 80' lang='lat' dir='ltr'>fluentem</span> <span class='ocrx_word' id='word_1_269' title='bbox 1505 1702 1581 1723; x_wconf 89' lang='lat' dir='ltr'>esse</span> <span class='ocrx_word' id='word_1_270' title='bbox 1610 1693 1736 1724; x_wconf 80' lang='lat' dir='ltr'>dixerit.</span> <span class='ocrx_word' id='word_1_271' title='bbox 1789 1694 1821 1722; x_wconf 86' lang='lat' dir='ltr'>In</span> <span class='ocrx_word' id='word_1_272' title='bbox 1849 1693 1930 1732; x_wconf 84' lang='lat' dir='ltr'>pede</span> 
     </span>
     <span class='ocr_line' id='line_1_25' title="bbox 132 1752 1925 1799; baseline -0.003 -9"><span class='ocrx_word' id='word_1_273' title='bbox 132 1761 159 1790; x_wconf 92' lang='lat' dir='ltr'>si</span> <span class='ocrx_word' id='word_1_274' title='bbox 187 1760 301 1790; x_wconf 88' lang='lat' dir='ltr'>animal</span> <span class='ocrx_word' id='word_1_275' title='bbox 330 1759 528 1799; x_wconf 84' lang='lat' dir='ltr'>vulneratur,</span> <span class='ocrx_word' id='word_1_276' title='bbox 555 1757 689 1797; x_wconf 84' lang='lat' dir='ltr'>sanguis</span> <span class='ocrx_word' id='word_1_277' title='bbox 718 1757 831 1786; x_wconf 87' lang='lat' dir='ltr'>leniter</span> <span class='ocrx_word' id='word_1_278' title='bbox 859 1756 936 1785; x_wconf 82' lang='lat' dir='ltr'>fluit.</span> <span class='ocrx_word' id='word_1_279' title='bbox 991 1755 1065 1783; x_wconf 78' lang='lat' dir='ltr'>Vox</span> <span class='ocrx_word' id='word_1_280' title='bbox 1091 1757 1180 1798; x_wconf 45' lang='lat' dir='ltr'>{si-05⁵&amp;</span> <span class='ocrx_word' id='word_1_281' title='bbox 1210 1755 1237 1783; x_wconf 91' lang='lat' dir='ltr'>in</span> <span class='ocrx_word' id='word_1_282' title='bbox 1266 1764 1364 1783; x_wconf 86' lang='lat' dir='ltr'>versu</span> <span class='ocrx_word' id='word_1_283' title='bbox 1386 1754 1613 1784; x_wconf 79' lang='lat' dir='ltr'>Abu-Dsoaibi</span> <span class='ocrx_word' id='word_1_284' title='bbox 1641 1755 1793 1788; x_wconf 79' lang='lat' dir='ltr'>occurrit:</span> <span class='ocrx_word' id='word_1_285' title='bbox 1819 1752 1925 1796; x_wconf 88' lang='lat' dir='ltr'>(metr.</span> 
     </span>
     <span class='ocr_line' id='line_1_26' title="bbox 132 1816 1928 1862; baseline -0.003 -11"><span class='ocrx_word' id='word_1_286' title='bbox 132 1818 295 1862; x_wconf 83' lang='lat' dir='ltr'>&#39;rhawil):</span> <span class='ocrx_word' id='word_1_287' title='bbox 348 1819 458 1857; x_wconf 85' lang='lat' dir='ltr'>Quot</span> <span class='ocrx_word' id='word_1_288' title='bbox 493 1818 673 1848; x_wconf 85' lang='lat' dir='ltr'>camelis</span> <span class='ocrx_word' id='word_1_289' title='bbox 714 1818 886 1847; x_wconf 84' lang='lat' dir='ltr'>alacres</span> <span class='ocrx_word' id='word_1_290' title='bbox 942 1816 1089 1855; x_wconf 88' lang='lat' dir='ltr'>pullos</span> <span class='ocrx_word' id='word_1_291' title='bbox 1138 1818 1501 1856; x_wconf 84' lang='lat' dir='ltr'>procreantibus</span> <span class='ocrx_word' id='word_1_292' title='bbox 1549 1827 1650 1848; x_wconf 88' lang='lat' dir='ltr'>crus</span> <span class='ocrx_word' id='word_1_293' title='bbox 1686 1817 1843 1858; x_wconf 91' lang='lat' dir='ltr'>incidi,</span> <span class='ocrx_word' id='word_1_294' title='bbox 1887 1820 1928 1846; x_wconf 90' lang='lat' dir='ltr'>ut</span> 
     </span>
     <span class='ocr_line' id='line_1_27' title="bbox 133 1877 1927 1925; baseline -0.003 -13"><span class='ocrx_word' id='word_1_295' title='bbox 133 1882 192 1925; x_wconf 57' lang='grc' dir='ltr'>(ᾗ).</span> <span class='ocrx_word' id='word_1_296' title='bbox 218 1878 320 1924; x_wconf 56' lang='lat'>257)</span> <span class='ocrx_word' id='word_1_297' title='bbox 354 1881 656 1921; x_wconf 82' lang='lat' dir='ltr'>prociderent,</span> <span class='ocrx_word' id='word_1_298' title='bbox 684 1879 798 1909; x_wconf 87' lang='lat' dir='ltr'>sicut</span> <span class='ocrx_word' id='word_1_299' title='bbox 817 1884 977 1908; x_wconf 85' lang='lat' dir='ltr'>ventus</span> <span class='ocrx_word' id='word_1_300' title='bbox 1005 1879 1181 1909; x_wconf 87' lang='lat' dir='ltr'>arbores</span> <span class='ocrx_word' id='word_1_301' title='bbox 1203 1879 1343 1917; x_wconf 69' lang='lat' dir='ltr'>Kattn)</span> <span class='ocrx_word' id='word_1_302' title='bbox 1372 1877 1548 1910; x_wconf 83' lang='lat' dir='ltr'>deiicit.</span> <span class='ocrx_word' id='word_1_303' title='bbox 1605 1880 1686 1909; x_wconf 82' lang='lat' dir='ltr'>Voci</span> <span class='ocrx_word' id='word_1_304' title='bbox 1713 1879 1789 1907; x_wconf 57' lang='lat' dir='ltr'>..Sl-Am</span> <span class='ocrx_word' id='word_1_305' title='bbox 1816 1888 1927 1919; x_wconf 87' lang='lat' dir='ltr'>gra-</span> 
     </span>
     <span class='ocr_line' id='line_1_28' title="bbox 134 1940 1926 1984; baseline -0.003 -9"><span class='ocrx_word' id='word_1_306' title='bbox 134 1946 242 1975; x_wconf 89' lang='lat' dir='ltr'>cilis</span> <span class='ocrx_word' id='word_1_307' title='bbox 284 1950 336 1974; x_wconf 88' lang='lat' dir='ltr'>aut</span> <span class='ocrx_word' id='word_1_308' title='bbox 372 1944 537 1984; x_wconf 86' lang='lat' dir='ltr'>longae</span> <span class='ocrx_word' id='word_1_309' title='bbox 571 1942 836 1983; x_wconf 80' lang='lat' dir='ltr'>significationem</span> <span class='ocrx_word' id='word_1_310' title='bbox 876 1941 1071 1971; x_wconf 83' lang='lat' dir='ltr'>scholiastes</span> <span class='ocrx_word' id='word_1_311' title='bbox 1109 1940 1241 1979; x_wconf 81' lang='lat' dir='ltr'>tribuit,</span> <span class='ocrx_word' id='word_1_312' title='bbox 1285 1942 1356 1971; x_wconf 90' lang='lat' dir='ltr'>dum</span> <span class='ocrx_word' id='word_1_313' title='bbox 1393 1941 1610 1982; x_wconf 80' lang='lat' dir='ltr'>lexicographi</span> <span class='ocrx_word' id='word_1_314' title='bbox 1648 1950 1728 1971; x_wconf 89' lang='lat' dir='ltr'>voce</span> <span class='ocrx_word' id='word_1_315' title='bbox 1765 1941 1926 1971; x_wconf 89' lang='lat' dir='ltr'>robustam</span> 
     </span>
    </p>
   </div>
   <div class='ocr_carea' id='block_1_10' title="bbox 134 2006 451 2048">
    <p class='ocr_par' dir='ltr' id='par_1_11' title="bbox 134 2006 451 2048">
     <span class='ocr_line' id='line_1_29' title="bbox 134 2006 451 2048; baseline -0.009 -11"><span class='ocrx_word' id='word_1_316' title='bbox 134 2007 306 2048; x_wconf 82' lang='lat' dir='ltr'>significari</span> <span class='ocrx_word' id='word_1_317' title='bbox 335 2006 451 2036; x_wconf 86' lang='lat' dir='ltr'>dicunt.</span> 
     </span>
    </p>
   </div>
   <div class='ocr_carea' id='block_1_11' title="bbox 135 2099 1825 2141">
    <p class='ocr_par' dir='ltr' id='par_1_12' title="bbox 135 2099 1825 2141">
     <span class='ocr_line' id='line_1_30' title="bbox 135 2099 1825 2141; baseline -0.002 -8"><span class='ocrx_word' id='word_1_318' title='bbox 135 2106 166 2134; x_wconf 77' lang='lat'>4.</span> <span class='ocrx_word' id='word_1_319' title='bbox 212 2103 312 2132; x_wconf 71' lang='lat' dir='ltr'>Matre·</span> <span class='ocrx_word' id='word_1_320' title='bbox 334 2107 406 2132; x_wconf 76' lang='lat' dir='ltr'>tuae</span> <span class='ocrx_word' id='word_1_321' title='bbox 428 2105 637 2141; x_wconf 70' lang='lat' dir='ltr'>alfar-lunium</span> <span class='ocrx_word' id='word_1_322' title='bbox 659 2106 689 2131; x_wconf 79' lang='lat' dir='ltr'>el</span> <span class='ocrx_word' id='word_1_323' title='bbox 709 2103 762 2130; x_wconf 73' lang='lat' dir='ltr'>libi</span> <span class='ocrx_word' id='word_1_324' title='bbox 781 2112 905 2140; x_wconf 78' lang='lat' dir='ltr'>quoque</span> <span class='ocrx_word' id='word_1_325' title='bbox 926 2101 990 2130; x_wconf 79' lang='lat' dir='ltr'>sit!</span> <span class='ocrx_word' id='word_1_326' title='bbox 1007 2111 1079 2130; x_wconf 74' lang='lat' dir='ltr'>nam</span> <span class='ocrx_word' id='word_1_327' title='bbox 1102 2105 1135 2130; x_wconf 76' lang='grc' dir='ltr'>Ιιι</span> <span class='ocrx_word' id='word_1_328' title='bbox 1157 2111 1257 2139; x_wconf 64' lang='lat' dir='ltr'>neque</span> <span class='ocrx_word' id='word_1_329' title='bbox 1279 2108 1364 2128; x_wconf 74' lang='lat' dir='ltr'>Ovem</span> <span class='ocrx_word' id='word_1_330' title='bbox 1385 2100 1518 2135; x_wconf 74' lang='lat' dir='ltr'>praebes</span> <span class='ocrx_word' id='word_1_331' title='bbox 1541 2108 1641 2137; x_wconf 78' lang='lat' dir='ltr'>neque</span> <span class='ocrx_word' id='word_1_332' title='bbox 1663 2099 1825 2129; x_wconf 77' lang='lat' dir='ltr'>camelum.</span> 
     </span>
    </p>
   </div>
   <div class='ocr_carea' id='block_1_12' title="bbox 131 2165 1929 2525">
    <p class='ocr_par' dir='ltr' id='par_1_13' title="bbox 131 2165 1929 2525">
     <span class='ocr_line' id='line_1_31' title="bbox 234 2165 1927 2210; baseline -0.003 -8"><span class='ocrx_word' id='word_1_333' title='bbox 234 2173 412 2202; x_wconf 84' lang='lat' dir='ltr'>Avaritiam</span> <span class='ocrx_word' id='word_1_334' title='bbox 441 2172 627 2210; x_wconf 87' lang='lat' dir='ltr'>vituperans</span> <span class='ocrx_word' id='word_1_335' title='bbox 657 2172 726 2201; x_wconf 91' lang='lat' dir='ltr'>viro</span> <span class='ocrx_word' id='word_1_336' title='bbox 766 2172 900 2210; x_wconf 85' lang='lat' dir='ltr'>eiusque</span> <span class='ocrx_word' id='word_1_337' title='bbox 938 2171 1025 2200; x_wconf 86' lang='lat' dir='ltr'>matri</span> <span class='ocrx_word' id='word_1_338' title='bbox 1064 2171 1144 2200; x_wconf 86' lang='lat' dir='ltr'>male</span> <span class='ocrx_word' id='word_1_339' title='bbox 1184 2175 1340 2209; x_wconf 81' lang='lat' dir='ltr'>precatur.</span> <span class='ocrx_word' id='word_1_340' title='bbox 1395 2168 1499 2206; x_wconf 85' lang='lat' dir='ltr'>Quum</span> <span class='ocrx_word' id='word_1_341' title='bbox 1529 2169 1818 2207; x_wconf 83' lang='lat' dir='ltr'>praepositionibus</span> <span class='ocrx_word' id='word_1_342' title='bbox 1850 2165 1869 2202; x_wconf 63' lang='grc' dir='ltr'><strong><em>ὁ</em></strong></span> <span class='ocrx_word' id='word_1_343' title='bbox 1897 2172 1927 2197; x_wconf 90' lang='lat' dir='ltr'>et</span> 
     </span>
     <span class='ocr_line' id='line_1_32' title="bbox 138 2229 1929 2277; baseline -0.003 -11"><span class='ocrx_word' id='word_1_344' title='bbox 138 2239 189 2277; x_wconf 47' lang='lat' dir='ltr'>&amp;a</span> <span class='ocrx_word' id='word_1_345' title='bbox 216 2246 315 2275; x_wconf 85' lang='lat' dir='ltr'>saepe</span> <span class='ocrx_word' id='word_1_346' title='bbox 343 2235 519 2265; x_wconf 86' lang='lat' dir='ltr'>contrariae</span> <span class='ocrx_word' id='word_1_347' title='bbox 547 2233 798 2274; x_wconf 77' lang='lat' dir='ltr'>significationes</span> <span class='ocrx_word' id='word_1_348' title='bbox 826 2234 906 2274; x_wconf 86' lang='lat' dir='ltr'>sint,</span> <span class='ocrx_word' id='word_1_349' title='bbox 936 2234 1129 2263; x_wconf 85' lang='lat' dir='ltr'>scholiastes</span> <span class='ocrx_word' id='word_1_350' title='bbox 1157 2234 1215 2263; x_wconf 82' lang='lat' dir='ltr'>hoc</span> <span class='ocrx_word' id='word_1_351' title='bbox 1242 2233 1271 2260; x_wconf 91' lang='lat' dir='ltr'>in</span> <span class='ocrx_word' id='word_1_352' title='bbox 1300 2240 1398 2260; x_wconf 87' lang='lat' dir='ltr'>versu</span> <span class='ocrx_word' id='word_1_353' title='bbox 1426 2240 1533 2260; x_wconf 89' lang='lat' dir='ltr'>earum</span> <span class='ocrx_word' id='word_1_354' title='bbox 1566 2229 1818 2270; x_wconf 81' lang='lat' dir='ltr'>significationes</span> <span class='ocrx_word' id='word_1_355' title='bbox 1846 2230 1929 2260; x_wconf 84' lang='lat' dir='ltr'>haud</span> 
     </span>
     <span class='ocr_line' id='line_1_33' title="bbox 136 2291 1928 2334; baseline -0.005 -5"><span class='ocrx_word' id='word_1_356' title='bbox 136 2299 280 2329; x_wconf 86' lang='lat' dir='ltr'>diversas</span> <span class='ocrx_word' id='word_1_357' title='bbox 305 2307 378 2327; x_wconf 86' lang='lat' dir='ltr'>esse</span> <span class='ocrx_word' id='word_1_358' title='bbox 406 2297 580 2326; x_wconf 83' lang='lat' dir='ltr'>adnotavit.</span> <span class='ocrx_word' id='word_1_359' title='bbox 636 2296 717 2325; x_wconf 86' lang='lat' dir='ltr'>Voci</span> <span class='ocrx_word' id='word_1_360' title='bbox 745 2294 800 2323; x_wconf 53' lang='lat' dir='ltr'>Sta}</span> <span class='ocrx_word' id='word_1_361' title='bbox 831 2305 926 2326; x_wconf 84' lang='lat' dir='ltr'>casus</span> <span class='ocrx_word' id='word_1_362' title='bbox 955 2298 1162 2325; x_wconf 78' lang='lat' dir='ltr'>accusativus</span> <span class='ocrx_word' id='word_1_363' title='bbox 1188 2295 1253 2324; x_wconf 87' lang='lat' dir='ltr'>dari</span> <span class='ocrx_word' id='word_1_364' title='bbox 1283 2298 1400 2333; x_wconf 89' lang='lat' dir='ltr'>potest,</span> <span class='ocrx_word' id='word_1_365' title='bbox 1429 2293 1498 2322; x_wconf 80' lang='lat' dir='ltr'>duni</span> <span class='ocrx_word' id='word_1_366' title='bbox 1524 2302 1589 2322; x_wconf 81' lang='lat' dir='ltr'>vox</span> <span class='ocrx_word' id='word_1_367' title='bbox 1609 2303 1671 2334; x_wconf 51' lang='lat'>59²?</span> <span class='ocrx_word' id='word_1_368' title='bbox 1692 2291 1928 2330; x_wconf 76' lang='lat' dir='ltr'>nominativum,</span> 
     </span>
     <span class='ocr_line' id='line_1_34' title="bbox 136 2354 1928 2398; baseline -0.005 -7"><span class='ocrx_word' id='word_1_369' title='bbox 136 2366 167 2392; x_wconf 88' lang='lat' dir='ltr'>ut</span> <span class='ocrx_word' id='word_1_370' title='bbox 198 2361 467 2390; x_wconf 87' lang='lat' dir='ltr'>homoioteleuton</span> <span class='ocrx_word' id='word_1_371' title='bbox 497 2358 590 2398; x_wconf 87' lang='lat' dir='ltr'>adsit,</span> <span class='ocrx_word' id='word_1_372' title='bbox 619 2358 735 2387; x_wconf 89' lang='lat' dir='ltr'>habeat</span> <span class='ocrx_word' id='word_1_373' title='bbox 763 2366 895 2386; x_wconf 84' lang='lat' dir='ltr'>necesse</span> <span class='ocrx_word' id='word_1_374' title='bbox 923 2362 983 2386; x_wconf 89' lang='lat' dir='ltr'>est.</span> <span class='ocrx_word' id='word_1_375' title='bbox 1023 2358 1095 2386; x_wconf 78' lang='lat' dir='ltr'>Vox</span> <span class='ocrx_word' id='word_1_376' title='bbox 1119 2357 1174 2384; x_wconf 59' lang='lat' dir='ltr'>8ka</span> <span class='ocrx_word' id='word_1_377' title='bbox 1202 2357 1299 2396; x_wconf 83' lang='lat' dir='ltr'>igitur</span> <span class='ocrx_word' id='word_1_378' title='bbox 1319 2355 1474 2385; x_wconf 85' lang='lat' dir='ltr'>obiectum</span> <span class='ocrx_word' id='word_1_379' title='bbox 1502 2355 1591 2384; x_wconf 83' lang='lat' dir='ltr'>verbi</span> <span class='ocrx_word' id='word_1_380' title='bbox 1619 2354 1695 2391; x_wconf 48' lang='lat'>&amp;5³⁴3</span> <span class='ocrx_word' id='word_1_381' title='bbox 1721 2359 1772 2383; x_wconf 88' lang='lat' dir='ltr'>est</span> <span class='ocrx_word' id='word_1_382' title='bbox 1800 2358 1832 2382; x_wconf 90' lang='lat' dir='ltr'>et</span> <span class='ocrx_word' id='word_1_383' title='bbox 1863 2363 1928 2383; x_wconf 83' lang='lat' dir='ltr'>vox</span> 
     </span>
     <span class='ocr_line' id='line_1_35' title="bbox 131 2416 1928 2468; baseline -0.004 -17"><span class='ocrx_word' id='word_1_384' title='bbox 131 2435 197 2468; x_wconf 58' lang='lat'>5³²?</span> <span class='ocrx_word' id='word_1_385' title='bbox 226 2424 263 2453; x_wconf 87' lang='lat' dir='ltr'>de</span> <span class='ocrx_word' id='word_1_386' title='bbox 291 2432 374 2452; x_wconf 88' lang='lat' dir='ltr'>novo</span> <span class='ocrx_word' id='word_1_387' title='bbox 402 2431 582 2451; x_wconf 89' lang='lat' dir='ltr'>sermonem</span> <span class='ocrx_word' id='word_1_388' title='bbox 611 2420 763 2459; x_wconf 89' lang='lat' dir='ltr'>incipiens</span> <span class='ocrx_word' id='word_1_389' title='bbox 791 2419 964 2449; x_wconf 85' lang='lat' dir='ltr'>subiectum</span> <span class='ocrx_word' id='word_1_390' title='bbox 993 2419 1176 2458; x_wconf 84' lang='lat' dir='ltr'>praedicato</span> <span class='ocrx_word' id='word_1_391' title='bbox 1208 2425 1319 2457; x_wconf 61' lang='lat'>05?9‘⁰</span> <span class='ocrx_word' id='word_1_392' title='bbox 1346 2417 1466 2446; x_wconf 85' lang='lat' dir='ltr'>omisso</span> <span class='ocrx_word' id='word_1_393' title='bbox 1494 2422 1552 2447; x_wconf 87' lang='lat' dir='ltr'>est.</span> <span class='ocrx_word' id='word_1_394' title='bbox 1603 2416 1694 2454; x_wconf 85' lang='lat' dir='ltr'>Quod</span> <span class='ocrx_word' id='word_1_395' title='bbox 1721 2417 1748 2445; x_wconf 91' lang='lat' dir='ltr'>si</span> <span class='ocrx_word' id='word_1_396' title='bbox 1775 2416 1845 2444; x_wconf 88' lang='lat' dir='ltr'>voci</span> <span class='ocrx_word' id='word_1_397' title='bbox 1874 2418 1928 2444; x_wconf 59' lang='lat' dir='ltr'>sta</span> 
     </span>
     <span class='ocr_line' id='line_1_36' title="bbox 136 2478 1928 2525; baseline -0.005 -9"><span class='ocrx_word' id='word_1_398' title='bbox 136 2486 345 2516; x_wconf 85' lang='lat' dir='ltr'>nominativus</span> <span class='ocrx_word' id='word_1_399' title='bbox 373 2485 532 2524; x_wconf 81' lang='lat' dir='ltr'>tribuitur,</span> <span class='ocrx_word' id='word_1_400' title='bbox 561 2485 727 2522; x_wconf 86' lang='lat' dir='ltr'>utriusque</span> <span class='ocrx_word' id='word_1_401' title='bbox 755 2482 848 2512; x_wconf 87' lang='lat' dir='ltr'>vocis</span> <span class='ocrx_word' id='word_1_402' title='bbox 865 2482 1076 2511; x_wconf 79' lang='lat' dir='ltr'>nominativus</span> <span class='ocrx_word' id='word_1_403' title='bbox 1105 2492 1122 2511; x_wconf 93' lang='lat' dir='ltr'>e</span> <span class='ocrx_word' id='word_1_404' title='bbox 1150 2482 1251 2510; x_wconf 87' lang='lat' dir='ltr'>verbo</span> <span class='ocrx_word' id='word_1_405' title='bbox 1281 2481 1397 2509; x_wconf 88' lang='lat' dir='ltr'>omisso</span> <span class='ocrx_word' id='word_1_406' title='bbox 1424 2490 1519 2525; x_wconf 58' lang='lat' dir='ltr'>5=&gt;Jfl</span> <span class='ocrx_word' id='word_1_407' title='bbox 1549 2478 1727 2518; x_wconf 85' lang='lat' dir='ltr'>(speratur)</span> <span class='ocrx_word' id='word_1_408' title='bbox 1756 2483 1809 2506; x_wconf 88' lang='lat' dir='ltr'>aut</span> <span class='ocrx_word' id='word_1_409' title='bbox 1836 2478 1928 2507; x_wconf 88' lang='lat' dir='ltr'>simili</span> 
     </span>
    </p>
   </div>
   <div class='ocr_carea' id='block_1_13' title="bbox 158 2560 1929 2599">
    <p class='ocr_par' dir='ltr' id='par_1_14' title="bbox 158 2560 1929 2599">
     <span class='ocr_line' id='line_1_37' title="bbox 158 2560 1929 2599; baseline -0.007 -4"><span class='ocrx_word' id='word_1_410' title='bbox 158 2574 182 2597; x_wconf 87' lang='lat' dir='ltr'>l)</span> <span class='ocrx_word' id='word_1_411' title='bbox 203 2572 240 2594; x_wconf 68' lang='lat' dir='ltr'>Ex</span> <span class='ocrx_word' id='word_1_412' title='bbox 262 2571 386 2594; x_wconf 70' lang='lat' dir='ltr'>hocloco</span> <span class='ocrx_word' id='word_1_413' title='bbox 407 2572 430 2593; x_wconf 89' lang='lat' dir='ltr'>in</span> <span class='ocrx_word' id='word_1_414' title='bbox 450 2571 537 2593; x_wconf 79' lang='lat' dir='ltr'>lexico</span> <span class='ocrx_word' id='word_1_415' title='bbox 558 2577 613 2593; x_wconf 71' lang='lat' dir='ltr'>uico</span> <span class='ocrx_word' id='word_1_416' title='bbox 633 2569 851 2599; x_wconf 71' lang='lat' dir='ltr'>significationem</span> <span class='ocrx_word' id='word_1_417' title='bbox 874 2567 1001 2590; x_wconf 73' lang='lat' dir='ltr'>fotini-un·</span> <span class='ocrx_word' id='word_1_418' title='bbox 1021 2565 1154 2589; x_wconf 72' lang='lat' dir='ltr'>aridorum</span> <span class='ocrx_word' id='word_1_419' title='bbox 1178 2563 1280 2593; x_wconf 73' lang='lat' dir='ltr'>recepi,</span> <span class='ocrx_word' id='word_1_420' title='bbox 1308 2562 1369 2589; x_wconf 68' lang='lat' dir='ltr'>sed,</span> <span class='ocrx_word' id='word_1_421' title='bbox 1396 2570 1472 2592; x_wconf 86' lang='lat' dir='ltr'>quum</span> <span class='ocrx_word' id='word_1_422' title='bbox 1493 2562 1558 2586; x_wconf 69' lang='lat' dir='ltr'>solist</span> <span class='ocrx_word' id='word_1_423' title='bbox 1583 2562 1658 2584; x_wconf 74' lang='lat' dir='ltr'>arida</span> <span class='ocrx_word' id='word_1_424' title='bbox 1677 2560 1825 2583; x_wconf 76' lang='lat' dir='ltr'>decidentia</span> <span class='ocrx_word' id='word_1_425' title='bbox 1845 2561 1929 2583; x_wconf 84' lang='lat' dir='ltr'>minus</span> 
     </span>
    </p>
   </div>
   <div class='ocr_carea' id='block_1_14' title="bbox 203 2607 1444 2647">
    <p class='ocr_par' dir='ltr' id='par_1_15' title="bbox 203 2607 1444 2647">
     <span class='ocr_line' id='line_1_38' title="bbox 203 2607 1444 2647; baseline -0.006 -7"><span class='ocrx_word' id='word_1_426' title='bbox 203 2618 265 2640; x_wconf 86' lang='lat' dir='ltr'>bene</span> <span class='ocrx_word' id='word_1_427' title='bbox 285 2620 473 2647; x_wconf 75' lang='lat' dir='ltr'>comparentur</span> <span class='ocrx_word' id='word_1_428' title='bbox 491 2622 549 2639; x_wconf 80' lang='lat' dir='ltr'>cuin</span> <span class='ocrx_word' id='word_1_429' title='bbox 569 2616 677 2638; x_wconf 75' lang='lat' dir='ltr'>cautelis</span> <span class='ocrx_word' id='word_1_430' title='bbox 697 2615 900 2646; x_wconf 79' lang='lat' dir='ltr'>proruentibus,</span> <span class='ocrx_word' id='word_1_431' title='bbox 921 2618 982 2637; x_wconf 85' lang='lat' dir='ltr'>num</span> <span class='ocrx_word' id='word_1_432' title='bbox 1003 2614 1078 2634; x_wconf 71' lang='lat' dir='ltr'>recta</span> <span class='ocrx_word' id='word_1_433' title='bbox 1096 2610 1130 2633; x_wconf 78' lang='lat' dir='ltr'>Si!-</span> <span class='ocrx_word' id='word_1_434' title='bbox 1148 2608 1325 2639; x_wconf 57' lang='lat' dir='ltr'>significatio,</span> <span class='ocrx_word' id='word_1_435' title='bbox 1344 2607 1444 2631; x_wconf 76' lang='lat' dir='ltr'>dubito·</span> 
     </span>
    </p>
   </div>
  </div>
 </body>
</html>
