2155 2892
901 165 1168 195 —521—

141 270 204 304 est,
234 274 252 296 a
278 265 335 296 vio
364 271 454 296 rectu
482 267 616 297 aberrat.
670 266 780 296 Virum
805 268 912 294 nutem
941 273 1011 294 curn
1039 264 1133 294 clavo
1165 270 1348 304 comparat,
1385 267 1434 304 qui
1470 266 1498 296 si
1533 276 1655 298 curvus
1689 268 1814 305 evasit,
1851 277 1923 298 raro

137 331 244 357 rectus
272 327 307 357 lit
335 331 366 357 et
393 328 485 358 facile
512 327 677 368 frangitur.

138 424 170 453 ⁶3.
193 424 239 452 El
262 434 353 462 quum
379 423 599 461 Obrmljnlmm
623 424 779 458 observas,
803 426 871 453 eius
891 425 986 462 pedes
1007 425 1063 452 tibi
1079 428 1208 462 propter
1231 427 1316 453 asini
1336 430 1490 455 cerelrum
1513 428 1632 455 ‹lits-lure
1654 428 1807 456 riaelenlur.

258 494 337 523 Eum
365 493 486 523 dissitis
514 490 647 532 pedibus
677 493 835 532 incedere,
863 499 958 533 poeta
984 494 1053 523 viro
1081 493 1194 523 obiicit.
1248 494 1340 532 Quod
1368 496 1562 525 scholiastes
1591 496 1720 537 adtulit,
1757 498 1923 537 praeposi-

133 554 248 584 tionem
276 556 330 585 Bu
363 554 466 584 locum
495 554 741 594 praepositionis
768 567 820 600 0⁸²
847 560 901 584 aut
928 570 970 593 ψη
998 560 1108 584 tenere
1142 561 1216 595 etc„
1253 566 1271 585 a
1307 566 1385 586 vero
1421 558 1551 588 alienum
1588 560 1719 589 videtur.
1774 560 1812 589 L't
1852 561 1922 589 loco

136 617 228 649 Ham,
253 618 300 646 ‘lv‘t
328 626 359 646 v.
387 617 407 645 5
436 621 597 646 veretrum
633 617 712 646 asini
741 626 758 646 a
786 623 879 656 poeta
909 618 1117 648 contumeliae
1145 628 1245 648 causa
1272 618 1441 649 adhibitum
1469 624 1536 658 est,
1567 621 1610 650 sic
1639 628 1732 660 poeta
1761 623 1788 651 in
1817 629 1924 653 nostro

135 679 206 709 loco
233 683 391 709 veretrum
430 679 508 709 asini
539 679 567 708 ei
601 680 725 718 tribuit,
762 679 844 719 quod
871 690 965 720 quum
993 690 1143 722 magnum
1174 682 1235 721 sit,
1264 682 1393 712 efficere
1429 688 1558 724 potest,
1597 688 1629 713 ut
1657 683 1706 712 vir
1735 684 1924 714 distantibus

134 741 268 781 pedibus
295 740 431 772 incedat.

919 838 1147 872 Lxxvn.

544 907 710 941 Mater
736 905 946 940 Alunt-ui
974 905 1077 939 fitia
1102 905 1355 940 §Vakdani
1379 905 1516 939 «lixit.

138 973 164 1004 l.
187 973 227 1004 Si
247 984 300 1004 ros
318 977 433 1014 fratris
455 978 554 1006 vestri
575 977 700 1005 caedem
724 976 813 1005 lmml
832 976 1009 1008 vindicatis,
1033 985 1122 1003 arma
1145 977 1238 1004 sinite
1260 978 1289 1004 e!
1313 976 1346 1003 in
1370 976 1493 1004 deserto
1516 986 1586 1005 cum
1607 978 1689 1015 feris
1711 978 1836 1014 dryite!

237 1044 354 1074 Mulier
380 1051 525 1085 gentem,
566 1055 646 1086 quae
673 1045 843 1075 vindictam
872 1045 1066 1085 neglexerit,
1102 1044 1274 1083 vituperat.
1338 1044 1399 1083 Qui
1435 1045 1541 1075 fratris
1577 1047 1748 1076 ulciscendi
1786 1047 1924 1079 osticium

135 1105 291 1147 negligat,
321 1117 393 1138 eum
420 1108 580 1150 indignum
609 1118 698 1146 esse,
726 1109 777 1147 qui
807 1118 894 1139 arma
921 1112 1025 1148 gerat.
1078 1107 1146 1137 'l'ali
1175 1107 1272 1137 vitam
1300 1117 1371 1137 cum
1410 1108 1486 1137 feris
1524 1110 1554 1137 in
1588 1108 1716 1138 deserto
1752 1110 1925 1150 gerendam

134 1176 220 1197 esse.
286 1169 424 1200 Verbum
450 1171 559 1211 ὀψο,
599 1172 686 1201 vario
723 1170 815 1200 modo
849 1170 1026 1210 explicari,
1066 1170 1096 1200 in
1135 1171 1293 1200 Mersukii
1330 1180 1425 1209 opere
1454 1171 1602 1211 legimus.
1654 1172 1745 1211 Sunt,
1774 1172 1824 1210 qui
1854 1174 1928 1203 voci

134 1231 318 1271 proiiciendi
346 1232 606 1273 significationem
638 1234 786 1271 tribuant,
813 1238 846 1263 ut
873 1233 902 1262 in
931 1233 1039 1263 verbis
1067 1233 1302 1263 Mohammedis
1329 1232 1498 1263 traditione
1526 1234 1564 1263 ad
1596 1243 1654 1263 nos
1683 1234 1796 1264 delatis
1817 1234 1927 1275 39:203

137 1290 265 1341 51>laej
305 1294 453 1324 »lanceas
487 1301 617 1326 vestras
652 1292 836 1335 proiicitelu
896 1295 987 1334 Quae
1022 1294 1216 1335 significatio
1244 1295 1271 1324 si
1298 1295 1494 1336 admittitur,
1530 1296 1600 1325 voci
1630 1292 1731 1339 h5537ss
1761 1296 1928 1338 (fulgens)

138 1355 235 1398 gladii
262 1356 456 1396 significatio
484 1357 650 1387 tribuenda
679 1358 815 1387 videtur.
871 1357 931 1387 Alii
959 1358 1079 1387 formae
1107 1358 1198 1387 verbi
1237 1356 1399 1387 secundae
1432 1357 1566 1388 eandem
1603 1368 1640 1388 ac
1669 1359 1794 1397 quintae
1823 1359 1928 1400 signi-

136 1420 318 1451 ficationem
344 1419 539 1457 adscribunt,
570 1424 604 1449 ut
631 1420 820 1450 vertendum
846 1420 906 1450 sit:
934 1429 1002 1450 cum
1032 1419 1107 1449 feris
1136 1418 1264 1459 degite!
1329 1419 1391 1449 Alii
1424 1419 1559 1459 denique
1592 1426 1740 1450 vertunt:
1774 1420 1930 1450 venandis

136 1483 213 1514 feris
246 1491 376 1522 operam
404 1477 495 1512 date!
548 1483 736 1513 Mersukius
765 1483 855 1522 dixit,
883 1487 1009 1522 poetam
1026 1491 1140 1512 vocem
1156 1480 1270 1526 3335,
1298 1483 1360 1522 qua
1378 1484 1467 1512 locus
1489 1483 1645 1523 lapidibus
1665 1483 1744 1513 albis
1767 1483 1930 1524 nigrisque

137 1544 284 1584 impletus
312 1542 561 1583 significaretur,
590 1553 886 1585 commemorasse,
912 1544 994 1583 quod
1021 1544 1093 1574 talis
1123 1545 1211 1574 locus
1239 1545 1277 1574 iis
1304 1546 1501 1585 propinquus
1530 1550 1631 1575 esset.
1683 1546 1804 1575 Vocem
1832 1541 1930 1588 ,ᾡς-εἵς

141 1616 254 1636 nornen
282 1606 440 1645 proprium
469 1606 526 1635 loci
554 1616 643 1647 esse,
671 1616 732 1636 non
762 1610 848 1646 puto,
877 1607 991 1646 quippe
1018 1606 1047 1635 in
1074 1607 1189 1636 Iakutii
1217 1606 1293 1636 libro
1321 1607 1640 1636 Almoschtaric
1667 1607 1818 1645 inscripto
1847 1606 1930 1634 inter

145 1668 261 1709 viginti
284 1672 317 1697 et
345 1672 472 1706 septem
499 1667 588 1698 locos
617 1669 718 1698 nullus
745 1678 816 1698 cum
843 1668 977 1698 articulo
1005 1668 1124 1706 (altero
1151 1668 1276 1698 nomine
1299 1668 1384 1699 haud
1408 1668 1573 1708 adposito)
1601 1668 1766 1707 reperitur.

142 1766 173 1794 2.
222 1763 346 1801 Stylos,
378 1764 489 1801 quihus
520 1765 685 1802 collyrium
716 1765 865 1800 illinitur,
897 1766 1028 1801 arripite
1056 1769 1086 1793 et
1106 1768 1206 1794 vestes
1231 1775 1320 1794 croco
1343 1768 1459 1794 tinctas
1478 1769 1508 1794 el
1530 1765 1695 1794 mulierum
1720 1763 1779 1803 (ΙΙ.
1805 1759 1931 1803 682.)

358 1820 461 1845 vestes
485 1819 651 1846 interiores
674 1819 793 1847 induite
814 1822 844 1847 et
866 1828 959 1856 quum
979 1829 1079 1855 prava
1101 1824 1150 1848 est
1168 1820 1292 1858 fatne'lia
1315 1822 1348 1848 in
1372 1821 1553 1856 (angustiam
1577 1817 1717 1847 reduc-li!

241 1886 302 1924 Qui
332 1886 385 1915 tali
415 1884 507 1914 modo
535 1895 570 1915 se
597 1892 733 1926 gerant,
760 1887 875 1928 dignos
901 1897 984 1927 esse,
1013 1892 1045 1918 ut
1073 1889 1224 1918 mulieres
1252 1889 1316 1919 sint
1343 1894 1375 1919 et
1403 1889 1564 1918 mulierum
1593 1887 1717 1916 modum
1745 1891 1931 1925 sequantur.

143 1949 297 1979 Mulieres
337 1957 397 1988 ope
431 1948 627 1977 instrumenti
661 1945 770 1985 &5512
803 1949 952 1988 appellati
984 1951 1082 1980 oculis
1118 1951 1282 1990 collyrium
1322 1951 1443 1980 illinere
1481 1950 1628 1979 solebant
1664 1950 1756 1978 llam.
1788 1949 1834 1977 0‘lo
1861 1947 1932 1976 infr.

141 2010 265 2040 Vestes
296 2018 386 2039 croco
418 2009 536 2039 tinctas
565 2009 748 2039 mulieribus
778 2010 807 2038 in
836 2019 896 2039 usu
925 2010 1039 2048 fuisse,
1067 2021 1085 2040 e
1112 2016 1221 2041 nostro
1251 2012 1317 2041 loco
1342 2016 1374 2041 et
1401 2021 1500 2041 versu
1528 2011 1774 2051 quadragesimo
1793 2011 1932 2048 septimo

142 2073 322 2103 Moallakae
349 2072 499 2102 'sarafalii
528 2071 686 2101 videmus.
752 2072 827 2102 Vox
855 2074 926 2110 „fxiii
955 2078 1009 2102 aut
1038 2073 1138 2102 vocali
1167 2074 1270 2103 Fatlia
1298 2079 1350 2104 aut
1378 2075 1480 2103 vocali
1513 2074 1667 2103 Dhamma
1694 2073 1820 2103 litterae
1852 2070 1934 2100 Kaf

142 2136 370 2175 pronuntiatur.
423 2135 459 2164 Si
486 2135 587 2164 vocali
618 2134 720 2164 Fama
748 2134 987 2173 pronuntiatur,
1025 2135 1228 2164 succinctorii
1255 2136 1380 2174 species
1409 2140 1459 2166 est
1485 2136 1568 2165 zona
1596 2135 1758 2172 instructi,
1796 2135 1841 2163 sin
1869 2142 1931 2161 vo-

143 2199 200 2229 cali
223 2198 389 2234 Dhamma,
418 2207 435 2226 a
464 2206 545 2226 voce
570 2194 647 2232 syl-iij
676 2196 847 2226 derivanda
873 2206 939 2226 vox
967 2198 1164 2235 operimenta
1191 2196 1283 2226 faciei
1310 2196 1469 2237 designat.
1524 2197 1599 2226 Post
1626 2205 1738 2226 vocem
1766 2194 1838 2235 φὶ.)
1866 2202 1931 2222 vox

145 2261 231 2297 χρῶ
262 2259 357 2297 (vos)
385 2259 504 2288 omissa
532 2263 590 2287 est.
644 2258 759 2288 Verbis
795 2258 909 2288 talibus
944 2257 984 2288 ad
1021 2258 1171 2288 ultionem
1203 2259 1334 2288 incitare
1367 2259 1447 2298 vult,
1484 2263 1518 2288 ut
1555 2267 1646 2287 soror
1673 2254 1931 2286 Malnli-Caribi

145 2322 239 2351 Ham.
265 2323 302 2350 t.v
329 2329 361 2348 v.
391 2319 412 2349 3
437 2325 469 2350 et
493 2320 513 2349 4
542 2320 628 2350 fecit.

143 2419 178 2448 3.
207 2418 271 2448 Vos
293 2418 438 2447 delectati
458 2420 547 2455 estis,
570 2421 606 2447 ul
621 2419 737 2456 fratris
760 2419 885 2447 caedem
909 2426 975 2446 non
1000 2417 1208 2451 ulciscamini,
1234 2417 1300 2445 cibo
1324 2415 1440 2445 Chasir
1454 2418 1484 2443 et
1503 2416 1602 2442 n‘rem
1616 2421 1749 2450 part-nm
1767 2412 1931 2448 linyenles.

245 2487 308 2526 Qui
334 2487 496 2517 vindictae
523 2486 651 2528 studet,
676 2487 744 2517 cibo
775 2492 913 2526 potuque
940 2488 984 2517 ita
1011 2487 1169 2517 abstinere
1198 2486 1293 2524 solet,
1322 2489 1355 2514 ut
1383 2492 1519 2522 paucum
1546 2482 1604 2512 cibi
1634 2485 1788 2520 potusque
1816 2484 1933 2509 sumat.

142 2550 236 2580 Ham.
262 2552 292 2579 ΛἹ
321 2550 390 2579 infr.
436 2550 561 2579 Versus
589 2559 707 2578 sensus
734 2550 831 2589 igitur
858 2558 933 2580 esse
960 2552 1085 2588 potest,
1121 2557 1189 2576 eum
1218 2546 1337 2575 deliciis
1368 2545 1427 2574 eibi
1456 2549 1614 2584 potusque
1643 2544 1726 2573 nullo
1756 2543 1848 2572 modo
1878 2551 1934 2571 ca-

145 2619 215 2639 rere
242 2611 325 2640 velle
357 2615 411 2640 aut
440 2611 509 2640 cibo
540 2610 690 2649 potuique
719 2610 762 2639 ita
789 2610 925 2640 deditum
951 2620 1046 2650 esse,
1087 2615 1119 2639 ut
1156 2619 1266 2638 omnes
1303 2617 1356 2637 res
1385 2612 1509 2647 praeter
1537 2606 1605 2636 illas
1633 2605 1788 2646 negligat.
1841 2605 1933 2634 Voce
