2155 2892
907 155 1171 187 —873—

899 288 1129 322 xxxvl!
1136 288 1174 321 Ι.

662 367 946 410 llodjajjan
970 370 1015 403 Ι».
1039 368 1405 404 ,limonium-rab

365 444 522 481 Tempore
548 440 653 470 lslami
681 441 718 471 ob
747 442 855 481 verba,
883 442 997 480 quihus
1025 452 1054 481 p.
1080 440 1130 470 oft·
1164 442 1182 471 l.
1212 451 1242 471 o.
1270 443 1383 481 utitur,
1411 443 1534 472 vixisse
1563 445 1697 476 videtur.

245 504 525 537 Ebu-Conasahns
556 504 708 544 narravit,
737 509 875 543 poetam,
903 514 997 543 quum
1024 506 1053 534 in
1080 505 1241 534 vestibulo
1269 505 1388 535 sedens
1415 515 1542 535 servam
1571 512 1738 538 exeuntem
1758 519 1829 540 cum
1857 520 1934 541 scu-

151 570 224 599 tella
251 569 356 609 lignea
382 568 465 596 lacte
492 567 584 605 plena
611 566 846 605 conspexisset,
873 567 1105 608 interrogasse,
1133 577 1193 607 quo
1221 569 1376 608 tenderet,
1405 574 1436 598 et
1465 578 1556 607 quum
1584 570 1773 610 audivisset,
1793 573 1872 603 illam
1900 573 1939 604 ad

148 632 254 662 fratris
281 631 376 661 filium
405 631 452 660 lac
480 635 623 670 portare,
661 629 925 669 indignabundum
965 630 1163 660 conticuisse.
1217 631 1244 660 A
1273 636 1363 670 prato
1399 633 1539 671 vespera
1579 642 1671 672 quum
1701 638 1847 672 pastores
1875 635 1936 664 duo

148 695 285 725 camelos
323 693 527 730 reducerent,
561 697 595 722 ut.
629 692 668 722 ad
701 692 795 722 lilium
826 691 931 722 fratris
958 693 1096 722 camelos
1125 694 1365 733 compellerent,
1400 694 1448 723 eis
1485 695 1671 734 imperasse.
1735 694 1937 735 Quapropter

148 766 242 797 quum
268 757 298 785 in
327 755 436 785 uxoris
463 755 727 794 vituperationem
746 754 903 794 venisset,
932 764 1003 784 eum
1031 755 1168 785 dixisse:

147 853 174 881 1.
218 853 494 882 Perseverat-imus
516 860 573 879 nos
595 854 625 879 et
647 851 725 880 haec
747 861 868 889 quoqne
889 853 921 879 in
946 854 994 880 ira
1015 852 1247 890 rnttttis'eslamla
1267 855 1479 889 perseveravit
1498 857 1528 882 e!
1549 854 1636 882 nobis
1659 854 1758 883 velum
1773 854 1890 882 dimisi!
1913 859 1942 883 et

850 907 965 942 faciem
989 908 1110 941 operuit
1131 916 1233 936 suam.

266 974 465 1004 Discordiam
499 976 579 1004 inter
605 983 638 1004 se
667 983 859 1012 uxoremque
888 979 989 1003 ortam
1017 980 1134 1004 narrat.
1189 975 1268 1005 Post
1296 976 1426 1005 verbum
1456 964 1556 1004 Lsssss
1584 986 1623 1006 ex
1653 982 1811 1016 sequente
1839 977 1937 1008 verba

152 1036 290 1076 &5:³⁴2le
318 1035 344 1074 3
367 1037 540 1077 supplenda
566 1042 651 1066 sunt.
695 1037 745 1066 Ex
772 1037 1019 1066 homoioteleuto
1047 1038 1076 1066 in
1105 1037 1166 1067 fine
1194 1039 1306 1077 prioris
1334 1038 1522 1068 hemistichii
1550 1039 1669 1068 initium
1697 1039 1843 1068 carminis
1864 1048 1940 1068 esse

150 1098 261 1129 videre
289 1098 374 1128 licet.
401 1099 476 1128 Vox
495 1094 560 1139 ..i-²5,
579 1108 633 1137 pro
654 1108 714 1138 qua
731 1098 760 1127 in
774 1098 931 1127 Mersnkii
958 1099 1066 1129 codice
1090 1102 1149 1129 ow
1177 1100 1302 1141 legitur,
1328 1102 1388 1131 hoc
1414 1102 1444 1130 in
1471 1110 1569 1130 versu
1595 1100 1768 1130 dimittendi
1799 1100 1940 1139 (velum)

150 1160 415 1202 significationem
443 1160 550 1201 habet,
578 1170 761 1200 quamquam
787 1161 977 1191 scholiastes
1005 1161 1136 1203 tegendi
1163 1163 1426 1204 significationem
1454 1163 1482 1192 ei
1509 1162 1572 1193 dat.
1636 1163 1717 1192 Voci
1744 1165 1802 1192 ὼ...
1832 1163 1938 1192 velum

151 1223 281 1254 firmiter
314 1223 431 1264 ligandi
464 1223 654 1264 significatio
683 1229 743 1254 est.
795 1223 938 1264 'regendi
964 1223 1229 1265 significationem
1256 1229 1290 1254 ut
1316 1225 1438 1264 probet,
1458 1234 1589 1254 versum
1617 1223 1770 1253 Ahschae
1797 1233 1936 1262 sequen-

153 1291 214 1316 tem
241 1285 406 1316 adnotavit
433 1289 542 1324 (metr.
570 1286 715 1326 ChafisJ:
756 1286 951 1316 Canities
979 1287 1015 1315 ei
1043 1285 1265 1326 displicuit
1292 1291 1334 1316 et.
1369 1287 1462 1316 velo
1490 1296 1534 1316 se
1563 1286 1609 1315 ab
1636 1294 1681 1315 eo
1711 1286 1841 1324 texit,
1877 1285 1942 1324 qni

151 1347 195 1377 ab
222 1347 318 1386 ipsa
344 1357 522 1378 aversus
548 1354 680 1379 esset.
735 1349 810 1378 Vox
837 1346 962 1387 ..Q-2255,
991 1358 1049 1388 qua
1076 1349 1184 1379 sensui
1209 1358 1326 1379 versus
1354 1349 1395 1378 nil
1422 1349 1497 1378 novi
1524 1348 1676 1386 addatur,
1705 1347 1943 1378 homoioteleuti

152 1418 250 1439 cansa
275 1408 381 1440 addita
406 1409 541 1440 videtur.
569 1411 658 1441 Uxor
684 1420 734 1450 eu,
762 1411 844 1450 quod
871 1411 992 1441 vultum
1019 1411 1092 1441 velo
1119 1412 1210 1452 tegit,
1226 1411 1366 1442 fortasse
1395 1411 1518 1442 abitura
1550 1413 1662 1441 marito
1691 1411 1768 1440 iram
1789 1409 1941 1440 ostendit.

153 1507 184 1538 2.
230 1505 275 1536 0⁶
302 1515 376 1542 opes
399 1516 447 1535 me
469 1508 634 1545 vituperat,
660 1517 795 1545 quarum
824 1508 912 1537 locus
941 1508 1020 1536 mihi
1039 1510 1211 1537 medicatus
1230 1508 1318 1545 fuit!
1363 1507 1513 1537 Animum
1537 1507 1670 1540 adverte.
1702 1510 1765 1536 tum
1788 1509 1941 1542 vitupera,

753 1563 901 1601 quamdiu
923 1563 979 1591 tibi
999 1563 1118 1591 videtur
1141 1565 1171 1590 et
1190 1552 1351 1591 irascere!

229 1632 367 1662 Causam
393 1632 458 1662 irae
487 1631 600 1662 indicat
629 1642 760 1672 eamque
784 1632 932 1662 iniustam
961 1639 1035 1661 esse
1063 1631 1144 1661 dicit.
1172 1631 1251 1660 Tum
1278 1641 1315 1660 se
1342 1631 1417 1660 iram
1445 1631 1554 1660 uxoris
1576 1631 1665 1670 parvi
1685 1630 1802 1660 habere
1828 1635 1940 1659 osten-

161 1696 218 1725 dit.
281 1694 429 1724 Vidimus
456 1704 526 1724 eum
550 1695 589 1724 de
617 1705 717 1735 pauco
747 1695 830 1725 lacte
866 1695 1060 1735 indignatum
1088 1693 1199 1723 luisse.
1264 1694 1353 1724 Hanc
1381 1693 1627 1734 indignationem
1657 1694 1798 1722 morbum
1827 1692 1942 1731 appel·

157 1761 210 1797 lat,
239 1759 288 1788 cui
316 1758 425 1787 missis
459 1758 589 1788 camelis
618 1759 735 1788 mederi
771 1758 916 1788 voluerit.
969 1758 1059 1786 Hauc
1094 1757 1132 1786 ob
1160 1766 1288 1786 causam
1317 1758 1426 1787 uxoris
1459 1757 1722 1796 vituperationem
1750 1755 1943 1795 probandam

156 1829 216 1849 uon
243 1828 325 1849 esse.
384 1819 459 1848 Vox
493 1815 567 1854 &⁵225
603 1829 621 1848 e
656 1820 754 1849 verbo
791 1820 908 1849 omisso
942 1819 1065 1858 pendet.
1126 1820 1244 1849 Beatus
1281 1819 1319 1849 de
1354 1819 1481 1858 Sacyus
1510 1818 1589 1847 idem
1617 1827 1691 1847 esse
1720 1821 1821 1856 putat,
1851 1824 1942 1855 quam

160 1899 232 1939 σὰς
259 1890 338 1929 252³
371 1893 508 1923 »recede
536 1903 554 1923 a
581 1892 673 1923 mel«
713 1899 745 1923 ut
772 1881 837 1944 ’ξω
873 1893 1080 1932 supplendum
1118 1897 1170 1924 sit.
1232 1894 1383 1923 Dubitare
1416 1899 1521 1923 autem
1557 1893 1644 1931 licet,
1682 1901 1751 1921 num
1781 1890 1860 1920 idem
1889 1892 1942 1919 sit.

159 1956 257 1996 Mihi,
297 1956 367 1986 dum
400 1966 513 1986 vocem
550 1959 615 2006 ζκλὲί
642 1956 787 1995 suppleo,
815 1965 945 1985 sensum
971 1955 1088 1986 habere
1114 1956 1262 1986 videtur:
1299 1956 1337 1985 ad
1365 1961 1396 1984 te
1424 1955 1540 1984 recede
1567 1957 1586 1984 i.
1618 1964 1645 1984 e.
1666 1964 1729 1983 rem
1757 1959 1840 1983 tuam
1869 1961 1941 1992 age,

159 2027 239 2057 quae
265 2018 318 2047 tibi
345 2018 470 2059 agenda
498 2022 559 2057 est,
587 2022 617 2048 et
645 2028 694 2047 me
724 2016 805 2048 sine!
856 2020 948 2049 Tum,
979 2019 1006 2047 si
1034 2019 1122 2047 aliter
1149 2027 1209 2047 non
1240 2022 1344 2056 potes.
1373 2025 1421 2046 me
1448 2018 1594 2055 vitupera
1621 2020 1681 2044 etc.

160 2115 191 2143 3.
237 2114 405 2151 Orphanos
435 2115 505 2154 cidi,
529 2124 660 2153 quorum
681 2118 897 2151 pompei-talem
921 2114 1000 2142 dona
1024 2116 1122 2141 missu
1145 2115 1176 2141 ιἰι
1193 2115 1277 2141 omni
1299 2113 1432 2141 scutella
1455 2115 1602 2148 reparata
1625 2120 1687 2139 non
1719 2107 1789 2150 (p.
1814 2107 1942 2146 5⁸23.)

994 2180 1116 2210 tollunt,

259 2248 484 2290 Indignationis
511 2258 590 2279 suae
617 2259 746 2280 causam
777 2250 912 2289 exponit,
963 2249 1054 2279 Dona
1081 2249 1171 2279 lactis
1199 2248 1287 2278 nimis
1314 2257 1413 2287 parva
1440 2247 1542 2276 fuisse
1570 2250 1600 2275 et
1628 2254 1732 2284 parum
1761 2245 1855 2274 utilia.
1909 2242 1942 2271 ld

159 2311 240 2350 quod
267 2311 435 2350 proverbio
466 2310 664 2349 vituperatur
691 2311 798 2341 cons.
826 2310 923 2341 Meid.
951 2310 988 2340 C.
1018 2311 1076 2350 24,
1107 2311 1136 2340 1.
1167 2310 1248 2340 481.
1300 2310 1422 2340 Fratris
1450 2309 1561 2339 mortui
1589 2308 1671 2337 filios
1699 2307 1856 2345 orphanos
1883 2315 1941 2344 ap-

160 2374 300 2414 pellavit.
354 2373 413 2411 Qui
440 2382 536 2413 quum
562 2373 668 2412 plures
695 2376 770 2414 sint,
795 2373 904 2414 plurali
926 2374 1001 2418 ))·'⁶5
1030 2381 1109 2401 usus
1138 2380 1214 2402 esse
1243 2371 1369 2402 videtur
1397 2376 1452 2400 aut
1480 2374 1514 2399 ut
1535 2372 1755 2407 paupertatem
1783 2366 1943 2395 diversam

162 2437 265 2467 fuisse
291 2436 452 2466 indicaret.
479 2435 703 2474 Paupertatem
717 2446 788 2467 cum
816 2442 948 2476 ruptura
973 2444 1159 2475 comparans
1185 2435 1316 2464 verbum
1343 2437 1401 2462 oua
1421 2430 1615 2469 (obstruxit)
1643 2428 1790 2457 adhibuit.
1820 2428 1942 2457 Vocem

162 2506 276 2530 Μ
307 2498 510 2538 (reparatus)
541 2498 698 2528 scutellae
724 2499 850 2540 ligneae
877 2498 1035 2538 adposuit,
1064 2502 1098 2527 ut
1125 2496 1248 2526 videtur
1280 2493 1531 2535 significaturus,
1561 2491 1650 2520 lactis
1679 2495 1800 2528 partem
1835 2490 1864 2518 in
1893 2490 1943 2519 via

165 2559 282 2590 effundi
308 2560 466 2607 simulque
492 2560 606 2590 donum
634 2569 764 2598 parvum
794 2564 827 2590 et
855 2559 939 2590 haud
964 2558 1130 2590 sufficiens
1161 2567 1252 2594 esse,
1289 2564 1359 2585 nam
1393 2563 1457 2583 vox
1484 2555 1559 2591 ,ῥῶ
1586 2561 1646 2581 non
1681 2552 1828 2581 maiorem
1869 2560 1942 2581 scu-

163 2620 265 2650 tellam
291 2621 462 2662 significat‚
489 2631 580 2661 quam
607 2621 697 2651 cuius
724 2622 773 2651 lac
800 2621 890 2652 unius
918 2621 977 2651 viri
1003 2621 1055 2652 siti
1079 2617 1327 2660 restinguendae
1352 2616 1479 2648 sufficit.

1498 2678 1542 2709 35
