<?xml version="1.0" encoding="UTF-8"?>
<!DOCTYPE html PUBLIC "-//W3C//DTD XHTML 1.0 Transitional//EN"
    "http://www.w3.org/TR/xhtml1/DTD/xhtml1-transitional.dtd">
<html xmlns="http://www.w3.org/1999/xhtml" xml:lang="en" lang="en">
 <head>
  <title>
</title>
<meta http-equiv="Content-Type" content="text/html;charset=utf-8" />
  <meta name='ocr-system' content='tesseract 3.04.00' />
  <meta name='ocr-capabilities' content='ocr_page ocr_carea ocr_par ocr_line ocrx_word'/>
</head>
<body>
  <div class='ocr_page' id='page_1' title='image "./p2hamassaecarmin02abbiuoft_0410.png"; bbox 0 0 2155 2892; ppageno 0'>
   <div class='ocr_carea' id='block_1_1' title="bbox 866 131 1136 162">
    <p class='ocr_par' dir='ltr' id='par_1_1' title="bbox 866 131 1136 162">
     <span class='ocr_line' id='line_1_1' title="bbox 866 131 1136 162; baseline -0.007 1"><span class='ocrx_word' id='word_1_1' title='bbox 866 131 1136 162; x_wconf 79' lang='lat'>—398—</span> 
     </span>
    </p>
   </div>
   <div class='ocr_carea' id='block_1_2' title="bbox 110 225 1892 323">
    <p class='ocr_par' dir='ltr' id='par_1_2' title="bbox 110 225 1892 323">
     <span class='ocr_line' id='line_1_2' title="bbox 110 225 1892 267; baseline -0.006 -3"><span class='ocrx_word' id='word_1_2' title='bbox 110 236 136 264; x_wconf 83' lang='lat' dir='ltr'>l.</span> <span class='ocrx_word' id='word_1_3' title='bbox 182 235 271 263; x_wconf 68' lang='lat' dir='ltr'>Duae</span> <span class='ocrx_word' id='word_1_4' title='bbox 291 234 409 260; x_wconf 76' lang='lat' dir='ltr'>veteres</span> <span class='ocrx_word' id='word_1_5' title='bbox 430 229 545 257; x_wconf 75' lang='lat' dir='ltr'>situlae</span> <span class='ocrx_word' id='word_1_6' title='bbox 563 229 702 267; x_wconf 72' lang='lat' dir='ltr'>feminae</span> <span class='ocrx_word' id='word_1_7' title='bbox 724 227 877 264; x_wconf 78' lang='lat' dir='ltr'><em>stupidae,</em></span> <span class='ocrx_word' id='word_1_8' title='bbox 894 236 1028 265; x_wconf 80' lang='lat' dir='ltr'>quarum</span> <span class='ocrx_word' id='word_1_9' title='bbox 1051 229 1130 256; x_wconf 74' lang='lat' dir='ltr'>corii</span> <span class='ocrx_word' id='word_1_10' title='bbox 1152 229 1333 255; x_wconf 68' lang='lat' dir='ltr'>assumente</span> <span class='ocrx_word' id='word_1_11' title='bbox 1356 228 1448 261; x_wconf 76' lang='lat' dir='ltr'>rupta</span> <span class='ocrx_word' id='word_1_12' title='bbox 1470 228 1554 259; x_wconf 81' lang='lat' dir='ltr'>sunt,</span> <span class='ocrx_word' id='word_1_13' title='bbox 1569 225 1707 264; x_wconf 79' lang='lat' dir='ltr'><em>equibus</em></span> <span class='ocrx_word' id='word_1_14' title='bbox 1719 227 1892 262; x_wconf 79' lang='lat' dir='ltr'>propinans</span> 
     </span>
     <span class='ocr_line' id='line_1_3' title="bbox 519 281 1487 323; baseline -0.005 -10"><span class='ocrx_word' id='word_1_15' title='bbox 519 294 614 323; x_wconf 78' lang='lat' dir='ltr'>quum</span> <span class='ocrx_word' id='word_1_16' title='bbox 635 286 740 320; x_wconf 79' lang='lat' dir='ltr'>polum</span> <span class='ocrx_word' id='word_1_17' title='bbox 762 283 981 320; x_wconf 52' lang='lat' dir='ltr'>praebuissem</span> <span class='ocrx_word' id='word_1_18' title='bbox 1012 283 1070 311; x_wconf 81' lang='lat' dir='ltr'>sed</span> <span class='ocrx_word' id='word_1_19' title='bbox 1089 283 1281 318; x_wconf 76' lang='lat' dir='ltr'><em>madefactae</em></span> <span class='ocrx_word' id='word_1_20' title='bbox 1302 289 1364 309; x_wconf 81' lang='lat' dir='ltr'>mm</span> <span class='ocrx_word' id='word_1_21' title='bbox 1382 281 1487 318; x_wconf 80' lang='lat' dir='ltr'>fuere,</span> 
     </span>
    </p>
   </div>
   <div class='ocr_carea' id='block_1_3' title="bbox 113 346 1892 432">
    <p class='ocr_par' dir='ltr' id='par_1_3' title="bbox 113 346 1892 432">
     <span class='ocr_line' id='line_1_4' title="bbox 113 346 1892 392; baseline -0.007 -5"><span class='ocrx_word' id='word_1_22' title='bbox 113 360 144 387; x_wconf 78' lang='lat'>2.</span> <span class='ocrx_word' id='word_1_23' title='bbox 188 356 267 386; x_wconf 69' lang='lat' dir='ltr'>Plus</span> <span class='ocrx_word' id='word_1_24' title='bbox 297 362 397 392; x_wconf 76' lang='lat' dir='ltr'>aquae</span> <span class='ocrx_word' id='word_1_25' title='bbox 426 361 488 380; x_wconf 82' lang='lat' dir='ltr'>non</span> <span class='ocrx_word' id='word_1_26' title='bbox 516 353 660 380; x_wconf 77' lang='lat' dir='ltr'>emittunt</span> <span class='ocrx_word' id='word_1_27' title='bbox 704 359 796 387; x_wconf 67' lang='lat' dir='ltr'>[letzem</span> <span class='ocrx_word' id='word_1_28' title='bbox 829 349 913 377; x_wconf 73' lang='lat' dir='ltr'>oculi</span> <span class='ocrx_word' id='word_1_29' title='bbox 933 351 980 378; x_wconf 72' lang='lat' dir='ltr'>lui</span> <span class='ocrx_word' id='word_1_30' title='bbox 1001 348 1166 386; x_wconf 75' lang='lat' dir='ltr'>lacrymas,</span> <span class='ocrx_word' id='word_1_31' title='bbox 1205 357 1300 385; x_wconf 74' lang='lat' dir='ltr'>qaum</span> <span class='ocrx_word' id='word_1_32' title='bbox 1322 346 1495 375; x_wconf 76' lang='lat' dir='ltr'><em>habitaculi</em></span> <span class='ocrx_word' id='word_1_33' title='bbox 1517 347 1606 374; x_wconf 80' lang='lat' dir='ltr'>verni</span> <span class='ocrx_word' id='word_1_34' title='bbox 1628 346 1683 374; x_wconf 74' lang='lat' dir='ltr'>tibi</span> <span class='ocrx_word' id='word_1_35' title='bbox 1708 346 1741 374; x_wconf 81' lang='lat' dir='ltr'>in</span> <span class='ocrx_word' id='word_1_36' title='bbox 1763 349 1892 375; x_wconf 81' lang='lat' dir='ltr'><em>mentem</em></span> 
     </span>
     <span class='ocr_line' id='line_1_5' title="bbox 754 402 1255 432; baseline -0.008 0"><span class='ocrx_word' id='word_1_37' title='bbox 754 406 839 432; x_wconf 78' lang='lat' dir='ltr'>vemt</span> <span class='ocrx_word' id='word_1_38' title='bbox 861 407 917 432; x_wconf 75' lang='grc' dir='ltr'>αιιΙ</span> <span class='ocrx_word' id='word_1_39' title='bbox 937 403 1047 431; x_wconf 83' lang='lat' dir='ltr'>domus</span> <span class='ocrx_word' id='word_1_40' title='bbox 1069 402 1255 431; x_wconf 77' lang='lat' dir='ltr'>recordaris.</span> 
     </span>
    </p>
   </div>
   <div class='ocr_carea' id='block_1_4' title="bbox 112 467 1902 1011">
    <p class='ocr_par' dir='ltr' id='par_1_4' title="bbox 112 467 1902 1011">
     <span class='ocr_line' id='line_1_6' title="bbox 208 467 1894 509; baseline -0.005 -2"><span class='ocrx_word' id='word_1_41' title='bbox 208 478 376 507; x_wconf 88' lang='lat' dir='ltr'>Amantem</span> <span class='ocrx_word' id='word_1_42' title='bbox 404 475 433 504; x_wconf 86' lang='lat' dir='ltr'>in</span> <span class='ocrx_word' id='word_1_43' title='bbox 459 473 678 504; x_wconf 80' lang='lat' dir='ltr'>recordatione</span> <span class='ocrx_word' id='word_1_44' title='bbox 703 472 835 502; x_wconf 81' lang='lat' dir='ltr'>feminae</span> <span class='ocrx_word' id='word_1_45' title='bbox 859 476 981 501; x_wconf 81' lang='lat' dir='ltr'>amatae</span> <span class='ocrx_word' id='word_1_46' title='bbox 1009 472 1122 502; x_wconf 87' lang='lat' dir='ltr'>multas</span> <span class='ocrx_word' id='word_1_47' title='bbox 1150 470 1309 509; x_wconf 78' lang='lat' dir='ltr'>lacrymas</span> <span class='ocrx_word' id='word_1_48' title='bbox 1339 467 1551 497; x_wconf 87' lang='lat' dir='ltr'>effundentem</span> <span class='ocrx_word' id='word_1_49' title='bbox 1580 467 1740 499; x_wconf 80' lang='lat' dir='ltr'><strong>describit.</strong></span> <span class='ocrx_word' id='word_1_50' title='bbox 1777 468 1894 499; x_wconf 83' lang='lat' dir='ltr'>Oculos</span> 
     </span>
     <span class='ocr_line' id='line_1_7' title="bbox 112 532 1896 577; baseline -0.004 -7"><span class='ocrx_word' id='word_1_51' title='bbox 112 550 183 571; x_wconf 90' lang='lat' dir='ltr'>cum</span> <span class='ocrx_word' id='word_1_52' title='bbox 211 539 326 577; x_wconf 79' lang='lat' dir='ltr'>situlis,</span> <span class='ocrx_word' id='word_1_53' title='bbox 352 538 442 568; x_wconf 88' lang='lat' dir='ltr'>cuius</span> <span class='ocrx_word' id='word_1_54' title='bbox 470 540 601 566; x_wconf 83' lang='lat' dir='ltr'>suturae</span> <span class='ocrx_word' id='word_1_55' title='bbox 628 540 740 574; x_wconf 86' lang='lat' dir='ltr'>ruptae</span> <span class='ocrx_word' id='word_1_56' title='bbox 770 539 855 571; x_wconf 89' lang='lat' dir='ltr'>sunt,</span> <span class='ocrx_word' id='word_1_57' title='bbox 884 538 917 564; x_wconf 91' lang='lat' dir='ltr'>ut</span> <span class='ocrx_word' id='word_1_58' title='bbox 945 543 1054 572; x_wconf 82' lang='lat' dir='ltr'>aquam</span> <span class='ocrx_word' id='word_1_59' title='bbox 1084 532 1165 562; x_wconf 88' lang='lat' dir='ltr'>haud</span> <span class='ocrx_word' id='word_1_60' title='bbox 1195 532 1384 571; x_wconf 78' lang='lat' dir='ltr'>contineant,</span> <span class='ocrx_word' id='word_1_61' title='bbox 1412 532 1615 570; x_wconf 82' lang='lat' dir='ltr'>comparavit.</span> <span class='ocrx_word' id='word_1_62' title='bbox 1643 532 1783 562; x_wconf 81' lang='lat' dir='ltr'>Similem</span> <span class='ocrx_word' id='word_1_63' title='bbox 1809 541 1896 562; x_wconf 92' lang='lat' dir='ltr'>com-</span> 
     </span>
     <span class='ocr_line' id='line_1_8' title="bbox 114 591 1897 642; baseline -0.007 -10"><span class='ocrx_word' id='word_1_64' title='bbox 114 603 307 642; x_wconf 80' lang='lat' dir='ltr'>parationem</span> <span class='ocrx_word' id='word_1_65' title='bbox 340 600 369 629; x_wconf 92' lang='lat' dir='ltr'>in</span> <span class='ocrx_word' id='word_1_66' title='bbox 404 598 554 629; x_wconf 86' lang='lat' dir='ltr'>versibus</span> <span class='ocrx_word' id='word_1_67' title='bbox 590 597 766 626; x_wconf 84' lang='lat' dir='ltr'>invenimus</span> <span class='ocrx_word' id='word_1_68' title='bbox 802 595 1035 634; x_wconf 66' lang='lat' dir='ltr'>sequentibus,</span> <span class='ocrx_word' id='word_1_69' title='bbox 1073 602 1154 633; x_wconf 88' lang='lat' dir='ltr'>quos</span> <span class='ocrx_word' id='word_1_70' title='bbox 1193 592 1348 622; x_wconf 85' lang='lat' dir='ltr'>Reiskius</span> <span class='ocrx_word' id='word_1_71' title='bbox 1375 602 1392 621; x_wconf 89' lang='lat' dir='ltr'>e</span> <span class='ocrx_word' id='word_1_72' title='bbox 1421 591 1555 621; x_wconf 85' lang='lat' dir='ltr'>Diwano</span> <span class='ocrx_word' id='word_1_73' title='bbox 1583 592 1829 623; x_wconf 84' lang='lat' dir='ltr'>Hudseilitarum</span> <span class='ocrx_word' id='word_1_74' title='bbox 1858 593 1897 623; x_wconf 84' lang='lat' dir='ltr'>ad</span> 
     </span>
     <span class='ocr_line' id='line_1_9' title="bbox 113 652 1894 705; baseline -0.004 -11"><span class='ocrx_word' id='word_1_75' title='bbox 113 664 250 694; x_wconf 70' lang='lat' dir='ltr'>&#39;l&#39;arafae</span> <span class='ocrx_word' id='word_1_76' title='bbox 278 663 386 693; x_wconf 89' lang='lat' dir='ltr'>Moall.</span> <span class='ocrx_word' id='word_1_77' title='bbox 423 672 451 701; x_wconf 93' lang='lat' dir='ltr'>p.</span> <span class='ocrx_word' id='word_1_78' title='bbox 483 661 527 691; x_wconf 82' lang='lat'>68</span> <span class='ocrx_word' id='word_1_79' title='bbox 562 659 727 690; x_wconf 80' lang='lat' dir='ltr'>adnotavit</span> <span class='ocrx_word' id='word_1_80' title='bbox 768 658 876 696; x_wconf 86' lang='lat' dir='ltr'>(metr.</span> <span class='ocrx_word' id='word_1_81' title='bbox 911 656 1018 686; x_wconf 62' lang='lat' dir='ltr'>W&#39;alir</span> <span class='ocrx_word' id='word_1_82' title='bbox 1045 658 1143 694; x_wconf 84' lang='lat' dir='ltr'>prima</span> <span class='ocrx_word' id='word_1_83' title='bbox 1171 655 1293 695; x_wconf 74' lang='lat' dir='ltr'>syllaba</span> <span class='ocrx_word' id='word_1_84' title='bbox 1321 655 1487 693; x_wconf 74' lang='lat' dir='ltr'>abiecta)t</span> <span class='ocrx_word' id='word_1_85' title='bbox 1513 652 1603 699; x_wconf 51' lang='lat' dir='ltr'>⁵L&gt;J÷</span> <span class='ocrx_word' id='word_1_86' title='bbox 1637 671 1678 693; x_wconf 68' lang='lat'>0⁴</span> <span class='ocrx_word' id='word_1_87' title='bbox 1713 653 1796 696; x_wconf 48' lang='lat'>&amp;5255</span> <span class='ocrx_word' id='word_1_88' title='bbox 1829 660 1894 705; x_wconf 55' lang='lat' dir='ltr'>gt&gt;</span> 
     </span>
     <span class='ocr_line' id='line_1_10' title="bbox 115 716 1897 773; baseline -0.003 -20"><span class='ocrx_word' id='word_1_89' title='bbox 115 723 216 768; x_wconf 30' lang='lat' dir='ltr'>gefelt</span> <span class='ocrx_word' id='word_1_90' title='bbox 244 722 366 773; x_wconf 51' lang='lat' dir='ltr'>:3353th</span> <span class='ocrx_word' id='word_1_91' title='bbox 393 721 482 752; x_wconf 50' lang='lat' dir='ltr'>atati</span> <span class='ocrx_word' id='word_1_92' title='bbox 510 723 572 759; x_wconf 46' lang='grc' dir='ltr'>ρῳ</span> <span class='ocrx_word' id='word_1_93' title='bbox 600 719 684 761; x_wconf 59' lang='lat'>&amp;³95</span> <span class='ocrx_word' id='word_1_94' title='bbox 714 718 764 749; x_wconf 51' lang='lat' dir='ltr'>hs</span> <span class='ocrx_word' id='word_1_95' title='bbox 783 716 1023 764; x_wconf 23' lang='lat' dir='ltr'>&amp;Smssgyssmll</span> <span class='ocrx_word' id='word_1_96' title='bbox 1044 716 1068 755; x_wconf 63' lang='lat' dir='ltr'><em>g</em></span> <span class='ocrx_word' id='word_1_97' title='bbox 1087 716 1120 747; x_wconf 67' lang='lat' dir='ltr'>la.</span> <span class='ocrx_word' id='word_1_98' title='bbox 1148 718 1346 756; x_wconf 82' lang='lat' dir='ltr'>Lacryma</span> <span class='ocrx_word' id='word_1_99' title='bbox 1374 717 1488 746; x_wconf 90' lang='lat' dir='ltr'>oculi</span> <span class='ocrx_word' id='word_1_100' title='bbox 1516 718 1564 747; x_wconf 94' lang='lat' dir='ltr'>ob</span> <span class='ocrx_word' id='word_1_101' title='bbox 1591 718 1897 748; x_wconf 81' lang='lat' dir='ltr'>vehementiam</span> 
     </span>
     <span class='ocr_line' id='line_1_11' title="bbox 117 779 1898 826; baseline -0.004 -8"><span class='ocrx_word' id='word_1_102' title='bbox 117 788 206 818; x_wconf 83' lang='lat' dir='ltr'>eius</span> <span class='ocrx_word' id='word_1_103' title='bbox 235 785 435 826; x_wconf 84' lang='lat' dir='ltr'>(amoris),</span> <span class='ocrx_word' id='word_1_104' title='bbox 470 785 535 824; x_wconf 91' lang='lat' dir='ltr'>qui</span> <span class='ocrx_word' id='word_1_105' title='bbox 560 784 597 813; x_wconf 91' lang='lat' dir='ltr'>in</span> <span class='ocrx_word' id='word_1_106' title='bbox 634 786 809 821; x_wconf 83' lang='lat' dir='ltr'>pectore</span> <span class='ocrx_word' id='word_1_107' title='bbox 837 785 926 822; x_wconf 72' lang='lat' dir='ltr'>est,</span> <span class='ocrx_word' id='word_1_108' title='bbox 955 779 1226 816; x_wconf 81' lang='lat' dir='ltr'>effunditur,</span> <span class='ocrx_word' id='word_1_109' title='bbox 1256 780 1372 809; x_wconf 81' lang='lat' dir='ltr'>sicut</span> <span class='ocrx_word' id='word_1_110' title='bbox 1400 784 1495 809; x_wconf 90' lang='lat' dir='ltr'>uter</span> <span class='ocrx_word' id='word_1_111' title='bbox 1522 789 1673 819; x_wconf 88' lang='lat' dir='ltr'>aquam</span> <span class='ocrx_word' id='word_1_112' title='bbox 1697 783 1898 811; x_wconf 85' lang='lat' dir='ltr'>emittens</span> 
     </span>
     <span class='ocr_line' id='line_1_12' title="bbox 117 843 1901 884; baseline -0.002 -5"><span class='ocrx_word' id='word_1_113' title='bbox 117 850 220 879; x_wconf 87' lang='lat' dir='ltr'>triti</span> <span class='ocrx_word' id='word_1_114' title='bbox 248 848 359 878; x_wconf 88' lang='lat' dir='ltr'>utris</span> <span class='ocrx_word' id='word_1_115' title='bbox 387 846 566 878; x_wconf 88' lang='lat' dir='ltr'>consuti</span> <span class='ocrx_word' id='word_1_116' title='bbox 593 854 736 884; x_wconf 85' lang='lat' dir='ltr'>aquam</span> <span class='ocrx_word' id='word_1_117' title='bbox 762 843 925 882; x_wconf 81' lang='lat' dir='ltr'>perdit.</span> <span class='ocrx_word' id='word_1_118' title='bbox 963 843 1038 872; x_wconf 77' lang='lat' dir='ltr'>Vox</span> <span class='ocrx_word' id='word_1_119' title='bbox 1068 844 1131 870; x_wconf 47' lang='lat' dir='ltr'>&#39;aasz</span> <span class='ocrx_word' id='word_1_120' title='bbox 1158 846 1257 873; x_wconf 84' lang='lat' dir='ltr'>utrem</span> <span class='ocrx_word' id='word_1_121' title='bbox 1284 847 1460 883; x_wconf 75' lang='lat' dir='ltr'>vetustum,</span> <span class='ocrx_word' id='word_1_122' title='bbox 1488 844 1595 873; x_wconf 86' lang='lat' dir='ltr'>tritum</span> <span class='ocrx_word' id='word_1_123' title='bbox 1622 844 1805 884; x_wconf 80' lang='lat' dir='ltr'>significans</span> <span class='ocrx_word' id='word_1_124' title='bbox 1841 845 1901 875; x_wconf 89' lang='lat' dir='ltr'>hoc</span> 
     </span>
     <span class='ocr_line' id='line_1_13' title="bbox 119 902 1902 950; baseline -0.002 -9"><span class='ocrx_word' id='word_1_125' title='bbox 119 913 147 941; x_wconf 92' lang='lat' dir='ltr'>in</span> <span class='ocrx_word' id='word_1_126' title='bbox 176 921 289 950; x_wconf 77' lang='lat' dir='ltr'>versu,</span> <span class='ocrx_word' id='word_1_127' title='bbox 321 920 412 950; x_wconf 89' lang='lat' dir='ltr'>quum</span> <span class='ocrx_word' id='word_1_128' title='bbox 440 909 541 939; x_wconf 82' lang='lat' dir='ltr'>dualis</span> <span class='ocrx_word' id='word_1_129' title='bbox 570 908 666 937; x_wconf 80' lang='lat' dir='ltr'>forma</span> <span class='ocrx_word' id='word_1_130' title='bbox 693 907 735 936; x_wconf 91' lang='lat' dir='ltr'>sit</span> <span class='ocrx_word' id='word_1_131' title='bbox 764 916 822 936; x_wconf 86' lang='lat' dir='ltr'>nec</span> <span class='ocrx_word' id='word_1_132' title='bbox 850 916 910 935; x_wconf 91' lang='lat' dir='ltr'>non</span> <span class='ocrx_word' id='word_1_133' title='bbox 936 909 1050 945; x_wconf 85' lang='lat' dir='ltr'>postca</span> <span class='ocrx_word' id='word_1_134' title='bbox 1076 914 1142 934; x_wconf 84' lang='lat' dir='ltr'>vox</span> <span class='ocrx_word' id='word_1_135' title='bbox 1168 902 1219 942; x_wconf 48' lang='lat'>&amp;5</span> <span class='ocrx_word' id='word_1_136' title='bbox 1247 905 1386 934; x_wconf 81' lang='lat' dir='ltr'>adhibita</span> <span class='ocrx_word' id='word_1_137' title='bbox 1413 907 1465 943; x_wconf 88' lang='lat' dir='ltr'>sit,</span> <span class='ocrx_word' id='word_1_138' title='bbox 1487 905 1612 935; x_wconf 85' lang='lat' dir='ltr'>situlam</span> <span class='ocrx_word' id='word_1_139' title='bbox 1630 905 1784 946; x_wconf 83' lang='lat' dir='ltr'>designat.</span> <span class='ocrx_word' id='word_1_140' title='bbox 1811 907 1902 937; x_wconf 85' lang='lat' dir='ltr'>Hanc</span> 
     </span>
     <span class='ocr_line' id='line_1_14' title="bbox 119 966 1902 1011; baseline -0.003 -7"><span class='ocrx_word' id='word_1_141' title='bbox 119 979 225 1004; x_wconf 83' lang='lat' dir='ltr'>autem</span> <span class='ocrx_word' id='word_1_142' title='bbox 265 978 298 1002; x_wconf 89' lang='lat' dir='ltr'>ut</span> <span class='ocrx_word' id='word_1_143' title='bbox 334 972 425 1002; x_wconf 85' lang='lat' dir='ltr'>talem</span> <span class='ocrx_word' id='word_1_144' title='bbox 461 971 627 1011; x_wconf 67' lang='lat' dir='ltr'>designet,</span> <span class='ocrx_word' id='word_1_145' title='bbox 671 979 752 1009; x_wconf 81' lang='lat' dir='ltr'>quae</span> <span class='ocrx_word' id='word_1_146' title='bbox 787 969 902 998; x_wconf 84' lang='lat' dir='ltr'>nullam</span> <span class='ocrx_word' id='word_1_147' title='bbox 938 977 1050 1006; x_wconf 83' lang='lat' dir='ltr'>aquam</span> <span class='ocrx_word' id='word_1_148' title='bbox 1076 966 1247 1006; x_wconf 79' lang='lat' dir='ltr'>contineat,</span> <span class='ocrx_word' id='word_1_149' title='bbox 1275 976 1345 996; x_wconf 88' lang='lat' dir='ltr'>eam</span> <span class='ocrx_word' id='word_1_150' title='bbox 1372 966 1520 1006; x_wconf 76' lang='lat' dir='ltr'>stupidae</span> <span class='ocrx_word' id='word_1_151' title='bbox 1549 967 1684 997; x_wconf 87' lang='lat' dir='ltr'>feminae</span> <span class='ocrx_word' id='word_1_152' title='bbox 1714 977 1790 998; x_wconf 90' lang='lat' dir='ltr'>esse</span> <span class='ocrx_word' id='word_1_153' title='bbox 1816 968 1902 1009; x_wconf 81' lang='lat' dir='ltr'>dicit,</span> 
     </span>
    </p>
   </div>
   <div class='ocr_carea' id='block_1_5' title="bbox 119 1028 1910 1573">
    <p class='ocr_par' dir='ltr' id='par_1_5' title="bbox 119 1028 1910 1573">
     <span class='ocr_line' id='line_1_15' title="bbox 119 1028 1904 1072; baseline -0.002 -7"><span class='ocrx_word' id='word_1_154' title='bbox 119 1036 190 1065; x_wconf 86' lang='lat' dir='ltr'>talis</span> <span class='ocrx_word' id='word_1_155' title='bbox 226 1034 304 1064; x_wconf 89' lang='lat' dir='ltr'>enim</span> <span class='ocrx_word' id='word_1_156' title='bbox 340 1034 456 1063; x_wconf 81' lang='lat' dir='ltr'>femina</span> <span class='ocrx_word' id='word_1_157' title='bbox 490 1042 598 1062; x_wconf 86' lang='lat' dir='ltr'>curam</span> <span class='ocrx_word' id='word_1_158' title='bbox 626 1031 907 1072; x_wconf 76' lang='lat' dir='ltr'>diligentiamque,</span> <span class='ocrx_word' id='word_1_159' title='bbox 946 1032 979 1058; x_wconf 84' lang='lat' dir='ltr'>ut</span> <span class='ocrx_word' id='word_1_160' title='bbox 1013 1028 1107 1058; x_wconf 87' lang='lat' dir='ltr'>situla</span> <span class='ocrx_word' id='word_1_161' title='bbox 1130 1028 1210 1057; x_wconf 89' lang='lat' dir='ltr'>bono</span> <span class='ocrx_word' id='word_1_162' title='bbox 1237 1033 1325 1058; x_wconf 80' lang='lat' dir='ltr'>statu</span> <span class='ocrx_word' id='word_1_163' title='bbox 1353 1030 1404 1069; x_wconf 83' lang='lat' dir='ltr'>sit,</span> <span class='ocrx_word' id='word_1_164' title='bbox 1430 1039 1491 1059; x_wconf 91' lang='lat' dir='ltr'>non</span> <span class='ocrx_word' id='word_1_165' title='bbox 1517 1030 1654 1060; x_wconf 81' lang='lat' dir='ltr'>adhibet.</span> <span class='ocrx_word' id='word_1_166' title='bbox 1707 1031 1904 1062; x_wconf 82' lang='lat' dir='ltr'>Feminarum</span> 
     </span>
     <span class='ocr_line' id='line_1_16' title="bbox 120 1091 1906 1136; baseline -0.001 -10"><span class='ocrx_word' id='word_1_167' title='bbox 120 1098 181 1134; x_wconf 61' lang='lat' dir='ltr'>(g).</span> <span class='ocrx_word' id='word_1_168' title='bbox 215 1092 351 1129; x_wconf 65' lang='lat'><strong>(3⁰2.)</strong></span> <span class='ocrx_word' id='word_1_169' title='bbox 379 1099 456 1136; x_wconf 75' lang='lat' dir='ltr'>erat,</span> <span class='ocrx_word' id='word_1_170' title='bbox 484 1095 597 1125; x_wconf 82' lang='lat' dir='ltr'>situlas</span> <span class='ocrx_word' id='word_1_171' title='bbox 616 1099 658 1124; x_wconf 71' lang='lat' dir='ltr'>ct</span> <span class='ocrx_word' id='word_1_172' title='bbox 683 1097 767 1123; x_wconf 88' lang='lat' dir='ltr'>utres</span> <span class='ocrx_word' id='word_1_173' title='bbox 795 1101 957 1132; x_wconf 71' lang='lat' dir='ltr'>reparare,</span> <span class='ocrx_word' id='word_1_174' title='bbox 984 1095 1017 1121; x_wconf 90' lang='lat' dir='ltr'>ut</span> <span class='ocrx_word' id='word_1_175' title='bbox 1043 1091 1123 1120; x_wconf 91' lang='lat' dir='ltr'>bono</span> <span class='ocrx_word' id='word_1_176' title='bbox 1151 1096 1237 1121; x_wconf 88' lang='lat' dir='ltr'>statu</span> <span class='ocrx_word' id='word_1_177' title='bbox 1265 1095 1382 1121; x_wconf 87' lang='lat' dir='ltr'>essent.</span> <span class='ocrx_word' id='word_1_178' title='bbox 1434 1091 1477 1122; x_wconf 84' lang='lat' dir='ltr'>Ut</span> <span class='ocrx_word' id='word_1_179' title='bbox 1502 1092 1627 1122; x_wconf 84' lang='lat' dir='ltr'>situlam</span> <span class='ocrx_word' id='word_1_180' title='bbox 1656 1093 1775 1123; x_wconf 88' lang='lat' dir='ltr'>omnino</span> <span class='ocrx_word' id='word_1_181' title='bbox 1802 1094 1906 1124; x_wconf 86' lang='lat' dir='ltr'>tritam</span> 
     </span>
     <span class='ocr_line' id='line_1_17' title="bbox 121 1152 1906 1198; baseline -0.003 -7"><span class='ocrx_word' id='word_1_182' title='bbox 121 1171 194 1192; x_wconf 87' lang='lat' dir='ltr'>esse</span> <span class='ocrx_word' id='word_1_183' title='bbox 218 1160 348 1198; x_wconf 83' lang='lat' dir='ltr'>indicet,</span> <span class='ocrx_word' id='word_1_184' title='bbox 373 1168 473 1188; x_wconf 88' lang='lat' dir='ltr'>voces</span> <span class='ocrx_word' id='word_1_185' title='bbox 500 1155 574 1198; x_wconf 46' lang='lat' dir='ltr'>&amp;fil</span> <span class='ocrx_word' id='word_1_186' title='bbox 593 1155 687 1195; x_wconf 37' lang='lat' dir='ltr'>lii-4925</span> <span class='ocrx_word' id='word_1_187' title='bbox 718 1155 812 1185; x_wconf 83' lang='lat' dir='ltr'>addit.</span> <span class='ocrx_word' id='word_1_188' title='bbox 865 1155 939 1185; x_wconf 87' lang='lat' dir='ltr'>Vox</span> <span class='ocrx_word' id='word_1_189' title='bbox 966 1152 1033 1189; x_wconf 48' lang='grc' dir='ltr'>λίψ</span> <span class='ocrx_word' id='word_1_190' title='bbox 1065 1155 1143 1183; x_wconf 86' lang='lat' dir='ltr'>corii</span> <span class='ocrx_word' id='word_1_191' title='bbox 1168 1157 1385 1183; x_wconf 83' lang='lat' dir='ltr'>assumentum</span> <span class='ocrx_word' id='word_1_192' title='bbox 1416 1154 1594 1194; x_wconf 78' lang='lat' dir='ltr'>rotundum,</span> <span class='ocrx_word' id='word_1_193' title='bbox 1623 1154 1704 1193; x_wconf 88' lang='lat' dir='ltr'>quod</span> <span class='ocrx_word' id='word_1_194' title='bbox 1730 1156 1789 1185; x_wconf 92' lang='lat' dir='ltr'>sub</span> <span class='ocrx_word' id='word_1_195' title='bbox 1816 1165 1906 1197; x_wconf 75' lang='lat' dir='ltr'>ansa,</span> 
     </span>
     <span class='ocr_line' id='line_1_18' title="bbox 122 1215 1907 1263; baseline -0.003 -10"><span class='ocrx_word' id='word_1_196' title='bbox 122 1229 156 1254; x_wconf 89' lang='lat' dir='ltr'>ut</span> <span class='ocrx_word' id='word_1_197' title='bbox 183 1223 300 1253; x_wconf 89' lang='lat' dir='ltr'>firmior</span> <span class='ocrx_word' id='word_1_198' title='bbox 327 1222 381 1263; x_wconf 68' lang='lat' dir='ltr'>sit,</span> <span class='ocrx_word' id='word_1_199' title='bbox 407 1222 558 1258; x_wconf 85' lang='lat' dir='ltr'>assuitur,</span> <span class='ocrx_word' id='word_1_200' title='bbox 586 1220 746 1260; x_wconf 83' lang='lat' dir='ltr'>designat.</span> <span class='ocrx_word' id='word_1_201' title='bbox 810 1216 958 1247; x_wconf 76' lang='lat' dir='ltr'>Solebam</span> <span class='ocrx_word' id='word_1_202' title='bbox 986 1219 1102 1256; x_wconf 74' lang='lat' dir='ltr'>autem,</span> <span class='ocrx_word' id='word_1_203' title='bbox 1131 1219 1166 1245; x_wconf 86' lang='lat' dir='ltr'>ut</span> <span class='ocrx_word' id='word_1_204' title='bbox 1192 1215 1288 1244; x_wconf 88' lang='lat' dir='ltr'>rimae</span> <span class='ocrx_word' id='word_1_205' title='bbox 1317 1215 1590 1255; x_wconf 86' lang='lat' dir='ltr'>contraherentur,</span> <span class='ocrx_word' id='word_1_206' title='bbox 1618 1217 1745 1247; x_wconf 88' lang='lat' dir='ltr'>situlam</span> <span class='ocrx_word' id='word_1_207' title='bbox 1772 1217 1907 1248; x_wconf 89' lang='lat' dir='ltr'>humec—</span> 
     </span>
     <span class='ocr_line' id='line_1_19' title="bbox 122 1276 1907 1325; baseline -0.002 -10"><span class='ocrx_word' id='word_1_208' title='bbox 122 1291 201 1315; x_wconf 83' lang='lat' dir='ltr'>tare.</span> <span class='ocrx_word' id='word_1_209' title='bbox 254 1286 323 1314; x_wconf 86' lang='lat' dir='ltr'>Hoc</span> <span class='ocrx_word' id='word_1_210' title='bbox 350 1284 532 1325; x_wconf 84' lang='lat' dir='ltr'>neglectum</span> <span class='ocrx_word' id='word_1_211' title='bbox 561 1282 680 1320; x_wconf 76' lang='lat' dir='ltr'>fuisse,</span> <span class='ocrx_word' id='word_1_212' title='bbox 717 1284 812 1320; x_wconf 85' lang='lat' dir='ltr'>poeta</span> <span class='ocrx_word' id='word_1_213' title='bbox 838 1280 965 1309; x_wconf 87' lang='lat' dir='ltr'>indicat.</span> <span class='ocrx_word' id='word_1_214' title='bbox 1027 1279 1078 1308; x_wconf 85' lang='lat' dir='ltr'>Ex</span> <span class='ocrx_word' id='word_1_215' title='bbox 1110 1277 1357 1308; x_wconf 89' lang='lat' dir='ltr'>homoioteleuto</span> <span class='ocrx_word' id='word_1_216' title='bbox 1394 1279 1484 1308; x_wconf 86' lang='lat' dir='ltr'>vocis</span> <span class='ocrx_word' id='word_1_217' title='bbox 1511 1276 1582 1307; x_wconf 57' lang='lat' dir='ltr'>&gt;KH</span> <span class='ocrx_word' id='word_1_218' title='bbox 1610 1280 1755 1310; x_wconf 83' lang='lat' dir='ltr'>carminis</span> <span class='ocrx_word' id='word_1_219' title='bbox 1786 1280 1907 1311; x_wconf 90' lang='lat' dir='ltr'>initium</span> 
     </span>
     <span class='ocr_line' id='line_1_20' title="bbox 124 1340 1910 1382; baseline -0.003 -4"><span class='ocrx_word' id='word_1_220' title='bbox 124 1357 197 1378; x_wconf 88' lang='lat' dir='ltr'>esse</span> <span class='ocrx_word' id='word_1_221' title='bbox 225 1347 383 1377; x_wconf 89' lang='lat' dir='ltr'>videmus.</span> <span class='ocrx_word' id='word_1_222' title='bbox 423 1346 587 1376; x_wconf 86' lang='lat' dir='ltr'>Posterior</span> <span class='ocrx_word' id='word_1_223' title='bbox 611 1353 730 1375; x_wconf 88' lang='lat' dir='ltr'>versus</span> <span class='ocrx_word' id='word_1_224' title='bbox 760 1343 996 1374; x_wconf 86' lang='lat' dir='ltr'>constructione</span> <span class='ocrx_word' id='word_1_225' title='bbox 1024 1351 1091 1371; x_wconf 89' lang='lat' dir='ltr'>cum</span> <span class='ocrx_word' id='word_1_226' title='bbox 1121 1342 1224 1381; x_wconf 89' lang='lat' dir='ltr'>priore</span> <span class='ocrx_word' id='word_1_227' title='bbox 1251 1340 1358 1370; x_wconf 88' lang='lat' dir='ltr'>intime</span> <span class='ocrx_word' id='word_1_228' title='bbox 1382 1341 1542 1371; x_wconf 82' lang='lat' dir='ltr'>cohaeret.</span> <span class='ocrx_word' id='word_1_229' title='bbox 1569 1340 1672 1379; x_wconf 81' lang='lat' dir='ltr'>Quum</span> <span class='ocrx_word' id='word_1_230' title='bbox 1700 1343 1910 1382; x_wconf 81' lang='lat' dir='ltr'>comparativi</span> 
     </span>
     <span class='ocr_line' id='line_1_21' title="bbox 127 1403 1909 1450; baseline -0.003 -10"><span class='ocrx_word' id='word_1_231' title='bbox 127 1411 229 1441; x_wconf 88' lang='lat' dir='ltr'>forma</span> <span class='ocrx_word' id='word_1_232' title='bbox 257 1420 276 1440; x_wconf 89' lang='lat' dir='ltr'>a</span> <span class='ocrx_word' id='word_1_233' title='bbox 304 1409 398 1439; x_wconf 83' lang='lat' dir='ltr'>forma</span> <span class='ocrx_word' id='word_1_234' title='bbox 424 1408 516 1438; x_wconf 90' lang='lat' dir='ltr'>verbi</span> <span class='ocrx_word' id='word_1_235' title='bbox 543 1412 655 1448; x_wconf 82' lang='lat' dir='ltr'>quarta</span> <span class='ocrx_word' id='word_1_236' title='bbox 682 1407 819 1437; x_wconf 89' lang='lat' dir='ltr'>derivari</span> <span class='ocrx_word' id='word_1_237' title='bbox 847 1415 907 1435; x_wconf 90' lang='lat' dir='ltr'>non</span> <span class='ocrx_word' id='word_1_238' title='bbox 936 1405 1048 1445; x_wconf 77' lang='lat' dir='ltr'>possit,</span> <span class='ocrx_word' id='word_1_239' title='bbox 1066 1405 1257 1435; x_wconf 82' lang='lat' dir='ltr'>scholiastes</span> <span class='ocrx_word' id='word_1_240' title='bbox 1287 1407 1372 1433; x_wconf 87' lang='lat' dir='ltr'>recte</span> <span class='ocrx_word' id='word_1_241' title='bbox 1399 1403 1575 1443; x_wconf 77' lang='lat' dir='ltr'>adnotavit,</span> <span class='ocrx_word' id='word_1_242' title='bbox 1591 1413 1703 1434; x_wconf 88' lang='lat' dir='ltr'>vocem</span> <span class='ocrx_word' id='word_1_243' title='bbox 1726 1403 1806 1450; x_wconf 56' lang='lat' dir='ltr'>&amp;ml</span> <span class='ocrx_word' id='word_1_244' title='bbox 1835 1414 1909 1435; x_wconf 89' lang='lat' dir='ltr'>esse</span> 
     </span>
     <span class='ocr_line' id='line_1_22' title="bbox 126 1465 1910 1512; baseline -0.003 -10"><span class='ocrx_word' id='word_1_245' title='bbox 126 1482 180 1512; x_wconf 89' lang='lat' dir='ltr'>pro</span> <span class='ocrx_word' id='word_1_246' title='bbox 216 1470 309 1500; x_wconf 49' lang='lat' dir='ltr'>31:th</span> <span class='ocrx_word' id='word_1_247' title='bbox 346 1470 416 1501; x_wconf 37' lang='grc' dir='ltr'>μκή-Μ</span> <span class='ocrx_word' id='word_1_248' title='bbox 456 1469 558 1500; x_wconf 82' lang='lat' dir='ltr'>conf.</span> <span class='ocrx_word' id='word_1_249' title='bbox 598 1469 706 1500; x_wconf 88' lang='lat' dir='ltr'>Gram.</span> <span class='ocrx_word' id='word_1_250' title='bbox 741 1468 835 1498; x_wconf 85' lang='lat' dir='ltr'>Arab.</span> <span class='ocrx_word' id='word_1_251' title='bbox 872 1468 908 1497; x_wconf 87' lang='lat' dir='ltr'>T.</span> <span class='ocrx_word' id='word_1_252' title='bbox 935 1469 947 1496; x_wconf 93' lang='lat'><em>1</em></span> <span class='ocrx_word' id='word_1_253' title='bbox 978 1477 1006 1506; x_wconf 91' lang='lat' dir='ltr'>p.</span> <span class='ocrx_word' id='word_1_254' title='bbox 1036 1466 1106 1496; x_wconf 73' lang='lat'>324</span> <span class='ocrx_word' id='word_1_255' title='bbox 1134 1477 1205 1505; x_wconf 80' lang='lat' dir='ltr'>sq.;</span> <span class='ocrx_word' id='word_1_256' title='bbox 1236 1466 1289 1495; x_wconf 89' lang='lat' dir='ltr'>sed</span> <span class='ocrx_word' id='word_1_257' title='bbox 1318 1468 1348 1495; x_wconf 90' lang='lat' dir='ltr'>in</span> <span class='ocrx_word' id='word_1_258' title='bbox 1375 1465 1436 1495; x_wconf 87' lang='lat' dir='ltr'>hac</span> <span class='ocrx_word' id='word_1_259' title='bbox 1464 1465 1576 1505; x_wconf 84' lang='lat' dir='ltr'>regula</span> <span class='ocrx_word' id='word_1_260' title='bbox 1615 1466 1816 1496; x_wconf 85' lang='lat' dir='ltr'>observanda</span> <span class='ocrx_word' id='word_1_261' title='bbox 1848 1477 1910 1497; x_wconf 91' lang='lat' dir='ltr'>non</span> 
     </span>
     <span class='ocr_line' id='line_1_23' title="bbox 126 1527 1910 1573; baseline -0.002 -12"><span class='ocrx_word' id='word_1_262' title='bbox 126 1542 235 1562; x_wconf 86' lang='lat' dir='ltr'>omnes</span> <span class='ocrx_word' id='word_1_263' title='bbox 264 1532 461 1573; x_wconf 79' lang='lat' dir='ltr'>gra-minatici</span> <span class='ocrx_word' id='word_1_264' title='bbox 488 1533 691 1561; x_wconf 86' lang='lat' dir='ltr'>consentiunt</span> <span class='ocrx_word' id='word_1_265' title='bbox 711 1536 742 1560; x_wconf 87' lang='lat' dir='ltr'>et</span> <span class='ocrx_word' id='word_1_266' title='bbox 756 1531 969 1560; x_wconf 83' lang='lat' dir='ltr'>Sibawaihius</span> <span class='ocrx_word' id='word_1_267' title='bbox 997 1531 1034 1559; x_wconf 88' lang='lat' dir='ltr'>ab</span> <span class='ocrx_word' id='word_1_268' title='bbox 1061 1532 1191 1559; x_wconf 86' lang='lat' dir='ltr'>aliorum</span> <span class='ocrx_word' id='word_1_269' title='bbox 1219 1529 1380 1558; x_wconf 83' lang='lat' dir='ltr'>sententia</span> <span class='ocrx_word' id='word_1_270' title='bbox 1409 1527 1539 1557; x_wconf 89' lang='lat' dir='ltr'>recedit.</span> <span class='ocrx_word' id='word_1_271' title='bbox 1580 1527 1700 1557; x_wconf 81' lang='lat' dir='ltr'>Poetae</span> <span class='ocrx_word' id='word_1_272' title='bbox 1726 1533 1828 1558; x_wconf 83' lang='lat' dir='ltr'>autem</span> <span class='ocrx_word' id='word_1_273' title='bbox 1852 1528 1910 1559; x_wconf 88' lang='lat' dir='ltr'>sibi</span> 
     </span>
    </p>
   </div>
   <div class='ocr_carea' id='block_1_6' title="bbox 126 1588 1912 1688">
    <p class='ocr_par' dir='ltr' id='par_1_6' title="bbox 126 1588 1912 1688">
     <span class='ocr_line' id='line_1_24' title="bbox 126 1588 1912 1635; baseline -0.002 -12"><span class='ocrx_word' id='word_1_274' title='bbox 126 1594 278 1623; x_wconf 84' lang='lat' dir='ltr'>licentiam</span> <span class='ocrx_word' id='word_1_275' title='bbox 314 1595 437 1635; x_wconf 84' lang='lat' dir='ltr'>regulis</span> <span class='ocrx_word' id='word_1_276' title='bbox 474 1593 659 1622; x_wconf 85' lang='lat' dir='ltr'>contrariam</span> <span class='ocrx_word' id='word_1_277' title='bbox 699 1591 781 1621; x_wconf 87' lang='lat' dir='ltr'>haud</span> <span class='ocrx_word' id='word_1_278' title='bbox 815 1601 884 1621; x_wconf 83' lang='lat' dir='ltr'>raro</span> <span class='ocrx_word' id='word_1_279' title='bbox 912 1591 1070 1621; x_wconf 86' lang='lat' dir='ltr'>sumsisse</span> <span class='ocrx_word' id='word_1_280' title='bbox 1106 1591 1270 1629; x_wconf 77' lang='lat' dir='ltr'>videntur3</span> <span class='ocrx_word' id='word_1_281' title='bbox 1298 1599 1358 1630; x_wconf 86' lang='lat' dir='ltr'>qua</span> <span class='ocrx_word' id='word_1_282' title='bbox 1385 1589 1424 1619; x_wconf 87' lang='lat' dir='ltr'>de</span> <span class='ocrx_word' id='word_1_283' title='bbox 1452 1599 1485 1619; x_wconf 88' lang='lat' dir='ltr'>re</span> <span class='ocrx_word' id='word_1_284' title='bbox 1513 1589 1542 1617; x_wconf 89' lang='lat' dir='ltr'>in</span> <span class='ocrx_word' id='word_1_285' title='bbox 1571 1588 1632 1619; x_wconf 84' lang='lat' dir='ltr'>hoc</span> <span class='ocrx_word' id='word_1_286' title='bbox 1659 1598 1755 1628; x_wconf 86' lang='lat' dir='ltr'>opere</span> <span class='ocrx_word' id='word_1_287' title='bbox 1782 1590 1912 1629; x_wconf 84' lang='lat' dir='ltr'>saepius</span> 
     </span>
     <span class='ocr_line' id='line_1_25' title="bbox 127 1657 330 1688; baseline 0.005 -2"><span class='ocrx_word' id='word_1_288' title='bbox 127 1666 232 1686; x_wconf 88' lang='lat' dir='ltr'>sermo</span> <span class='ocrx_word' id='word_1_289' title='bbox 263 1657 330 1688; x_wconf 86' lang='lat' dir='ltr'>fuit.</span> 
     </span>
    </p>
   </div>
   <div class='ocr_carea' id='block_1_7' title="bbox 781 1712 791 1724">
    <p class='ocr_par' dir='ltr' id='par_1_7' title="bbox 781 1712 791 1724">
     <span class='ocr_line' id='line_1_26' title="bbox 781 1712 791 1724; baseline 0 0"><span class='ocrx_word' id='word_1_290' title='bbox 781 1712 791 1724; x_wconf 67' lang='grc'>1</span> 
     </span>
    </p>
   </div>
   <div class='ocr_carea' id='block_1_8' title="bbox 630 1783 1421 1886">
    <p class='ocr_par' dir='ltr' id='par_1_8' title="bbox 630 1783 1421 1886">
     <span class='ocr_line' id='line_1_27' title="bbox 976 1783 1069 1817; baseline -0.032 0"><span class='ocrx_word' id='word_1_291' title='bbox 976 1783 1069 1817; x_wconf 64' lang='lat' dir='ltr'>CX.</span> 
     </span>
     <span class='ocr_line' id='line_1_28' title="bbox 630 1849 1421 1886; baseline -0.006 0"><span class='ocrx_word' id='word_1_292' title='bbox 630 1852 739 1886; x_wconf 67' lang='grc' dir='ltr'>,Μιιε</span> <span class='ocrx_word' id='word_1_293' title='bbox 754 1868 773 1878; x_wconf 96' lang='grc'><strong>-</strong></span> <span class='ocrx_word' id='word_1_294' title='bbox 789 1850 962 1884; x_wconf 61' lang='lat' dir='ltr'>H&#39;Sehiz</span> <span class='ocrx_word' id='word_1_295' title='bbox 994 1849 1261 1883; x_wconf 66' lang='lat' dir='ltr'>vinosatrnta</span> <span class='ocrx_word' id='word_1_296' title='bbox 1284 1849 1421 1883; x_wconf 66' lang='lat' dir='ltr'>uixit.</span> 
     </span>
    </p>
   </div>
   <div class='ocr_carea' id='block_1_9' title="bbox 135 1914 1918 2162">
    <p class='ocr_par' dir='ltr' id='par_1_9' title="bbox 135 1914 1918 2162">
     <span class='ocr_line' id='line_1_29' title="bbox 233 1914 1916 1977; baseline -0.002 -10"><span class='ocrx_word' id='word_1_297' title='bbox 233 1938 325 1967; x_wconf 82' lang='lat' dir='ltr'>Voce</span> <span class='ocrx_word' id='word_1_298' title='bbox 351 1937 483 1968; x_wconf 88' lang='lat' dir='ltr'>Schiz</span> <span class='ocrx_word' id='word_1_299' title='bbox 511 1938 658 1977; x_wconf 83' lang='lat' dir='ltr'>dactylos</span> <span class='ocrx_word' id='word_1_300' title='bbox 687 1938 776 1974; x_wconf 87' lang='lat' dir='ltr'>viles,</span> <span class='ocrx_word' id='word_1_301' title='bbox 797 1936 915 1965; x_wconf 84' lang='lat' dir='ltr'>nucleis</span> <span class='ocrx_word' id='word_1_302' title='bbox 932 1914 1078 1966; x_wconf 77' lang='lat' dir='ltr'>carentes</span> <span class='ocrx_word' id='word_1_303' title='bbox 1106 1933 1290 1974; x_wconf 66' lang='lat' dir='ltr'>significari,</span> <span class='ocrx_word' id='word_1_304' title='bbox 1316 1933 1511 1963; x_wconf 84' lang='lat' dir='ltr'>scholiastes</span> <span class='ocrx_word' id='word_1_305' title='bbox 1538 1938 1692 1972; x_wconf 86' lang='lat' dir='ltr'>sequente</span> <span class='ocrx_word' id='word_1_306' title='bbox 1718 1933 1916 1964; x_wconf 76' lang='lat' dir='ltr'>hemistichio</span> 
     </span>
     <span class='ocr_line' id='line_1_30' title="bbox 139 1995 1918 2038; baseline -0.003 -10"><span class='ocrx_word' id='word_1_307' title='bbox 139 2000 271 2038; x_wconf 85' lang='lat' dir='ltr'>probare</span> <span class='ocrx_word' id='word_1_308' title='bbox 299 2001 420 2030; x_wconf 85' lang='lat' dir='ltr'>studuit</span> <span class='ocrx_word' id='word_1_309' title='bbox 451 2004 558 2038; x_wconf 81' lang='lat' dir='ltr'>(metr.</span> <span class='ocrx_word' id='word_1_310' title='bbox 587 1999 737 2038; x_wconf 58' lang='lat' dir='ltr'>Basilio:</span> <span class='ocrx_word' id='word_1_311' title='bbox 768 1999 953 2035; x_wconf 81' lang='lat' dir='ltr'>Palmae,</span> <span class='ocrx_word' id='word_1_312' title='bbox 981 1998 1019 2027; x_wconf 89' lang='lat' dir='ltr'>in</span> <span class='ocrx_word' id='word_1_313' title='bbox 1047 1997 1201 2037; x_wconf 82' lang='lat' dir='ltr'>quibus</span> <span class='ocrx_word' id='word_1_314' title='bbox 1232 1995 1397 2035; x_wconf 83' lang='lat' dir='ltr'>dactyli</span> <span class='ocrx_word' id='word_1_315' title='bbox 1438 1996 1533 2025; x_wconf 89' lang='lat' dir='ltr'>boni</span> <span class='ocrx_word' id='word_1_316' title='bbox 1572 1996 1780 2035; x_wconf 88' lang='lat' dir='ltr'>vilesque</span> <span class='ocrx_word' id='word_1_317' title='bbox 1822 2005 1918 2034; x_wconf 90' lang='lat' dir='ltr'>pro-</span> 
     </span>
     <span class='ocr_line' id='line_1_31' title="bbox 135 2057 1918 2098; baseline -0.002 -8"><span class='ocrx_word' id='word_1_318' title='bbox 135 2063 330 2091; x_wconf 82' lang='lat' dir='ltr'>veniunt.</span> <span class='ocrx_word' id='word_1_319' title='bbox 358 2063 477 2092; x_wconf 81' lang='lat' dir='ltr'>Poetae</span> <span class='ocrx_word' id='word_1_320' title='bbox 505 2072 617 2091; x_wconf 82' lang='lat' dir='ltr'>nomen</span> <span class='ocrx_word' id='word_1_321' title='bbox 647 2061 849 2091; x_wconf 82' lang='lat' dir='ltr'>Mohammed</span> <span class='ocrx_word' id='word_1_322' title='bbox 878 2061 906 2090; x_wconf 90' lang='lat' dir='ltr'>b.</span> <span class='ocrx_word' id='word_1_323' title='bbox 933 2060 1143 2090; x_wconf 86' lang='lat' dir='ltr'>Ahbd-Allah</span> <span class='ocrx_word' id='word_1_324' title='bbox 1169 2060 1198 2088; x_wconf 85' lang='lat' dir='ltr'>b.</span> <span class='ocrx_word' id='word_1_325' title='bbox 1226 2058 1339 2097; x_wconf 69' lang='lat' dir='ltr'>Rasin,</span> <span class='ocrx_word' id='word_1_326' title='bbox 1365 2057 1496 2087; x_wconf 83' lang='lat' dir='ltr'>alterum</span> <span class='ocrx_word' id='word_1_327' title='bbox 1525 2067 1701 2098; x_wconf 85' lang='lat' dir='ltr'>cognomen</span> <span class='ocrx_word' id='word_1_328' title='bbox 1723 2057 1918 2097; x_wconf 81' lang='lat' dir='ltr'>Abu-Djah—</span> 
     </span>
     <span class='ocr_line' id='line_1_32' title="bbox 135 2118 1916 2162; baseline -0.003 -9"><span class='ocrx_word' id='word_1_329' title='bbox 135 2123 183 2153; x_wconf 86' lang='lat' dir='ltr'>far</span> <span class='ocrx_word' id='word_1_330' title='bbox 202 2128 279 2153; x_wconf 84' lang='lat' dir='ltr'>erat.</span> <span class='ocrx_word' id='word_1_331' title='bbox 307 2124 426 2154; x_wconf 85' lang='lat' dir='ltr'>Poetae</span> <span class='ocrx_word' id='word_1_332' title='bbox 445 2125 543 2154; x_wconf 90' lang='lat' dir='ltr'>Dihbil</span> <span class='ocrx_word' id='word_1_333' title='bbox 574 2126 601 2154; x_wconf 90' lang='lat' dir='ltr'>b.</span> <span class='ocrx_word' id='word_1_334' title='bbox 619 2125 692 2154; x_wconf 81' lang='lat' dir='ltr'>Ahli</span> <span class='ocrx_word' id='word_1_335' title='bbox 720 2126 748 2153; x_wconf 89' lang='lat' dir='ltr'>b.</span> <span class='ocrx_word' id='word_1_336' title='bbox 764 2124 864 2154; x_wconf 82' lang='lat' dir='ltr'>Rasin</span> <span class='ocrx_word' id='word_1_337' title='bbox 892 2122 1042 2162; x_wconf 84' lang='lat' dir='ltr'>patruelis</span> <span class='ocrx_word' id='word_1_338' title='bbox 1070 2122 1129 2151; x_wconf 91' lang='lat' dir='ltr'>suh</span> <span class='ocrx_word' id='word_1_339' title='bbox 1157 2120 1248 2149; x_wconf 84' lang='lat' dir='ltr'>finem</span> <span class='ocrx_word' id='word_1_340' title='bbox 1277 2118 1365 2158; x_wconf 88' lang='lat' dir='ltr'>regni</span> <span class='ocrx_word' id='word_1_341' title='bbox 1385 2118 1562 2149; x_wconf 83' lang='lat' dir='ltr'>Alraschidi</span> <span class='ocrx_word' id='word_1_342' title='bbox 1596 2119 1693 2148; x_wconf 85' lang='lat' dir='ltr'>oculis</span> <span class='ocrx_word' id='word_1_343' title='bbox 1716 2122 1829 2158; x_wconf 86' lang='lat' dir='ltr'>captus</span> <span class='ocrx_word' id='word_1_344' title='bbox 1857 2124 1916 2147; x_wconf 88' lang='lat' dir='ltr'>est.</span> 
     </span>
    </p>
   </div>
   <div class='ocr_carea' id='block_1_10' title="bbox 138 2180 1918 2225">
    <p class='ocr_par' dir='ltr' id='par_1_10' title="bbox 138 2180 1918 2225">
     <span class='ocr_line' id='line_1_33' title="bbox 138 2180 1918 2225; baseline -0.003 -11"><span class='ocrx_word' id='word_1_345' title='bbox 138 2186 283 2215; x_wconf 86' lang='lat' dir='ltr'>Mutuum</span> <span class='ocrx_word' id='word_1_346' title='bbox 310 2186 389 2215; x_wconf 84' lang='lat' dir='ltr'>inter</span> <span class='ocrx_word' id='word_1_347' title='bbox 416 2186 518 2225; x_wconf 87' lang='lat' dir='ltr'>ipsum</span> <span class='ocrx_word' id='word_1_348' title='bbox 546 2191 578 2214; x_wconf 93' lang='lat' dir='ltr'>et</span> <span class='ocrx_word' id='word_1_349' title='bbox 606 2185 784 2215; x_wconf 84' lang='lat' dir='ltr'>Moslimnm</span> <span class='ocrx_word' id='word_1_350' title='bbox 811 2186 839 2214; x_wconf 92' lang='lat' dir='ltr'>b.</span> <span class='ocrx_word' id='word_1_351' title='bbox 868 2184 1005 2214; x_wconf 86' lang='lat' dir='ltr'>Alwalid</span> <span class='ocrx_word' id='word_1_352' title='bbox 1033 2183 1134 2214; x_wconf 86' lang='lat' dir='ltr'>odium</span> <span class='ocrx_word' id='word_1_353' title='bbox 1162 2182 1320 2211; x_wconf 88' lang='lat' dir='ltr'>incensum</span> <span class='ocrx_word' id='word_1_354' title='bbox 1350 2185 1428 2210; x_wconf 82' lang='lat' dir='ltr'>erat.</span> <span class='ocrx_word' id='word_1_355' title='bbox 1479 2181 1534 2210; x_wconf 88' lang='lat' dir='ltr'>Ille</span> <span class='ocrx_word' id='word_1_356' title='bbox 1561 2180 1664 2210; x_wconf 91' lang='lat' dir='ltr'>indole</span> <span class='ocrx_word' id='word_1_357' title='bbox 1686 2182 1794 2220; x_wconf 88' lang='lat' dir='ltr'>poesis</span> <span class='ocrx_word' id='word_1_358' title='bbox 1823 2189 1918 2218; x_wconf 77' lang='lat' dir='ltr'>prae-</span> 
     </span>
    </p>
   </div>
   <div class='ocr_carea' id='block_1_11' title="bbox 135 2245 1042 2286">
    <p class='ocr_par' dir='ltr' id='par_1_11' title="bbox 135 2245 1042 2286">
     <span class='ocr_line' id='line_1_34' title="bbox 135 2245 1042 2286; baseline -0.001 -10"><span class='ocrx_word' id='word_1_359' title='bbox 135 2246 219 2277; x_wconf 88' lang='lat' dir='ltr'>ditus</span> <span class='ocrx_word' id='word_1_360' title='bbox 246 2251 325 2285; x_wconf 78' lang='lat' dir='ltr'>erat,</span> <span class='ocrx_word' id='word_1_361' title='bbox 346 2247 397 2277; x_wconf 88' lang='lat' dir='ltr'>hic</span> <span class='ocrx_word' id='word_1_362' title='bbox 426 2257 496 2277; x_wconf 83' lang='lat' dir='ltr'>cum</span> <span class='ocrx_word' id='word_1_363' title='bbox 525 2247 630 2276; x_wconf 88' lang='lat' dir='ltr'>studio</span> <span class='ocrx_word' id='word_1_364' title='bbox 662 2248 752 2286; x_wconf 87' lang='lat' dir='ltr'>poesi</span> <span class='ocrx_word' id='word_1_365' title='bbox 779 2257 909 2286; x_wconf 84' lang='lat' dir='ltr'>operam</span> <span class='ocrx_word' id='word_1_366' title='bbox 939 2245 1042 2275; x_wconf 81' lang='lat' dir='ltr'>dabat.</span> 
     </span>
    </p>
   </div>
   <div class='ocr_carea' id='block_1_12' title="bbox 141 2341 1651 2381">
    <p class='ocr_par' dir='ltr' id='par_1_12' title="bbox 141 2341 1651 2381">
     <span class='ocr_line' id='line_1_35' title="bbox 141 2341 1651 2381; baseline -0.002 -10"><span class='ocrx_word' id='word_1_367' title='bbox 141 2343 166 2371; x_wconf 87' lang='lat'>1.</span> <span class='ocrx_word' id='word_1_368' title='bbox 215 2343 278 2373; x_wconf 73' lang='lat' dir='ltr'>Ubi</span> <span class='ocrx_word' id='word_1_369' title='bbox 299 2346 332 2372; x_wconf 79' lang='lat' dir='ltr'>tu</span> <span class='ocrx_word' id='word_1_370' title='bbox 354 2353 398 2381; x_wconf 66' lang='grc' dir='ltr'>σε,</span> <span class='ocrx_word' id='word_1_371' title='bbox 421 2354 509 2372; x_wconf 81' lang='lat' dir='ltr'>amor</span> <span class='ocrx_word' id='word_1_372' title='bbox 532 2354 578 2372; x_wconf 85' lang='lat' dir='ltr'>me</span> <span class='ocrx_word' id='word_1_373' title='bbox 600 2346 720 2378; x_wconf 75' lang='lat' dir='ltr'>retinet,</span> <span class='ocrx_word' id='word_1_374' title='bbox 744 2352 842 2381; x_wconf 82' lang='lat' dir='ltr'>neque</span> <span class='ocrx_word' id='word_1_375' title='bbox 865 2343 942 2370; x_wconf 75' lang='lat' dir='ltr'>milti</span> <span class='ocrx_word' id='word_1_376' title='bbox 960 2342 1048 2370; x_wconf 76' lang='lat' dir='ltr'>locus</span> <span class='ocrx_word' id='word_1_377' title='bbox 1071 2344 1130 2377; x_wconf 74' lang='lat' dir='ltr'>est,</span> <span class='ocrx_word' id='word_1_378' title='bbox 1154 2350 1213 2378; x_wconf 86' lang='lat' dir='ltr'>quo</span> <span class='ocrx_word' id='word_1_379' title='bbox 1235 2341 1377 2369; x_wconf 78' lang='lat' dir='ltr'>recedam</span> <span class='ocrx_word' id='word_1_380' title='bbox 1401 2344 1457 2370; x_wconf 84' lang='lat' dir='ltr'>aut</span> <span class='ocrx_word' id='word_1_381' title='bbox 1476 2341 1651 2378; x_wconf 83' lang='lat' dir='ltr'>procedam.</span> 
     </span>
    </p>
   </div>
   <div class='ocr_carea' id='block_1_13' title="bbox 142 2408 1921 2576">
    <p class='ocr_par' dir='ltr' id='par_1_13' title="bbox 142 2408 1921 2576">
     <span class='ocr_line' id='line_1_36' title="bbox 240 2408 1919 2451; baseline -0.003 -9"><span class='ocrx_word' id='word_1_382' title='bbox 240 2412 285 2442; x_wconf 88' lang='lat' dir='ltr'>Se</span> <span class='ocrx_word' id='word_1_383' title='bbox 311 2423 418 2443; x_wconf 89' lang='lat' dir='ltr'>amore</span> <span class='ocrx_word' id='word_1_384' title='bbox 446 2413 580 2442; x_wconf 82' lang='lat' dir='ltr'>feminae</span> <span class='ocrx_word' id='word_1_385' title='bbox 608 2413 729 2442; x_wconf 88' lang='lat' dir='ltr'>omnino</span> <span class='ocrx_word' id='word_1_386' title='bbox 757 2415 944 2451; x_wconf 84' lang='lat' dir='ltr'>occupatum</span> <span class='ocrx_word' id='word_1_387' title='bbox 972 2415 1003 2441; x_wconf 83' lang='lat' dir='ltr'>et</span> <span class='ocrx_word' id='word_1_388' title='bbox 1028 2411 1191 2440; x_wconf 84' lang='lat' dir='ltr'>subactum</span> <span class='ocrx_word' id='word_1_389' title='bbox 1220 2410 1400 2448; x_wconf 85' lang='lat' dir='ltr'>confitetur,</span> <span class='ocrx_word' id='word_1_390' title='bbox 1420 2414 1453 2440; x_wconf 89' lang='lat' dir='ltr'>ut</span> <span class='ocrx_word' id='word_1_391' title='bbox 1480 2410 1560 2448; x_wconf 83' lang='lat' dir='ltr'>loco,</span> <span class='ocrx_word' id='word_1_392' title='bbox 1587 2409 1636 2438; x_wconf 93' lang='lat' dir='ltr'>ubi</span> <span class='ocrx_word' id='word_1_393' title='bbox 1662 2408 1776 2438; x_wconf 86' lang='lat' dir='ltr'>femina</span> <span class='ocrx_word' id='word_1_394' title='bbox 1802 2417 1919 2438; x_wconf 86' lang='lat' dir='ltr'>verse-</span> 
     </span>
     <span class='ocr_line' id='line_1_37' title="bbox 142 2467 1920 2513; baseline -0.004 -9"><span class='ocrx_word' id='word_1_395' title='bbox 142 2478 202 2512; x_wconf 85' lang='lat' dir='ltr'>tur,</span> <span class='ocrx_word' id='word_1_396' title='bbox 228 2475 316 2513; x_wconf 74' lang='lat' dir='ltr'>quasi</span> <span class='ocrx_word' id='word_1_397' title='bbox 343 2475 574 2505; x_wconf 72' lang='lat' dir='ltr'>incantamenta</span> <span class='ocrx_word' id='word_1_398' title='bbox 604 2476 726 2505; x_wconf 86' lang='lat' dir='ltr'>vinctus</span> <span class='ocrx_word' id='word_1_399' title='bbox 755 2480 911 2504; x_wconf 88' lang='lat' dir='ltr'>teneatur.</span> <span class='ocrx_word' id='word_1_400' title='bbox 964 2473 1166 2503; x_wconf 85' lang='lat' dir='ltr'>Scholiastes</span> <span class='ocrx_word' id='word_1_401' title='bbox 1194 2472 1404 2511; x_wconf 81' lang='lat' dir='ltr'>praedicatum</span> <span class='ocrx_word' id='word_1_402' title='bbox 1432 2471 1577 2510; x_wconf 78' lang='lat' dir='ltr'>subiecti,</span> <span class='ocrx_word' id='word_1_403' title='bbox 1606 2468 1686 2509; x_wconf 87' lang='lat' dir='ltr'>quod</span> <span class='ocrx_word' id='word_1_404' title='bbox 1713 2479 1825 2499; x_wconf 86' lang='lat' dir='ltr'>vocem</span> <span class='ocrx_word' id='word_1_405' title='bbox 1851 2467 1920 2501; x_wconf 49' lang='lat' dir='ltr'>vel</span> 
     </span>
     <span class='ocr_line' id='line_1_38' title="bbox 143 2531 1921 2576; baseline -0.002 -12"><span class='ocrx_word' id='word_1_406' title='bbox 143 2546 218 2565; x_wconf 81' lang='lat' dir='ltr'>esse</span> <span class='ocrx_word' id='word_1_407' title='bbox 245 2536 328 2573; x_wconf 81' lang='lat' dir='ltr'>dicit,</span> <span class='ocrx_word' id='word_1_408' title='bbox 358 2538 508 2566; x_wconf 88' lang='lat' dir='ltr'>omissum</span> <span class='ocrx_word' id='word_1_409' title='bbox 537 2547 613 2566; x_wconf 79' lang='lat' dir='ltr'>esse</span> <span class='ocrx_word' id='word_1_410' title='bbox 640 2538 720 2576; x_wconf 71' lang='lat' dir='ltr'>vult,</span> <span class='ocrx_word' id='word_1_411' title='bbox 749 2542 782 2566; x_wconf 86' lang='lat' dir='ltr'>nt</span> <span class='ocrx_word' id='word_1_412' title='bbox 809 2546 872 2566; x_wconf 84' lang='lat' dir='ltr'>vox</span> <span class='ocrx_word' id='word_1_413' title='bbox 898 2535 974 2574; x_wconf 58' lang='grc' dir='ltr'>ἐ’-ἐιὲῐ,</span> <span class='ocrx_word' id='word_1_414' title='bbox 997 2536 1121 2574; x_wconf 76' lang='lat' dir='ltr'>(stans)</span> <span class='ocrx_word' id='word_1_415' title='bbox 1151 2539 1205 2563; x_wconf 89' lang='lat' dir='ltr'>aut</span> <span class='ocrx_word' id='word_1_416' title='bbox 1234 2535 1343 2564; x_wconf 87' lang='lat' dir='ltr'>similis</span> <span class='ocrx_word' id='word_1_417' title='bbox 1368 2535 1558 2573; x_wconf 89' lang='lat' dir='ltr'>suppleatur.</span> <span class='ocrx_word' id='word_1_418' title='bbox 1610 2531 1689 2561; x_wconf 81' lang='lat' dir='ltr'>Voci</span> <span class='ocrx_word' id='word_1_419' title='bbox 1713 2538 1820 2568; x_wconf 51' lang='lat' dir='ltr'>Q5&gt;‚</span> <span class='ocrx_word' id='word_1_420' title='bbox 1841 2541 1921 2570; x_wconf 85' lang='lat' dir='ltr'>quae</span> 
     </span>
    </p>
   </div>
   <div class='ocr_carea' id='block_1_14' title="bbox 145 2592 1922 2642">
    <p class='ocr_par' dir='ltr' id='par_1_14' title="bbox 145 2592 1922 2642">
     <span class='ocr_line' id='line_1_39' title="bbox 145 2592 1922 2642; baseline -0.002 -18"><span class='ocrx_word' id='word_1_421' title='bbox 145 2596 173 2624; x_wconf 87' lang='lat' dir='ltr'>in</span> <span class='ocrx_word' id='word_1_422' title='bbox 200 2597 266 2626; x_wconf 88' lang='lat' dir='ltr'>loco</span> <span class='ocrx_word' id='word_1_423' title='bbox 293 2597 497 2638; x_wconf 68' lang='lat' dir='ltr'>adhibeatur,</span> <span class='ocrx_word' id='word_1_424' title='bbox 536 2597 645 2627; x_wconf 83' lang='lat' dir='ltr'>eodem</span> <span class='ocrx_word' id='word_1_425' title='bbox 673 2602 784 2636; x_wconf 76' lang='lat' dir='ltr'>modo,</span> <span class='ocrx_word' id='word_1_426' title='bbox 811 2606 871 2636; x_wconf 83' lang='lat' dir='ltr'>quo</span> <span class='ocrx_word' id='word_1_427' title='bbox 899 2597 972 2627; x_wconf 90' lang='lat' dir='ltr'>voci</span> <span class='ocrx_word' id='word_1_428' title='bbox 997 2606 1078 2642; x_wconf 46' lang='grc' dir='ltr'>(ἕρ</span> <span class='ocrx_word' id='word_1_429' title='bbox 1105 2598 1237 2637; x_wconf 87' lang='lat' dir='ltr'>tempori</span> <span class='ocrx_word' id='word_1_430' title='bbox 1265 2597 1441 2627; x_wconf 82' lang='lat' dir='ltr'>deliniendo</span> <span class='ocrx_word' id='word_1_431' title='bbox 1470 2593 1667 2635; x_wconf 77' lang='lat' dir='ltr'>inservienti,</span> <span class='ocrx_word' id='word_1_432' title='bbox 1696 2592 1775 2623; x_wconf 89' lang='lat' dir='ltr'>duas</span> <span class='ocrx_word' id='word_1_433' title='bbox 1802 2602 1922 2633; x_wconf 89' lang='lat' dir='ltr'>propo..</span> 
     </span>
    </p>
   </div>
  </div>
 </body>
</html>
