2155 2892
774 635 1210 686 GORRIGENDA

657 743 926 795 quaedam
958 750 1012 787 et
1053 747 1318 791 addenda.

869 857 1020 888 Tomus
1061 859 1099 889 ΙΙ.

920 947 1000 977 Pars
1028 949 1052 978 1.

90 1048 124 1076 P.
229 1051 273 1080 lx
301 1051 320 1081 1.
374 1053 394 1083 6
423 1053 485 1082 Pro
512 1055 542 1084 in
571 1065 667 1085 verso
709 1057 800 1098 legas
828 1058 959 1089 inverso
1010 1061 1045 1091 P.
1101 1063 1207 1094 2adn.
1224 1065 1245 1097 3
1272 1068 1334 1097 Pro
1362 1067 1598 1098 Ahbd-Ailahi
1631 1069 1723 1110 legas
1762 1070 1879 1100 Ahbd«

299 1101 317 1130 l.
345 1100 393 1132 36
432 1116 470 1121 -·
508 1105 614 1135 addita
643 1107 733 1146 legas
770 1115 825 1138 aut
853 1109 959 1140 addita
1260 1118 1396 1147 Aliahus
1420 1123 1593 1157 utroquo
1622 1119 1728 1148 ioco.

87 1169 109 1186 7,
223 1150 268 1180 xl
296 1150 314 1179 Ι.
343 1153 389 1182 44
430 1166 468 1172 —
505 1155 638 1186 solimus
665 1156 756 1197 legas
783 1159 924 1189 solemus
1100 1163 1121 1193 5
1149 1164 1167 1193 1.
1199 1166 1242 1196 18
1271 1167 1400 1198 Addas:
1424 1168 1458 1197 In
1471 1167 1604 1198 Kamusi
1620 1178 1717 1207 opere
1731 1168 1879 1199 diversus

86 1218 107 1236 ,7
191 1199 271 1229 XVI
296 1199 315 1229 i.
345 1201 391 1232 40
428 1214 469 1219 -
497 1204 958 1248 scholiastisleg.scholiastae
1266 1217 1400 1247 nominis
1426 1218 1658 1256 interpretandi
1680 1218 1791 1249 modus
1819 1224 1878 1249 est.

99 1270 107 1283 ‚
161 1248 267 1278 XVIII
295 1249 314 1278 1.
367 1252 388 1282 5
417 1253 546 1284 Addas:
577 1256 659 1285 conf.
687 1257 781 1297 Hadji
809 1258 956 1289 Chalifah
1010 1284 1033 1304 7,
1100 1265 1121 1295 6
1150 1266 1233 1297 Adn.
1262 1269 1282 1298 4
1314 1267 1442 1297 Addas:
1491 1267 1575 1297 conf.
1610 1268 1782 1298 Memoires
1838 1269 1878 1298 de

400 1303 437 1332 T.
464 1304 517 1333 111.
547 1314 577 1343 p,
609 1306 678 1335 113
705 1316 775 1346 sqq.

386 1353 421 1381 In
465 1353 670 1385 adnotatione
720 1357 843 1390 addas:
897 1358 957 1388 Vir

387 1402 451 1432 iste
471 1403 544 1434 Ahli
562 1404 589 1434 b.
609 1405 815 1437 Mohammed
842 1408 955 1447 adpel-

387 1452 470 1482 latus
502 1453 665 1484 doctrinae
698 1456 758 1485 viri
792 1458 890 1487 Nafih
925 1458 954 1488 b.

384 1502 524 1533 Alasrak
551 1504 703 1543 adpellati
717 1507 954 1547 haereticisque

384 1552 512 1582 deditus
541 1559 621 1593 erat,
649 1556 699 1594 qui
723 1562 831 1587 contra
850 1558 953 1588 Ohts-

381 1611 517 1641 manum,
531 1603 670 1641 Milium,
690 1606 953 1649 Moahwijahuni,

380 1652 598 1690 'l'halhahum‚
626 1654 794 1686 Sobairum
821 1662 853 1686 et
880 1657 952 1686 Ah-

383 1701 517 1740 jischam
545 1703 575 1732 iu
597 1706 810 1745 suggestibus
828 1708 951 1737 calum-

380 1751 448 1780 nias
477 1753 693 1790 proferebant.
747 1756 807 1785 Die
836 1762 949 1795 quarto

376 1805 448 1830 ante
482 1800 576 1831 finem
615 1804 735 1833 mensis
764 1805 948 1836 Ramadhan

375 1850 499 1889 publice
513 1851 625 1891 prodiit
636 1858 668 1883 et
680 1855 820 1884 secundo
832 1856 947 1886 mensis

372 1896 471 1929 Zasar
486 1902 615 1932 occisus
637 1908 699 1942 est,
710 1909 876 1943 postquam
893 1915 948 1944 per

377 1951 615 1988 quatuordecim
649 1963 774 1995 annos,
810 1960 946 1994 quatuor

376 2009 502 2030 menses
519 2005 550 2030 et
571 2011 631 2032 sex
648 2002 715 2033 dies
731 2004 761 2033 iu
774 2005 946 2034 rebellione

374 2057 656 2088 perseveraverat.
685 2054 735 2083 Ab
763 2054 945 2084 Almowaf-

373 2098 436 2128 fiko
454 2101 560 2130 victus
577 2106 628 2131 est
643 2102 737 2133 hului
757 2104 944 2143 praesertim

1007 1383 1029 1403 77

1007 1483 1029 1502 '7

1307 1316 1430 1348 l'Acad.
1458 1317 1495 1346 T.
1522 1317 1544 1346 I.
1577 1326 1607 1357 p.
1636 1316 1719 1350 357.

1076 1363 1120 1395 16
1147 1364 1166 1395 l.
1194 1366 1240 1397 30
1269 1368 1316 1398 De
1345 1366 1472 1397 Alfindo
1500 1366 1607 1396 confer
1637 1367 1811 1397 Memoires
1838 1367 1878 1397 de

1264 1412 1386 1447 l’Acad.
1414 1417 1450 1449 T.
1478 1417 1500 1445 Ι.
1530 1426 1559 1456 p.
1581 1415 1664 1446 356.

1072 1463 1118 1493 25
1147 1466 1264 1496 Adnot.
1293 1468 1314 1497 4
1341 1468 1403 1497 Pro
1431 1466 1530 1496 verba
1558 1467 1649 1506 legas
1676 1466 1766 1496 verbi

1072 1512 1118 1543 37
1147 1516 1166 1546 l.
1222 1518 1240 1545 2
1268 1517 1330 1546 Pro
1358 1521 1552 1556 pectore,
1582 1527 1619 1532 ·-
1670 1520 1802 1553 pectore

1070 1562 1116 1593 39
1144 1565 1401 1596 Adnot.21in.2
1429 1566 1491 1595 Pro
1517 1573 1662 1594 vocem
1690 1565 1780 1603 legas
1808 1574 1874 1594 vox

1075 1624 1115 1630 ²-
1143 1615 1161 1644 l.
1191 1615 1223 1645 3.
1250 1617 1312 1646 Pro
1324 1613 1873 1655 posteriobuslegasposterioribus

1072 1663 1167 1696 401.
1196 1666 1238 1695 21
1269 1678 1307 1683 --
1336 1663 1738 1705 significationem
1779 1663 1872 1704 legas

1251 1714 1515 1754 significationem
1542 1721 1629 1742 esse.

1068 1763 1114 1792 49
1142 1764 1160 1794 1.
1190 1764 1235 1794 25
1264 1765 1324 1793 Pro
1339 1761 1871 1802 servabatislegasservabitis

1065 1811 1111 1841 54
1141 1813 1160 1843 l.
1211 1814 1232 1842 8
1267 1813 1653 1843 -festinantur—
1683 1812 1870 1845 festinanter

1065 1862 1111 1891 55
1139 1862 1158 1891 l.
1187 1863 1233 1892 27
1267 1877 1306 1882 —
1332 1862 1540 1892 vehanini
1613 1873 1653 1878 —
1680 1861 1839 1896 vehamini

1065 1911 1158 1942 561.
1188 1912 1233 1942 29
1267 1922 1418 1951 —qum
1614 1920 1802 1950 —quum

1065 1960 1111 1991 65
1140 1962 1257 1992 Adnot.
1270 1962 1298 1992 1.
1311 1962 1402 1992 Vixit
1415 1962 1519 2002 potius
1530 1964 1603 1991 ante
1616 1960 1724 1990 Islami
1737 1964 1868 2004 tempus,

1149 2011 1218 2041 fieri
1235 2013 1315 2041 enim
1336 2016 1457 2055 potest,
1474 2016 1508 2041 ut
1524 2014 1596 2050 post
1613 2009 1869 2045 Mohammedem

1145 2066 1253 2091 natum
1266 2062 1393 2092 vixerit.
1421 2061 1594 2091 Memoires
1609 2060 1649 2090 de
1662 2055 1784 2093 l'Acad,
1797 2064 1834 2094 Τ,
1844 2065 1866 2093 1,

1148 2120 1177 2149 p.
1208 2110 1290 2141 337.

376 2149 565 2188 auxiiio‚qui
582 2151 619 2180 ab
633 2153 778 2183 Ahmede
799 2154 943 2183 bsfulun
996 2181 1018 2199 „
1060 2158 1105 2188 68
1134 2159 1153 2191 l.
1207 2161 1228 2190 8
1256 2161 1319 2191 Pro
1347 2169 1436 2190 eum
1463 2159 1557 2200 legas
1585 2163 1659 2189 eam'

371 2204 566 2229 secesserat.
602 2202 662 2231 Hic
684 2202 830 2232 dominus
850 2205 943 2242 oppi-
996 2232 1018 2248 ‚‚
1060 2208 1154 2239 721.
1208 2211 1229 2241 '7
1270 2224 1309 2229 —
1346 2218 1427 2239 sane
1488 2221 1527 2226 —
1577 2218 1658 2240 suae

373 2246 482 2276 dorum
504 2248 640 2288 Alleppi,
666 2253 836 2293 Emessam,
861 2253 943 2282 Kin-
994 2281 1016 2303 >7
1061 2258 1106 2287 ’78
1136 2259 1154 2289 l.
1185 2260 1231 2290 29
1247 2258 1621 2300 -speculantu1·usleg.
1634 2259 1864 2299 speculaturus.

369 2297 512 2336 nemini,
540 2301 745 2339 regionisque
778 2303 866 2341 Dijar
893 2319 941 2326 -—
1059 2307 1105 2337 85
1132 2309 1151 2338 l.
1205 2311 1226 2340 5
1267 2321 1306 2326 -
1332 2309 1528 2338 obstinuises
1603 2322 1645 2327 --
1671 2309 1864 2339 obtinuisses

367 2346 501 2375 Modhar
525 2349 704 2388 adpellatae
727 2360 875 2390 magnum
904 2362 941 2380 e-

367 2396 523 2426 xercitum
550 2398 590 2428 ad
608 2399 869 2429 Almowaffikum
882 2400 941 2430 ad-

367 2445 513 2476 duxerat.

347 2496 368 2525 2
403 2495 537 2525 Addas:
578 2498 765 2529 Mersukius
803 2499 941 2530 carmina

367 2545 474 2585 gentis
487 2546 618 2577 Hodsail
635 2558 760 2588 quoque
776 2559 941 2580 commen-

363 2598 442 2625 tario
471 2595 651 2628 illustravit.

170 2495 246 2525 xlx
274 2495 292 2524 1.

1059 2358 1105 2385 94
1135 2358 1252 2388 Adnot.
1269 2357 1301 2386 2.
1320 2359 1453 2388 Poetarn
1471 2355 1704 2386 Mohamrnedis
1719 2360 1861 2393 tempore

1144 2408 1272 2435 vixisse
1318 2405 1442 2445 putavit
1488 2404 1569 2433 conf.
1607 2405 1781 2435 Memoires
1822 2401 1861 2431 de

1146 2454 1271 2487 l'Acad.
1297 2456 1334 2485 T.
1362 2455 1386 2484 1.
1415 2463 1444 2492 p.
1473 2452 1554 2483 359.

995 2521 1015 2539 ,³
1047 2503 1110 2535 101
1142 2504 1161 2535 1.
1190 2505 1236 2535 26
1264 2506 1326 2535 Pro
1354 2513 1420 2533 vox
1447 2503 1537 2543 legas
1565 2511 1678 2532 vocem

1045 2603 1108 2633 121
1142 2604 1159 2634 i.

1472 2563 1502 2568 -·
1565 2561 1622 2580 rex

1568 2598 1675 2645 05:²³
1757 2605 1773 2643 ὃ

1046 2553 1161 2584 1121.
1216 2555 1237 2584 6
1274 2567 1312 2571 -·
1350 2563 1416 2584 vox

1213 2605 1235 2634 9
1273 2600 1506 2650 *moer-³-
