2155 2892
889 119 1160 152 —292—

135 233 174 254 ne
201 222 332 254 decidat.
363 221 462 251 Simili
491 222 583 252 modo
610 221 697 252 vitae
726 224 798 252 anni
825 231 896 252 cum
917 225 1014 251 veste
1036 225 1238 259 comparatae
1263 226 1337 253 sunt
1362 223 1456 253 Ham.
1484 222 1540 253 ⁸⁰1²?
1566 232 1598 253 v.
1628 223 1661 253 4.
1689 227 1721 254 et
1746 224 1817 254 laus
1833 234 1914 264 quo-

133 297 193 327 que
219 296 288 316 cum
317 289 411 314 veste
438 290 638 324 comparatur
664 283 736 314 ibid.
764 295 793 325 p.
819 282 874 314 fn?
900 293 933 313 v.
959 284 991 314 2.
1020 284 1103 314 Voci
1129 274 1270 326 αἱῇᾀὲὶ,
1297 295 1483 325 quamquam
1500 285 1624 316 indoles
1650 287 1791 327 generali
1814 297 1913 318 sensu

135 358 199 378 vox
225 346 394 388 significat,
408 348 439 377 in
465 357 564 378 versu
590 349 742 378 bonarum
770 347 906 378 indolum
933 347 1125 388 significatio
1153 348 1319 379 tribuenda
1342 349 1479 379 videtur.
1510 349 1676 379 Posterior
1702 358 1819 379 versus
1846 349 1914 380 for-

132 416 227 441 tunae
259 410 441 441 iniustitiam
481 410 620 440 indicare
655 410 801 450 videtur,
836 419 908 439 nam
942 419 1035 449 quum
1070 410 1227 441 interdum
1254 410 1327 449 fiat,
1362 416 1397 441 ut
1432 411 1481 442 vir
1510 412 1578 442 loco
1604 420 1663 442 suo
1691 420 1819 441 manens
1846 412 1914 442 sine

132 473 286 505 molestiis
312 473 398 503 vitae
425 472 513 502 bonis
540 472 694 511 potiatur,
731 472 791 501 nisi
818 472 929 512 religio
957 478 991 503 et
1016 473 1118 513 gloria
1144 473 1368 503 conservanda
1393 474 1580 512 incitarent,
1616 473 1723 513 plures
1751 472 1928 503 molestias·

134 535 341 576 perferendas
369 535 537 565 evitarent.
581 536 698 565 Varias
726 535 878 564 sellarum
906 535 1034 574 species
1061 535 1246 573 nominavit,
1277 540 1311 565 ut
1338 545 1448 565 omnes
1475 535 1505 565 in
1530 535 1641 566 itinere
1668 534 1823 565 adhibitas
1850 534 1917 564 sel·

133 600 231 629 larum
261 597 390 638 speeies
418 597 608 637 designaret.
663 598 712 627 De
739 598 825 627 sellis
853 597 956 627 conf.
976 599 1013 628 T.
1040 599 1054 627 Ι
1079 608 1109 638 p.
1140 599 1210 629 506
1237 599 1276 639 Π,
1305 598 1362 629 22.

129 699 161 729 8.
206 699 252 727 Et
272 698 403 727 iumenti
419 694 576 732 sellaeque
595 702 762 730 possessor
783 696 814 721 et
834 694 890 731 qui
909 703 1031 729 semper
1050 695 1282 730 pereyrinatur,
1307 695 1416 731 opibus
1438 694 1605 723 destitutus
1627 697 1682 723 est.

206 768 323 798 Verbis
350 773 478 796 sensum
506 764 698 794 contrarium
725 762 931 792 offerentibus
958 762 1104 792 fortunae
1132 762 1313 793 iniustitiam
1340 762 1502 793 describit.

972 882 1081 915 LII.

137 955 204 996 (1¹-
224 953 358 994 536.)
871 950 1015 985 Alius
1039 949 1176 983 uixit.

135 1025 162 1054 1.
207 1024 231 1053 0
253 1022 358 1052 mine!
378 1025 433 1061 qui
453 1032 505 1052 res
527 1022 606 1051 milei
625 1030 687 1050 non
707 1021 867 1058 placentes
889 1021 1038 1057 adtulisti,
1063 1020 1274 1049 recordationi
1296 1020 1375 1047 anni
1393 1019 1510 1055 prioris
1525 1017 1677 1046 libertatis
1696 1019 1832 1054 pretium
1854 1017 1919 1046 sis!

233 1097 358 1127 Annum
385 1101 532 1136 tanquam
561 1105 729 1135 personam
756 1095 930 1135 alloquens,
956 1099 1081 1134 tempus
1108 1092 1313 1133 praeteritum
1340 1091 1498 1131 praesenti
1525 1091 1659 1130 tempori
1679 1090 1920 1130 praeferendum

133 1169 209 1189 esse
229 1159 313 1189 dicit.
341 1159 412 1188 Hoc
433 1159 462 1187 in
479 1167 576 1187 versu
594 1166 693 1187 voces
720 1154 764 1195 ‘535
781 1154 819 1203 ΓΞ
844 1158 889 1186 ita
905 1152 1062 1186 adhibitas
1089 1156 1243 1195 videmus,
1271 1159 1305 1186 ut
1331 1165 1397 1185 vox
1423 1151 1470 1195 d>l
1499 1155 1601 1184 locum
1628 1154 1779 1185 adiectivi
1804 1154 1922 1184 habere

136 1221 291 1252 videatur.
345 1221 436 1259 Quae
472 1225 576 1251 autem
614 1229 666 1249 res
699 1228 792 1258 quum
828 1219 858 1248 in
893 1228 955 1248 usu
988 1228 1050 1248 non
1084 1218 1145 1258 sit,
1177 1221 1210 1248 ut
1236 1226 1337 1256 neque
1364 1212 1412 1256 ὦῶ
1431 1217 1498 1261 5522
1524 1225 1627 1255 neque
1647 1212 1693 1255 ⁸325
1720 1211 1794 1257 ὁρ
1821 1225 1923 1255 neque

135 1284 184 1325 393
211 1289 273 1314 Ram
298 1284 489 1324 inveniatur,
516 1282 707 1313 scholiastes
733 1282 779 1311 rei
806 1281 1014 1321 explicandae
1041 1291 1140 1312 causa
1168 1281 1267 1313 dixit:
1296 1280 1401 1318 Quum
1428 1280 1490 1309 hac
1517 1278 1547 1308 in
1574 1288 1608 1308 re
1635 1278 1746 1309 modus
1774 1278 1924 1319 loquendi

135 1349 175 1380 ad
201 1359 295 1380 uuum
331 1348 474 1377 omnibus
509 1351 603 1376 notus
632 1350 742 1387 esset,
778 1349 901 1385 poetam
927 1345 1027 1375 verba
1052 1343 1139 1391 &nte
1166 1357 1208 1382 0»-
1238 1352 1351 1382 »quam
1378 1342 1429 1372 hic
1455 1350 1545 1371 meus
1573 1351 1712 1380 annus«,
1742 1351 1823 1381 quae
1850 1346 1924 1381 post

137 1419 251 1440 vocem
286 1406 333 1449 ..bl
371 1409 557 1439 necessaria
582 1408 664 1447 sint,
700 1407 857 1440 omisisse.
908 1407 1042 1437 Silentio
1071 1405 1332 1446 praetereundum
1360 1415 1421 1435 non
1448 1409 1511 1446 est,
1538 1405 1568 1434 in
1584 1404 1741 1434 Mersukii
1767 1404 1924 1444 codice7e

136 1481 197 1512 quo
226 1471 364 1502 scholion
392 1471 569 1502 desumtum
597 1471 649 1511 sit,
679 1480 735 1510 pro
753 1470 860 1499 verbis
882 1472 993 1509 »(ωρ
1015 1466 1045 1512 ρΣ
1073 1468 1153 1498 male
1173 1467 1238 1508 legi
1264 1465 1405 1508 »ἀκωκὴ
1431 1466 1490 1496 sed
1510 1475 1566 1506 pro
1593 1465 1701 1496 verbis
1728 1463 1852 1512 §blatii
1872 1466 1923 1505 gn:

138 1535 249 1565 melius
278 1532 402 1581 *bk-:xli
430 1535 483 1575 gun
509 1531 618 1565 Ubi-el
647 1538 679 1563 et
705 1533 736 1562 in
763 1533 844 1562 linea
872 1532 979 1572 quinta
1005 1531 1068 1571 legi
1094 1527 1217 1575 ²³5?3l>
1244 1519 1357 1562 ιζεζλὲῖ
1384 1537 1468 1578 εγω.

138 1633 169 1661 2.
219 1632 264 1662 Tu
286 1633 495 1661 recordationi
516 1634 601 1665 anni,
627 1641 679 1670 (μη
699 1631 815 1669 infelix
837 1639 899 1658 non
918 1631 984 1667 fuit
1004 1632 1034 1658 et
1055 1632 1196 1657 tonantes
1219 1637 1281 1656 mm
1302 1630 1470 1665 separavit,
1493 1627 1645 1656 libertatis
1664 1629 1799 1663 pretium
1822 1627 1886 1656 sis!

254 1702 373 1732 Eadem
401 1712 481 1741 quae
508 1702 537 1731 in
565 1701 667 1740 priore
693 1709 792 1754 stet-su
821 1698 956 1736 dixerat,
984 1698 1101 1737 repetit
1128 1702 1160 1727 et
1189 1697 1388 1727 infortunium
1418 1697 1568 1737 temporis
1597 1696 1775 1736 praesentis
1811 1697 1924 1727 clarius

137 1764 266 1796 indicat.
317 1765 444 1794 Versus
472 1772 590 1793 sensus
617 1768 684 1791 est:
715 1762 853 1800 Tempus
881 1769 1035 1799 praesens
1063 1760 1123 1799 ipsi
1150 1760 1251 1789 minus
1286 1768 1394 1789 carum
1428 1768 1502 1789 esse
1529 1768 1621 1798 quam
1649 1759 1799 1798 temporis
1827 1768 1923 1797 prae-

140 1828 223 1858 teriti
249 1827 511 1866 recordationem,
540 1831 573 1856 ut
601 1831 727 1864 tempus
755 1825 814 1854 hoc
842 1833 897 1863 pro
926 1823 1078 1862 temporis
1107 1822 1269 1862 praeteriti
1297 1821 1517 1851 recordatione
1544 1821 1689 1850 lubenter
1721 1820 1851 1850 daturus
1870 1821 1922 1849 sit.

140 1890 258 1920 Vocem
285 1898 363 1930 &⁸5
393 1889 527 1918 infelicis
555 1888 815 1929 significationem
844 1886 972 1926 habere,
998 1886 1188 1915 scholiastes
1218 1895 1235 1914 e
1262 1884 1332 1914 loco
1356 1883 1472 1914 Corani
1499 1882 1573 1912 Sur.
1603 1882 1660 1921 41,
1693 1882 1734 1911 15
1764 1882 1916 1920 probavit.

140 1952 218 1981 Post
251 1952 383 1981 verbum
417 1950 470 2000 &2³9-
506 1951 661 1981 obiectum
697 1951 847 1980 omissum
882 1948 1019 1979 videtur.
1086 1947 1173 1977 Idem
1207 1945 1353 1985 loquendi
1389 1944 1501 1974 modus
1539 1943 1654 1973 Coi-an.
1682 1942 1755 1972 Sur.
1787 1943 1842 1983 1⁰7
1876 1942 1924 1973 29

140 2014 309 2044 invenitur.

971 2130 1110 2164 LIII.

773 2197 1141 2232 Alfarasdakus
1163 2193 1300 2228 «lixit.

800 2269 866 2310 (De
894 2274 990 2309 poeta
1015 2267 1096 2300 conf.
1123 2277 1152 2307 p.
1181 2267 1269 2305 ΓΗ).

145 2343 170 2371 1.
215 2342 468 2379 Quotiescunque
491 2345 612 2378 tempus
632 2344 742 2378 pectus
764 2352 856 2370 snum
878 2351 974 2378 super
996 2341 1136 2369 homines
1155 2338 1321 2375 protrahit,
1349 2338 1391 2366 ad
1412 2337 1490 2366 alios
1510 2337 1692 2374 procumbit.

241 2411 407 2450 Temporis
433 2410 672 2440 vicissitudines
699 2410 882 2440 describens
902 2410 1100 2440 calamitates
1127 2407 1277 2446 temporis
1304 2407 1342 2437 ab
1371 2417 1433 2437 una
1455 2412 1552 2448 gente
1574 2405 1612 2436 ad
1631 2405 1760 2435 alteram
1789 2406 1923 2434 transire

145 2473 231 2511 dicit,
259 2478 292 2502 ut
319 2482 410 2502 nemo
438 2482 571 2502 securus
598 2483 674 2502 esse
702 2473 814 2512 possit,
874 2473 1015 2511 Tempus
1049 2480 1119 2501 cum
1152 2470 1272 2500 camelo
1299 2472 1508 2510 comparavit,
1535 2469 1585 2508 qui
1612 2467 1821 2508 procumbens
1847 2475 1923 2505 pec-

146 2538 213 2563 tore
248 2535 364 2564 calloso
398 2534 521 2573 premit.
586 2535 702 2564 Similis
737 2534 930 2574 comparatio
967 2535 1096 2564 Hamas.
1126 2535 1189 2563 &1¹⁸0
1218 2543 1250 2564 v.
1279 2533 1299 2562 2
1328 2536 1383 2563 l⁵³vo
1409 2533 1429 2563 l.
1457 2533 1477 2563 2
1504 2532 1573 2562 infr.
1603 2530 1772 2560 invenitur.
1824 2530 1924 2559 Poeta

147 2595 297 2635 pluralem
323 2593 406 2633 ,ΚΜ
433 2596 593 2638 adhibuit,
628 2597 712 2638 quod
739 2602 863 2637 tempus
889 2597 997 2637 plures
1024 2595 1169 2627 homines
1195 2595 1285 2626 simul
1307 2595 1425 2626 adficit.
1477 2595 1511 2624 ln
1537 2602 1619 2623 voce
1638 2602 1688 2636 5?
1723 2591 1855 2631 (trahit)
1883 2592 1923 2621 nil
