2155 2892
890 156 1157 189 -325-

132 268 250 298 eorpus
280 260 467 290 emaciatum
495 258 614 289 habens
641 255 796 287 laudatur.
819 255 908 286 llam.
928 257 990 286 ἥθ’
1016 264 1046 288 v.
1074 256 1105 284 5.
1132 255 1174 284 ‘W‘l
1202 264 1232 285 v.
1262 254 1284 285 3
1311 259 1341 284 et
1369 255 1551 285 ventriosus
1579 255 1778 294 vituperatur
1804 253 1919 284 conf.

132 319 204 350 ibid.
241 323 282 349 *no
309 331 340 350 v.
378 321 411 352 7.
466 321 597 351 numeri
631 323 737 348 nutem
771 327 865 357 quum
893 317 972 358 largi
999 323 1032 347 et
1058 327 1153 347 carne
1184 318 1256 347 tecti
1282 327 1342 346 non
1370 324 1493 357 essent,
1522 319 1639 348 factum
1667 328 1743 348 esse
1770 317 1858 358 dicit,
1887 321 1920 348 ut

133 385 238 413 tunica
265 384 325 412 isto
352 384 418 413 locu
446 386 651 420 rumperetur.
690 380 831 410 Similem
858 388 984 409 sensum
1012 383 1104 418 poeta
1130 384 1286 418 sequente
1314 388 1412 408 versu
1439 382 1602 418 expressit
1631 380 1917 417 (inetr.'1'iinwil):

136 446 218 477 viri
246 446 390 476 tunica
417 446 453 475 in
479 443 610 474 mudio
639 451 815 481 corpore
843 451 919 471 uon
947 446 1037 471 crat
1065 445 1206 479 rupta,
1235 441 1311 471 sed
1339 443 1434 471 eius
1462 442 1619 472 humeri
1648 441 1763 484 (eam)
1791 443 1916 473 omui-

134 517 177 538 no
205 509 426 538 secabant.
492 507 541 536 De
571 506 716 545 loquendi
746 505 836 536 modo
864 502 951 548 5).th
979 507 1055 549 2⁵5⁵>
1083 505 1133 543 qui
1163 503 1191 532 iu
1219 504 1378 542 proverbii
1406 504 1664 534 consuetudinem
1692 506 1778 534 venit
1805 503 1918 546 (Meid.

140 572 178 602 C.
206 572 240 610 5,
272 571 368 610 1²8.)
395 570 542 601 conseras
568 570 724 600 llaririum
752 579 781 608 p.
809 570 859 598 ΠΨ·
885 568 954 598 infr.

135 670 165 697 2.
211 669 334 697 Paucas
357 671 388 696 in
411 668 507 696 oculis
527 669 672 706 festucas
695 668 822 700 liabens.
848 677 937 706 quem
960 670 1086 695 mortem
1109 676 1179 695 esse
1201 666 1388 694 sciebamus.
1412 667 1442 693 ai
1460 668 1528 693 eius
1553 665 1678 693 calamit
1699 662 1765 702 (1)-
1791 660 1917 703 557.)

730 721 809 748 tates
830 732 847 749 a
869 722 958 750 nobis
985 730 1046 750 non
1070 722 1299 750 avertebantur.

232 790 409 819 Custodem
436 790 518 819 inum
545 791 730 831 vigilantem
759 796 789 820 et
817 796 909 822 acuto
937 792 1010 820 visu
1039 790 1226 830 praeditum,
1247 789 1356 818 soi-tem
1378 794 1409 818 et
1431 789 1490 827 ipsi
1519 786 1729 827 periculosum
1760 786 1914 826 depingit.

135 852 243 882 Virum
273 852 312 882 ad
339 853 413 882 iram
442 862 571 892 pronum
599 858 630 882 et
659 852 740 883 hand
768 854 924 892 patienter
958 853 1098 883 dedecus
1135 854 1287 883 ferentem
1315 862 1403 892 esse,
1432 851 1617 882 Mersukius
1644 851 1728 882 dicit.
1783 850 1842 888 Qui
1870 851 1919 880 in-

133 916 244 946 iuriam
272 916 428 955 patienter
455 926 515 946 non
545 916 636 955 serat,
657 926 727 946 eum
753 910 838 956 &AB
865 916 933 962 &tr-
959 919 1059 962 OEms'q
1086 915 1109 945 ὃ
1141 926 1256 955 »super
1286 916 1429 945 festucas
1454 916 1621 954 palpebras
1649 923 1710 943 non
1741 913 1915 943 contrahit«

133 977 217 1008 dicit.
269 977 328 1008 Est
364 978 459 1019 igitur
486 978 638 1018 quaedam
665 979 743 1009 inter
770 984 913 1009 nostrum
943 979 1136 1009 scholiasten
1164 984 1196 1008 et
1223 980 1421 1008 Mersukium
1461 978 1631 1008 dissensio.
1684 977 1794 1008 Virum
1822 977 1920 1016 ilium⁷

134 1045 166 1069 ut
194 1040 264 1069 aliis
293 1040 593 1079 periculosissimum
624 1051 697 1072 esse
737 1047 770 1071 et
797 1047 928 1071 mortem
953 1041 1077 1070 adferre
1103 1040 1274 1081 significet,
1303 1045 1428 1070 mortem
1458 1043 1558 1080 ipsam
1588 1050 1683 1081 esse,
1712 1044 1804 1080 poeta
1832 1040 1921 1073 dixit.

135 1103 218 1133 lluic
245 1103 391 1142 loquendi
417 1103 508 1134 modo
536 1110 780 1135 consentaneum
807 1110 868 1143 est,
896 1104 979 1143 quod
1007 1108 1122 1142 poetae
1138 1107 1267 1132 mortem
1292 1108 1439 1143 tanquam
1467 1112 1634 1141 personam
1651 1102 1797 1132 inducant
1817 1103 1920 1133 conf.

137 1178 229 1208 Ham.
257 1188 286 1218 p.
313 1191 346 1207 ΑΛ
374 1188 404 1208 v.
435 1179 456 1208 2
483 1189 513 1218 p.
540 1178 595 1209 fro
610 1189 641 1209 v.
661 1180 726 1220 5p.
753 1181 793 1208 vt·
821 1179 888 1209 infr.
918 1180 1004 1209 hoco
1033 1179 1126 1208 vocis
1154 1180 1212 1222 ,an-'³'
1239 1177 1277 1206 ab
1305 1177 1376 1207 aliis
1405 1181 1460 1207 aut
1478 1161 1533 1218 >⁰²³²
1561 1178 1733 1216 (avertitur
1760 1187 1778 1207 a
1809 1178 1919 1219 nobis)

134 1257 190 1282 aut
223 1240 308 1291 dili,
334 1263 432 1283 sensu
459 1253 540 1284 haud
567 1254 698 1284 multum
725 1254 865 1292 diverse,
892 1255 1017 1295 legitur.
1081 1253 1157 1284 Vox
1188 1249 1255 1287 &ab
1282 1262 1301 1282 a
1326 1252 1426 1282 verbo
1459 1246 1513 1292 01:
1547 1251 1705 1282 accidit.
1750 1250 1924 1281 derivanda

133 1320 196 1356 est,
224 1321 258 1345 ut
284 1325 352 1346 res
377 1316 575 1346 accidens
603 1316 656 1346 sit.
707 1316 806 1346 Poeta
833 1319 865 1346 in
892 1321 1049 1356 sequente
1076 1324 1174 1345 versu
1201 1315 1334 1344 verbum
1362 1314 1501 1348 adhibuit
1528 1310 1633 1357 (metr.
1662 1311 1802 1356 U'afir):
1828 1315 1924 1344 Eam

133 1377 314 1416 (equam)
342 1377 508 1408 circum
536 1379 757 1409 tentorium
792 1383 981 1409 nostrum
1021 1386 1151 1420 prope
1189 1375 1341 1406 domum
1387 1379 1599 1406 retentam
1650 1374 1801 1417 vides,
1844 1375 1921 1406 sed

134 1447 247 1478 quum
275 1448 398 1470 casus
425 1440 544 1469 nobis
572 1441 845 1480 supervenit,
873 1450 955 1470 eam
983 1441 1186 1471 munifice
1214 1441 1361 1470 damus.

133 1536 169 1566 3.
213 1535 268 1565 Ad
287 1535 372 1565 lalus
394 1538 599 1566 transivimus
622 1540 652 1566 et
672 1541 738 1566 lum
759 1538 892 1566 salutem
916 1539 1066 1567 elisimus.
1119 1539 1154 1567 Is
1187 1541 1289 1566 autem
1311 1538 1426 1564 invitus
1449 1536 1583 1565 salutem
1607 1536 1748 1569 reddidit,
1773 1536 1846 1564 dum
1870 1537 1918 1563 im

787 1592 855 1620 eius
874 1592 1016 1628 iugulum
1038 1592 1269 1628 comprimebat.

234 1657 338 1696 Quum
365 1657 404 1688 ad
431 1658 512 1688 latus
539 1659 660 1689 illarum
687 1659 872 1690 feminarum
894 1662 1129 1700 pervenissent,
1158 1664 1269 1690 custos
1289 1668 1383 1698 quum
1400 1659 1534 1689 salutem
1551 1657 1685 1688 reddere
1711 1659 1833 1688 evitare
1861 1667 1922 1687 non

136 1725 258 1759 posset,
297 1719 327 1749 id
353 1719 427 1749 fecit
461 1719 557 1750 invito
588 1722 692 1750 animo
725 1727 757 1750 et
779 1722 825 1751 ira
853 1722 977 1760 plenus.
1019 1723 1093 1753 Vox
1122 1722 1201 1767 &50²
1229 1723 1329 1752 statui
1357 1722 1441 1752 iliius
1470 1721 1612 1752 custodis
1635 1721 1843 1752 describendo
1871 1723 1920 1751 in-

137 1782 249 1813 servit.
299 1781 496 1812 Scholiastes
523 1782 697 1821 adnotavit,
729 1784 758 1812 in
786 1784 876 1823 poesi
906 1784 1219 1814 Ebu-Aldomainahi
1248 1793 1303 1823 pro
1331 1784 1455 1824 vulgari
1482 1784 1611 1825 legendi
1638 1786 1726 1815 modo
1754 1783 1852 1815 Ena-idi
1878 1800 1920 1823 ο..

135 1844 269 1874 inveniri
296 1841 390 1874 „baali
416 1859 470 1883 (χο,
497 1854 560 1884 qua
587 1854 666 1874 voce
693 1855 832 1876 summus
847 1856 971 1877 moeror
998 1847 1208 1888 significetur.
1235 1847 1326 1878 Haec
1354 1856 1460 1877 autem
1475 1857 1541 1877 vox
1555 1849 1701 1886 sequenti
1721 1848 1793 1876 voci
1814 1845 1921 1878 »idat-⁶>

135 1907 269 1936 maxime
296 1907 466 1946 convenit,
504 1916 593 1945 quum
629 1916 752 1936 summo
780 1918 922 1939 moerore
949 1916 1058 1949 guttur
1087 1910 1174 1939 nobis
1203 1912 1293 1948 quasi
1320 1910 1529 1940 constrictum
1556 1910 1743 1939 sentiamus.
1796 1910 1916 1939 Vocem

135 1969 163 1998 in
191 1974 341 2007 sequente
369 1977 462 1998 versu
490 1968 658 1998 adhibitam
685 1970 863 1999 invenimus
891 1972 1003 2007 (metr.
1020 1970 1179 2008 'l'hawil):
1202 1970 1331 2007 Quum
1361 1979 1431 2000 nos
1458 1971 1650 2011 graviter
1678 1976 1843 2012 angunt
1870 1972 1925 2001 in-

138 2032 246 2061 iuria
283 2031 572 2067 adficientcs,
615 2033 742 2062 nobis
775 2035 924 2061 contra
965 2040 1109 2061 eorum
1147 2042 1381 2063 moerorem
1418 2034 1628 2064 auxilium
1655 2033 1741 2063 fert
1767 2033 1922 2064 donum

136 2095 212 2124 Dei
252 2096 435 2134 amptum.
467 2097 545 2126 Voci
572 2099 664 2147 8³:⁴⁵3
691 2094 879 2125 adflictionis
907 2094 1094 2134 significatio
1122 2096 1282 2125 convenit.
1318 2095 1522 2125 scholiastae
1550 2096 1579 2124 in
1605 2095 1714 2124 verbis
1742 2096 1924 2126 Alahschae

137 2157 256 2186 formae
284 2162 412 2195 quartae
439 2157 610 2198 adfligendi
637 2156 829 2198 significatio
859 2157 974 2186 tributa
1002 2156 1126 2186 videtur
1154 2160 1261 2195 (metr,
1289 2157 1502 2195 MotakaribJ:
1532 2158 1590 2187 Tu
1618 2157 1821 2187 dominum
1859 2158 1924 2187 ad-

137 2218 299 2249 ftixisti
325 2224 364 2248 et
392 2224 429 2248 tu
458 2220 650 2249 vicinum
678 2219 908 2249 adflixisti.

137 2317 169 2345 4.
213 2316 258 2344 Et
276 2325 333 2352 per
355 2315 500 2344 milliaris
521 2318 656 2352 spatium
680 2326 750 2345 cum
773 2327 806 2345 eo
830 2319 888 2345 iler
907 2318 974 2355 feci
993 2320 1024 2345 e!
1045 2320 1166 2346 utinam
1190 2328 1254 2355 eqo,
1277 2319 1425 2356 quamdin
1446 2320 1478 2346 in
1501 2320 1577 2346 ciris
1599 2321 1654 2350 est,
1677 2327 1863 2355 quamquam
1888 2317 1924 2344 ab

773 2380 807 2399 eo
830 2371 962 2405 alienus,
987 2373 1056 2400 eius
1077 2375 1182 2401 socius
1204 2375 1262 2401 sim
1270 2372 1284 2401 !

249 2437 315 2468 Res
351 2444 464 2478 postea
499 2437 681 2468 accidentes
708 2439 859 2470 describit
885 2445 917 2470 et
943 2445 1044 2479 optat,
1074 2447 1108 2471 ut
1135 2441 1228 2471 huius
1257 2441 1315 2471 viri
1337 2450 1464 2478 semper
1499 2438 1606 2468 socius
1632 2440 1692 2478 sit,
1721 2439 1834 2478 quippe
1863 2439 1914 2468 fe·-

137 2499 288 2530 minarum
315 2500 488 2540 adspectus
516 2500 545 2530 ei
579 2505 665 2530 tanto
692 2501 809 2542 gaudio
835 2503 886 2543 sit,
915 2509 948 2533 ut
977 2505 1078 2534 virum
1106 2504 1186 2535 illum
1213 2504 1272 2542 ipsi
1304 2503 1437 2532 invisum
1464 2502 1596 2531 libenter
1622 2501 1714 2534 ferat.

137 2595 169 2625 5.
213 2596 258 2624 ΕΙ
279 2606 373 2635 quum
396 2607 432 2626 ea
452 2598 588 2633 adisset,
614 2606 675 2625 non
697 2607 766 2625 esse
794 2599 996 2627 eom-emendi
1016 2599 1201 2636 fucullnlem
1229 2599 1357 2634 eiusque
1386 2599 1550 2625 tentorium
1580 2600 1729 2635 {anquam
1751 2600 1917 2626 terminum

706 2653 914 2687 separationis
936 2655 1045 2680 contra
1068 2661 1125 2679 nos
1144 2653 1246 2688 fisum
1269 2659 1346 2685 esse,
