2155 2892
929 129 1198 161 —186—

173 241 279 267 autem
305 235 344 265 ob
372 233 444 263 talis
471 232 527 263 filii
553 236 686 263 mortem
713 232 812 270 dolet,
838 231 900 272 qui,
929 232 957 261 si
984 231 1024 261 ad
1050 235 1201 262 maturam
1228 235 1368 261 aetatem
1395 228 1614 269 pervenisset,
1642 228 1700 257 toti
1723 228 1863 259 Arabum
1878 230 1966 270 genti

174 299 279 329 decori
305 297 410 327 futura
438 296 566 326 fuisset.
620 295 651 325 A
678 295 835 326 Modharo
869 293 933 324 filio
967 294 1077 325 Nisari
1112 292 1236 332 (conf.
1271 291 1496 322 Ebn-Kotaib
1521 301 1550 330 p.
1580 291 1626 321 65
1653 291 1720 330 sq.)
1747 300 1843 330 quum
1871 293 1966 322 maior

175 361 314 390 Arabum
340 368 416 399 pars
445 359 601 400 originem
628 357 766 398 duxerit,
795 357 858 388 hoc
884 356 915 386 in
941 365 1041 386 versu
1068 365 1183 386 nomen
1209 360 1311 386 totum
1337 354 1477 385 Arabum
1504 363 1607 395 genus
1635 352 1794 394 designat.

173 472 205 499 2.
230 468 435 506 Schaylzhum
458 470 566 505 arnisi,
591 469 665 498 dum
688 468 724 497 ob
746 458 948 496 senectutem*
962 475 1079 495 curvus
1103 466 1197 493 arcui
1216 463 1329 493 similis
1347 464 1458 502 factus
1479 473 1565 492 eram
1587 466 1618 491 et
1638 471 1732 501 quam
1754 471 1874 500 pravae
1895 465 1971 490 sunt

659 522 740 551 duae
760 520 896 554 indoles,
921 522 1025 549 statas
1044 519 1109 557 filio
1132 518 1232 546 orbati
1253 520 1283 545 et
1304 515 1475 546 seneclus!

274 592 438 634 Queritur7
465 601 500 623 se
528 601 639 622 senem
666 590 729 621 filio
757 590 917 630 privatum
945 598 1031 618 esse.
1084 587 1295 617 Senectutem
1323 591 1430 616 autem
1459 590 1604 624 tanquam
1632 586 1692 615 sibi
1719 585 1909 625 molestam,
1937 587 1971 613 ut

176 654 231 685 filii
258 654 407 685 auxilium
433 655 493 694 ipsi
513 663 594 694 opus
614 653 718 694 suerit,
747 652 920 692 descripsit
945 656 978 681 et
1005 659 1140 692 gemens
1168 649 1259 691 dixit,
1288 649 1509 691 grandaevum
1536 653 1567 680 et
1593 649 1682 680 simul
1709 648 1782 679 filiis
1809 648 1970 688 privatum

176 727 253 747 esse
280 726 336 757 pro
362 725 481 746 summo
508 716 591 746 malo
618 714 807 748 habendum.

177 829 209 858 3.
236 828 365 858 Utinam
388 829 508 855 montes
529 827 564 855 in
590 825 752 866 pulverem
783 826 965 853 comminuti
991 824 1187 852 corruissent
1215 824 1249 851 in
1281 822 1361 857 loco,
1393 821 1448 851 ube·
1472 824 1653 859 prostratus
1685 825 1733 849 est
1760 824 1791 850 et
1817 830 1857 850 ne
1889 821 1971 859 Iapis

672 879 796 917 qualem
819 888 862 907 es:
884 888 990 907 eorum
1010 878 1230 917 fulciminibus
1252 875 1479 906 remansisset!

279 951 351 980 Hoc
379 950 409 979 in
436 957 534 979 versu
563 957 718 988 apparere
746 948 884 985 videtur,
914 957 985 978 eum
1012 949 1042 977 in
1070 956 1180 988 pugna
1207 951 1402 986 prostratum
1433 946 1582 986 periisse,
1610 955 1703 986 quum
1733 950 1829 985 poeta
1855 955 1971 976 vocem

177 1024 272 1065 {5⁴²⁸
289 1012 476 1044 adhibuerit.
505 1012 641 1053 Optans,
670 1016 704 1041 ut
721 1015 844 1041 montes
860 1010 1069 1048 corruissent,
1095 1019 1248 1040 summum
1263 1018 1440 1038 moerorem
1456 1007 1607 1038 ostendit.
1636 1008 1667 1038 V
1670 1008 1781 1037 erbum
1797 1005 1894 1044 &io-'a'
1913 1007 1971 1037 ad-

179 1078 317 1118 hibetur,
336 1085 430 1117 quum
444 1076 552 1115 plures
566 1074 611 1104 rei
626 1078 735 1114 partes
749 1078 913 1104 corruunt.
941 1071 1105 1102 Montibus
1123 1077 1228 1102 autem
1244 1070 1423 1111 columnae,
1439 1070 1551 1109 quibus
1566 1070 1718 1109 nituntur,
1737 1068 1872 1099 tributae
1888 1071 1972 1098 sunt.

1011 1178 1145 1212 (¹111.

692 1247 834 1281 Alius
858 1246 1014 1279 finum
1038 1245 1302 1287 deplorans
1327 1243 1463 1277 «lixit.

180 1321 209 1349 1.
254 1319 355 1356 Quam
379 1320 455 1348 bene
476 1322 622 1356 eqeranl,
659 1319 713 1356 qai
742 1316 874 1354 vespera
901 1320 931 1345 te
951 1314 1182 1352 sepeliverunt!
1225 1315 1340 1343 Nonne
1362 1324 1415 1343 eos
1436 1313 1588 1347 lerrebat,
1620 1312 1704 1351 quod
1723 1311 1778 1340 tibi
1798 1312 1924 1340 imberbi
1943 1313 1975 1340 in

833 1371 980 1407 sepulcro
1004 1370 1208 1398 habitandum
1233 1369 1327 1398 erat?

257 1443 316 1482 Qui
333 1442 428 1473 filium
448 1451 540 1473 suum
553 1440 774 1481 sepeliverint‚
793 1449 850 1470 eos
872 1439 998 1479 laudat3
1019 1438 1076 1468 scd
1096 1439 1188 1479 quasi
1207 1438 1377 1476 admirans,
1397 1437 1480 1478 quod
1500 1437 1689 1468 adolescens
1708 1437 1856 1466 imberbis
1874 1440 1975 1465 morte

183 1507 333 1545 abreptus
360 1506 413 1546 sit,
442 1504 593 1545 queritur.
646 1505 808 1534 Mortuum
836 1503 976 1542 sepelire
1002 1501 1148 1531 beneficii
1177 1502 1244 1531 loco
1272 1501 1446 1531 habebatur
1474 1506 1506 1530 et
1532 1501 1614 1531 hanc
1640 1501 1679 1531 ob
1708 1509 1838 1530 causam
1866 1499 1975 1530 verbis

174 1574 214 1614 y>
240 1565 270 1596 ὠ
299 1572 359 1598 ete.
387 1571 484 1607 poeta
511 1575 589 1597 usus
617 1570 680 1596 est.
733 1566 808 1596 Vox
824 1570 867 1611 y)
890 1565 1017 1604 proprie
1044 1565 1169 1595 fluxum
1199 1566 1291 1595 lactis
1320 1565 1444 1605 largum
1471 1564 1646 1605 designans
1679 1564 1708 1592 in
1734 1563 1847 1593 bonum
1875 1563 1975 1592 bene-

183 1631 346 1670 ficiumque
373 1629 539 1660 transferri
570 1632 685 1669 potest.
740 1628 841 1659 Omne
869 1638 1017 1668 magnum
1047 1628 1077 1657 in
1104 1637 1161 1657 suo
1189 1637 1309 1668 genere
1337 1627 1406 1656 Deo
1427 1625 1585 1666 tribuitur)
1614 1629 1647 1654 ut
1666 1624 1704 1654 ad
1724 1625 1856 1654 verbum
1876 1632 1976 1653 voces

183 1694 254 1724 illae
279 1692 456 1722 vertendae
483 1692 562 1720 sint:
589 1691 657 1720 Deo
685 1695 737 1720 est
764 1690 874 1720 fluxus
902 1691 1012 1732 largus
1042 1695 1101 1720 etc.
1130 1689 1234 1722 conf,
1261 1689 1366 1718 Harir.
1396 1699 1424 1728 p.
1455 1690 1519 1717 tull.
1558 1688 1591 1716 In
1615 1671 1700 1717 voce
1718 1684 1875 1722 exstasse&
1902 1685 1976 1715 suf-

184 1754 281 1784 fixum
309 1759 456 1792 tanquam
483 1752 706 1782 accusativum
735 1762 804 1782 cum
832 1752 1018 1791 participio,
1055 1760 1242 1791 quamquam
1274 1751 1335 1781 hoc
1362 1755 1509 1791 tauquam
1536 1758 1649 1780 nomen
1677 1750 1841 1780 articulum
1869 1748 1975 1784 habet,

184 1818 387 1848 coniunctum
405 1822 466 1846 est.
494 1816 564 1845 Hoc
582 1820 689 1845 autem
708 1814 809 1844 locum
825 1813 943 1843 habere
961 1818 1080 1854 potest!⁸
1100 1812 1182 1852 quod
1197 1808 1344 1852 2⁴53&ssss
1362 1812 1442 1842 idem
1459 1817 1511 1841 est
1531 1821 1569 1841 ac
1586 1811 1614 1841 si
1628 1810 1742 1841 dixerit
1758 1807 1864 1850 6950
1875 1802 1975 1854 0ὲὸὁῖ

185 1880 303 1910 confer.
333 1879 443 1910 Gram.
472 1879 526 1908 Ar.
555 1878 591 1907 T.
619 1877 656 1906 ΙΙ.
685 1887 713 1916 p.
748 1876 814 1906 184
831 1885 880 1916 sq.
935 1875 1150 1915 Scholiastes,
1179 1884 1302 1915 vocem,
1329 1875 1357 1904 si
1384 1875 1516 1904 articulo
1545 1873 1692 1914 gaudeat,
1723 1882 1793 1902 raro
1821 1881 1891 1919 cuxm
1920 1881 1978 1900 se·-

185 1947 302 1982 quente
328 1951 410 1972 voce
436 1940 596 1981 coniungi,
626 1938 800 1970 adnotavit.
855 1939 929 1968 Vox
960 1937 1050 1981 ²⁴>y⁰51
1088 1939 1117 1967 iu
1155 1948 1215 1977 qua
1250 1938 1356 1967 littera
1385 1936 1453 1966 Alif
1484 1934 1718 1965 homoioteleuti
1747 1943 1844 1963 causa
1872 1932 1978 1962 addita

186 2010 248 2045 est,
275 2004 385 2034 suffixi
411 2004 502 2034 vocis
530 1999 627 2044 §522⁸
654 2002 749 2032 statui
776 2000 987 2031 describendo
1014 2001 1157 2031 inservit.
1211 2000 1435 2039 Scholiastes‚
1463 2008 1575 2028 vocem
1607 1998 1645 2027 ab
1674 1997 1784 2027 arbore
1811 1996 1893 2026 soliis
1921 2005 1978 2026 ca-

186 2072 276 2097 rente
302 2072 335 2097 et
361 2076 458 2096 arena
485 2065 591 2096 herbis
618 2065 702 2095 nuda
729 2064 758 2094 in
787 2064 944 2094 hominem
971 2063 1159 2093 translatam
1187 2072 1273 2102 esse,
1302 2067 1401 2101 putat.

186 2178 218 2206 2.
246 2176 407 2213 Tanquam
431 2176 530 2203 vicino
552 2176 665 2211 gentis,
690 2176 771 2202 inter
794 2182 888 2211 qnam
911 2175 1020 2202 mutan
1041 2175 1174 2202 visitatio
1197 2182 1259 2202 non
1283 2175 1338 2207 est,
1362 2181 1455 2209 qaam
1478 2174 1533 2209 qni
1555 2173 1587 2199 in
1610 2170 1750 2199 domibus
1772 2170 1841 2198 suis
1863 2169 1976 2202 visitat,

924 2229 989 2255 vila
1011 2231 1155 2256 carentes
1180 2229 1292 2257 visitat.

287 2300 450 2329 Mortuum
479 2298 507 2326 in
526 2297 674 2336 sepulcro
694 2295 849 2335 habitare,
881 2296 981 2336 magis
1001 2289 1153 2325 exornat-⁸
1178 2295 1240 2333 Qui
1260 2298 1343 2325 inter
1363 2299 1505 2324 mortuos
1523 2293 1653 2335 habitet,
1682 2302 1765 2331 eum,
1794 2301 1980 2332 quamquam

188 2362 353 2392 multorum
385 2360 507 2390 vicinus
534 2359 588 2397 sit,
617 2362 718 2389 tamen
746 2357 907 2388 consortio
934 2366 1056 2399 carere,
1084 2367 1179 2397 quum
1204 2357 1299 2388 vicini
1326 2357 1395 2387 vita
1412 2357 1528 2397 privati
1545 2356 1618 2387 sint.
1647 2355 1848 2386 Scholiastes
1867 2364 1980 2385 vocem

189 2428 271 2457 low-0
297 2423 424 2463 proprie
452 2423 481 2451 in
509 2422 582 2462 igne
606 2421 773 2452 adhibitam
800 2422 830 2450 in
859 2420 939 2450 alias
967 2429 1019 2449 res
1048 2420 1235 2449 translatam
1260 2429 1336 2450 esse
1364 2419 1457 2458 dicit3
1495 2425 1560 2449 tum
1588 2418 1626 2449 ad
1660 2427 1772 2448 vocem
1798 2423 1838 2461 y>
1866 2419 1979 2457 prioris

189 2496 306 2515 versus
333 2484 555 2524 explicandam
583 2483 673 2513 redit.
735 2482 858 2512 Vocem
893 2482 1020 2520 proprie
1057 2490 1171 2511 nornen
1199 2481 1333 2511 actionis
1361 2482 1391 2511 in
1417 2491 1517 2511 versu
1543 2479 1803 2522 significationem
1830 2480 1980 2510 intransi—

190 2548 286 2577 tivam
315 2547 443 2587 habere,
471 2552 505 2576 ut
534 2546 561 2575 ei
591 2546 687 2576 boni
716 2545 828 2589 (βά)
853 2543 1045 2585 significatio
1073 2543 1187 2573 tributa
1214 2544 1277 2585 sit,
1307 2553 1411 2583 neque
1435 2552 1515 2573 vero
1540 2547 1595 2572 aut
1620 2546 1768 2581 tanquam
1796 2542 1979 2572 adverbium

190 2612 339 2648 temporis
368 2614 400 2639 et
426 2610 484 2639 loci
513 2614 567 2640 aut
595 2607 634 2638 ad
660 2611 774 2638 statum
801 2605 1040 2637 describendum
1068 2605 1219 2638 adhiberi,
1272 2607 1341 2637 Hic.
1359 2611 1463 2637 autem
1485 2606 1513 2635 in
1535 2604 1665 2634 vocibus
1687 2603 1884 2643 explicandis
1903 2603 1978 2632 ordo
