2155 2892
894 135 1170 165 —512—

962 263 1121 297 val.

903 330 1046 364 Alius
1069 330 1200 364 «lixit.

151 401 180 431 1.
224 400 271 429 0!
290 401 378 429 Deus
401 399 542 428 homines
564 398 745 437 detestetur,
768 408 862 437 quiam
895 403 1194 436 commemorantur,
1224 403 1348 437 yentem
1372 399 1545 432 ΑΙιηιίναΙι,
1572 400 1686 429 tribum
1709 402 1946 437 vituperationis

937 458 967 483 et
987 455 1158 484 dedecoris.

249 524 399 554 Secunda
425 525 554 563 species
580 523 671 553 metri
698 523 862 553 Basith
889 524 1048 563 appellati.
1076 523 1155 553 Post
1182 523 1351 553 invocandi
1379 524 1578 562 particulam,
1606 533 1774 563 personam
1811 523 1943 553 invoca-

149 591 225 625 tam,
253 586 452 616 homines
479 595 523 615 sc.
553 587 705 615 omissam
735 595 811 615 esse
840 589 871 616 et
899 595 1001 615 voces
1029 591 1177 628 ἦμες-ς’»)
1206 585 1272 615 loco
1294 585 1431 624 appositi
1446 595 1532 625 esse,
1553 586 1747 616 scholiastes
1763 585 1939 615 adnotavit.

148 649 215 679 Cur
239 649 338 678 verba
357 647 464 689 ,lo-9,
487 652 550 678 etc.
579 648 646 677 loco
675 648 806 678 secundi
834 648 970 687 adpositi
996 647 1078 678 conf.
1107 646 1218 677 Gram.
1244 647 1301 676 Ar.
1331 647 1367 675 T.
1399 647 1425 675 ΙΙ
1452 656 1482 685 p.
1511 646 1581 676 318
1609 652 1673 677 not.
1706 647 1737 677 2.
1766 657 1827 676 non
1848 655 1943 685 esse3

147 710 206 740 sed
232 721 250 740 a
272 712 371 741 verbo
400 710 601 750 vituperandi
630 711 708 750 regi,
724 714 757 740 ut
783 720 849 740 vox
870 709 942 754 5535
967 711 1155 750 suppleatur
1185 709 1309 747 (conf.
1338 708 1448 740 Gram.
1480 711 1533 739 Ar.
1563 710 1641 740 T.11
1654 720 1683 749 p.
1705 710 1794 749 94),
1814 709 1941 744 dixerit,

147 784 276 805 causam
304 785 365 804 non
393 775 530 804 invenio.
559 775 622 803 Hic
643 773 820 812 explicandi
836 773 949 803 modus
969 773 998 802 in
1013 772 1171 802 Mersukii
1188 771 1296 801 codice
1316 773 1482 811 reperitur,
1498 772 1528 801 in
1551 774 1642 801 cuius
1660 776 1750 802 textu
1768 770 1838 818 vm
1856 769 1940 810 ..la-m>

149 838 200 866 »in
216 837 315 868 medio
334 838 599 876 vituperationis«
616 836 741 876 legitur.
768 834 829 873 Qui
844 834 972 876 legendi
992 834 1102 865 modus
1121 835 1149 864 si
1166 834 1326 874 recipitur,
1348 835 1448 864 verba
1464 835 1532 864 loco
1556 834 1734 864 definiendo
1753 835 1941 865 inserviunt.

145 947 177 974 2.
220 944 311 975 Gens
333 948 399 983 est,
423 954 521 983 quae,
544 947 575 973 si
594 954 725 982 prm-am
750 945 867 982 aqemli
886 945 1009 973 modum
1031 944 1196 982 relinquit,
1219 946 1252 972 in
1275 944 1408 973 alterum
1431 954 1466 972 se
1487 945 1623 972 immisti!
1642 953 1711 973 eum
1733 945 1857 971 omnino
1878 952 1940 971 non

957 999 1132 1028 occultans.

257 1066 373 1097 Gentis
408 1068 630 1107 turpitudinem
665 1069 806 1108 pluribus
840 1068 1000 1099 describit.
1061 1069 1196 1097 Tantam
1224 1075 1299 1096 esse
1326 1065 1410 1105 dicit,
1439 1070 1474 1095 ut
1500 1075 1629 1104 semper
1655 1075 1755 1105 prave
1790 1069 1867 1106 agat
1905 1071 1938 1095 et

142 1130 223 1161 hunc
249 1130 364 1171 agendi
392 1131 514 1161 modum
542 1134 633 1170 quasi
660 1132 742 1161 velis
772 1137 908 1172 tegens,
946 1141 1041 1171 quum
1068 1130 1169 1170 pudor
1196 1130 1301 1160 nullus
1328 1130 1381 1170 sit,
1419 1137 1481 1158 non
1508 1129 1656 1159 occultet.
1711 1129 1796 1157 Ante
1825 1136 1938 1157 vocem

143 1196 192 1242 βξ
213 1193 387 1223 subiectum
412 1197 454 1240 ,A
473 1194 625 1224 omissum
654 1199 714 1224 est.

932 1338 1136 1372 van.

169 1415 313 1450 Alius
335 1415 636 1458 oppidanum
656 1416 993 1458 pen-stringens
1018 1419 1064 1451 et
1087 1417 1267 1451 deserti
1292 1417 1501 1451 incolam
1527 1417 1736 1451 laudans
1761 1416 1899 1450 «lixit.

141 1485 168 1514 Ι.
213 1486 383 1516 Desertum
403 1495 594 1523 peraqrans,
618 1487 660 1515 ibi
681 1487 842 1514 abstinens
863 1486 998 1515 oleribus
1020 1496 1083 1516 non
1103 1489 1241 1516 vescitur
1264 1490 1294 1516 et
1314 1489 1347 1515 in
1369 1489 1526 1524 reyionem
1550 1487 1665 1515 cultam
1688 1495 1750 1514 mm
1773 1488 1863 1516 venit.

252 1555 383 1585 Deserti
413 1556 546 1585 incolam
575 1555 736 1593 describit,
764 1556 814 1594 qui
841 1556 948 1586 herbis
975 1566 1012 1586 se
1039 1567 1100 1586 non
1120 1557 1221 1591 alens,
1252 1558 1335 1587 lacte
1362 1561 1394 1586 et
1421 1566 1517 1586 carne
1544 1561 1695 1585 vescatur
1723 1561 1753 1585 et
1783 1556 1930 1596 regiones

140 1617 240 1646 cultas
268 1619 380 1646 evitet.
435 1618 526 1647 Voce
553 1620 644 1664 φυτ-
663 1628 732 1647 eum
758 1627 776 1647 a
804 1619 886 1658 cibo,
915 1628 976 1657 quo
1004 1619 1180 1658 oppidanus
1208 1619 1415 1648 adsuefactus
1445 1619 1495 1656 sit,
1516 1619 1675 1648 abstinere
1701 1618 1810 1648 dicere
1839 1619 1928 1659 vult3

138 1680 196 1709 sed
210 1682 299 1723 *535²
319 1689 453 1720 quoque,
473 1690 531 1720 qua
547 1690 627 1710 voce
645 1691 663 1719 p
678 1690 694 1710 a
706 1686 717 1710 t
729 1681 735 1709 i
747 1690 763 1710 e
776 1691 793 1710 n
805 1690 818 1711 s
835 1681 1033 1721 designatur,
1045 1681 1170 1722 legitur.
1191 1680 1315 1710 Deserti
1330 1680 1461 1718 incolae,
1476 1690 1569 1719 quum
1589 1680 1698 1709 variae
1714 1680 1750 1709 iis
1766 1679 1932 1710 molestiae

138 1754 288 1784 ferendae
319 1755 392 1794 sint,
420 1756 580 1794 patientes
609 1755 824 1786 inveniuntur.
878 1755 944 1785 Sed
972 1756 1101 1797 legitur:
1129 1758 1218 1799 μέλ-ε
1249 1743 1291 1791 agl
1319 1760 1379 1792 ὠή.)
1398 1758 1506 1795 ῳϋῷ.
1556 1755 1711 1785 »Deserta
1745 1763 1930 1794 peragrans,

137 1814 197 1854 (p.
221 1812 351 1856 (3⁴26.)
378 1819 501 1849 validus
531 1828 624 1859 voce,
652 1820 811 1858 patiens».
852 1820 926 1849 Vox
953 1816 993 1854 agi
1022 1829 1039 1848 a
1067 1818 1240 1848 scholiaste
1268 1819 1403 1848 vocibus
1431 1830 1524 1855 an
1551 1822 1581 1848 et
1608 1816 1714 1854 joi-{iffa
1741 1817 1930 1857 explicatur,

136 1882 247 1921 quibus
268 1883 424 1911 clamosus
452 1886 484 1911 et
514 1881 653 1922 vigilans
680 1881 891 1922 significatur.
946 1881 1037 1919 Quae
1066 1891 1131 1911 vox
1160 1890 1346 1922 quamquam
1377 1882 1415 1911 ad
1442 1882 1560 1912 deserti
1588 1882 1721 1911 incolam
1742 1880 1929 1910 describen-

135 1943 206 1973 dum
234 1953 294 1972 non
322 1944 452 1973 multum
481 1944 588 1973 facere
617 1943 751 1981 videtur,
779 1947 882 1973 tamen
910 1954 1016 1974 acrem
1043 1945 1145 1973 animo
1173 1944 1397 1984 audacemque,
1416 1945 1534 1983 quippe
1561 1944 1591 1973 in
1619 1944 1694 1974 forti
1719 1953 1799 1974 voce
1827 1943 1929 1974 auda-

136 2004 202 2034 ciae
229 2005 376 2034 indicium
404 2007 467 2045 sit,
505 2005 671 2045 designare
708 2009 823 2044 potest.
878 2006 959 2035 Eum
986 2007 1123 2036 oleribus
1152 2006 1234 2036 haud
1262 2007 1353 2037 vesci
1381 2007 1467 2047 dicit,
1497 2011 1530 2035 nt
1558 2016 1629 2036 eum
1658 2006 1823 2036 robustum
1850 2015 1926 2035 esse

134 2066 305 2107 significet.
358 2068 432 2097 Vox
459 2066 519 2112 αἱ)
549 2069 578 2097 in
607 2069 705 2107 prima
733 2067 834 2097 forma
861 2068 972 2098 eodem
1002 2069 1092 2098 modo
1120 2079 1156 2099 ac
1184 2081 1232 2116 ἐς)
1260 2074 1292 2099 et
1318 2067 1605 2110 Qpssadhibetur.
1641 2069 1728 2098 Loco
1756 2068 1924 2097 verborum

132 2138 180 2174 ἐξ)
206 2141 248 2164 0-
273 2128 385 2157 beatus
417 2128 455 2157 (le
483 2129 609 2168 Sacyus
637 2141 685 2177 ὃ)
711 2131 772 2167 ῥέα
797 2130 859 2170 legi
889 2131 975 2169 vult,
1005 2131 1062 2160 sed
1083 2132 1276 2170 praepositio
1295 2145 1337 2168 ψη
1355 2140 1541 2170 quamquain
1562 2130 1686 2159 dubium
1715 2130 1787 2159 mihi
1817 2133 1924 2158 movet

133 2195 165 2220 et
191 2199 256 2219 vox
280 2190 341 2226 ῥέε»
368 2191 477 2219 sensui
501 2191 602 2229 aptior
632 2192 768 2232 videtur,
795 2198 901 2222 tamen
930 2193 1057 2222 silentio
1078 2192 1393 2231 praetermittendum
1422 2201 1481 2221 non
1502 2195 1563 2233 est,
1587 2192 1615 2220 in
1638 2192 1781 2232 margine
1803 2190 1921 2221 codicis

131 2251 284 2280 Mersnkii
314 2252 581 2290 praepositionem
609 2267 650 2290 ψη
677 2253 871 2292 adscriptam
898 2254 1043 2294 inveniri,
1069 2259 1103 2284 ut
1126 2255 1236 2284 vitium
1264 2254 1417 2284 scribendi
1446 2264 1506 2283 non
1535 2253 1691 2284 videatur.

129 2349 160 2377 2.
204 2349 244 2376 Ia
267 2350 334 2376 eius
358 2349 445 2376 domo
468 2349 589 2386 dactyli
609 2350 793 2378 decorticari
813 2359 876 2378 non
897 2353 1155 2386 consm'cirmlur3
1179 2351 1237 2379 sed
1256 2354 1325 2380 uter
1346 2352 1452 2389 butyri
1469 2351 1596 2388 plenus,
1616 2354 1752 2379 retectus

229 2417 357 2446 Deserti
385 2418 505 2447 incolae
533 2418 635 2448 cibum
666 2422 696 2448 et
721 2418 970 2458 hospitalitatem
998 2419 1160 2451 describit.
1216 2420 1340 2449 Versus
1368 2424 1475 2450 autem
1502 2430 1572 2450 cum
1599 2419 1740 2459 proxime
1762 2425 1919 2460 sequente

128 2487 227 2507 sensu
243 2478 405 2508 cohaeret.
422 2480 468 2508 De
482 2480 573 2509 vocis
586 2479 673 2516 „5³45
684 2485 834 2510 accurata
853 2481 1085 2521 significatione
1103 2482 1295 2520 interpretes
1313 2482 1518 2512 dissentiunt.
1546 2481 1747 2512 Scholiastes
1762 2481 1911 2521 dactylos

129 2550 146 2568 e
174 2541 304 2580 regione
333 2541 468 2571 Bahrain
496 2542 630 2579 adlatos,
659 2553 790 2582 quorum
820 2549 933 2574 cortex
959 2549 1078 2575 remota
1105 2546 1158 2584 sit,
1186 2545 1362 2586 significari
1382 2549 1480 2583 putat.
1537 2543 1617 2573 Cum
1645 2543 1705 2572 hoc
1722 2543 1914 2582 significatio

127 2610 145 2630 a
172 2602 406 2643 lexicographis
433 2604 582 2635 adnotata
608 2605 748 2646 cophini,
778 2607 808 2636 in
836 2616 898 2646 quo
926 2607 1044 2646 dactyli
1071 2607 1227 2637 reconditi
1270 2611 1363 2646 sunt,
1405 2606 1578 2644 consentit,
1606 2606 1635 2635 in
1663 2606 1804 2645 cophinis
1832 2608 1913 2638 enim
