<?xml version="1.0" encoding="UTF-8"?>
<!DOCTYPE html PUBLIC "-//W3C//DTD XHTML 1.0 Transitional//EN"
    "http://www.w3.org/TR/xhtml1/DTD/xhtml1-transitional.dtd">
<html xmlns="http://www.w3.org/1999/xhtml" xml:lang="en" lang="en">
 <head>
  <title>
</title>
<meta http-equiv="Content-Type" content="text/html;charset=utf-8" />
  <meta name='ocr-system' content='tesseract 3.04.00' />
  <meta name='ocr-capabilities' content='ocr_page ocr_carea ocr_par ocr_line ocrx_word'/>
</head>
<body>
  <div class='ocr_page' id='page_1' title='image "./p2hamassaecarmin02abbiuoft_0136.png"; bbox 0 0 2155 2892; ppageno 0'>
   <div class='ocr_carea' id='block_1_1' title="bbox 912 96 1179 135">
    <p class='ocr_par' dir='ltr' id='par_1_1' title="bbox 912 96 1179 135">
     <span class='ocr_line' id='line_1_1' title="bbox 912 96 1179 135; baseline 0.007 -1"><span class='ocrx_word' id='word_1_1' title='bbox 912 120 956 127; x_wconf 91' lang='lat'><em>-</em></span> <span class='ocrx_word' id='word_1_2' title='bbox 1014 96 1101 135; x_wconf 77' lang='lat'>126&#39;</span> <span class='ocrx_word' id='word_1_3' title='bbox 1136 123 1179 129; x_wconf 81' lang='grc'><strong>-</strong></span> 
     </span>
    </p>
   </div>
   <div class='ocr_carea' id='block_1_2' title="bbox 156 202 1951 501">
    <p class='ocr_par' dir='ltr' id='par_1_2' title="bbox 156 202 1951 501">
     <span class='ocr_line' id='line_1_2' title="bbox 158 202 1948 247; baseline 0.002 -11"><span class='ocrx_word' id='word_1_4' title='bbox 158 214 274 237; x_wconf 79' lang='lat' dir='ltr'><strong>meus</strong></span> <span class='ocrx_word' id='word_1_5' title='bbox 300 204 431 235; x_wconf 85' lang='lat' dir='ltr'><strong>dixit:</strong></span> <span class='ocrx_word' id='word_1_6' title='bbox 461 202 569 241; x_wconf 81' lang='lat' dir='ltr'><strong>Quid</strong></span> <span class='ocrx_word' id='word_1_7' title='bbox 596 202 776 233; x_wconf 84' lang='lat' dir='ltr'><strong>consilii</strong></span> <span class='ocrx_word' id='word_1_8' title='bbox 802 203 838 233; x_wconf 91' lang='lat' dir='ltr'><strong>in</strong></span> <span class='ocrx_word' id='word_1_9' title='bbox 864 213 925 245; x_wconf 86' lang='lat' dir='ltr'><strong>eo,</strong></span> <span class='ocrx_word' id='word_1_10' title='bbox 954 204 1059 244; x_wconf 92' lang='lat' dir='ltr'><strong>quod</strong></span> <span class='ocrx_word' id='word_1_11' title='bbox 1086 205 1165 236; x_wconf 86' lang='lat' dir='ltr'><strong>tihi</strong></span> <span class='ocrx_word' id='word_1_12' title='bbox 1191 205 1373 243; x_wconf 89' lang='lat' dir='ltr'><strong>videtur,</strong></span> <span class='ocrx_word' id='word_1_13' title='bbox 1402 202 1509 235; x_wconf 69' lang='lat' dir='ltr'><strong>das?</strong></span> <span class='ocrx_word' id='word_1_14' title='bbox 1536 206 1637 235; x_wconf 90' lang='lat' dir='ltr'><strong>Num</strong></span> <span class='ocrx_word' id='word_1_15' title='bbox 1659 206 1948 247; x_wconf 85' lang='lat' dir='ltr'><strong>decipiendus</strong></span> 
     </span>
     <span class='ocr_line' id='line_1_3' title="bbox 158 264 1951 314; baseline 0.001 -15"><span class='ocrx_word' id='word_1_16' title='bbox 158 274 242 309; x_wconf 86' lang='lat' dir='ltr'><strong>est,</strong></span> <span class='ocrx_word' id='word_1_17' title='bbox 270 272 312 298; x_wconf 90' lang='lat' dir='ltr'><strong>ut</strong></span> <span class='ocrx_word' id='word_1_18' title='bbox 338 275 485 296; x_wconf 84' lang='lat' dir='ltr'><strong>socors</strong></span> <span class='ocrx_word' id='word_1_19' title='bbox 515 266 572 296; x_wconf 91' lang='lat' dir='ltr'><strong>sit</strong></span> <span class='ocrx_word' id='word_1_20' title='bbox 597 276 644 296; x_wconf 88' lang='lat' dir='ltr'><strong>an</strong></span> <span class='ocrx_word' id='word_1_21' title='bbox 671 267 709 296; x_wconf 87' lang='lat' dir='ltr'><strong>vi</strong></span> <span class='ocrx_word' id='word_1_22' title='bbox 737 277 756 297; x_wconf 89' lang='lat' dir='ltr'><strong>a</strong></span> <span class='ocrx_word' id='word_1_23' title='bbox 781 267 905 297; x_wconf 90' lang='lat' dir='ltr'><strong>nobis</strong></span> <span class='ocrx_word' id='word_1_24' title='bbox 932 264 1235 297; x_wconf 68' lang='lat' dir='ltr'><strong>invadendus?</strong></span> <span class='ocrx_word' id='word_1_25' title='bbox 1286 268 1447 308; x_wconf 61' lang='lat' dir='ltr'><strong>Inyersu</strong></span> <span class='ocrx_word' id='word_1_26' title='bbox 1474 268 1610 298; x_wconf 85' lang='lat' dir='ltr'><strong>adducto</strong></span> <span class='ocrx_word' id='word_1_27' title='bbox 1639 269 1724 307; x_wconf 89' lang='lat' dir='ltr'><strong>prius</strong></span> <span class='ocrx_word' id='word_1_28' title='bbox 1750 269 1861 314; x_wconf 40' lang='lat' dir='ltr'><strong>k55:2¹&amp;</strong></span> <span class='ocrx_word' id='word_1_29' title='bbox 1888 282 1951 313; x_wconf 86' lang='lat' dir='ltr'><strong>ge-</strong></span> 
     </span>
     <span class='ocr_line' id='line_1_4' title="bbox 156 326 1948 376; baseline 0.003 -17"><span class='ocrx_word' id='word_1_30' title='bbox 156 330 295 360; x_wconf 89' lang='lat' dir='ltr'><strong>neralem</strong></span> <span class='ocrx_word' id='word_1_31' title='bbox 323 327 539 369; x_wconf 87' lang='lat' dir='ltr'><strong>interrogandi</strong></span> <span class='ocrx_word' id='word_1_32' title='bbox 566 337 698 358; x_wconf 89' lang='lat' dir='ltr'><strong>sensum</strong></span> <span class='ocrx_word' id='word_1_33' title='bbox 729 328 859 370; x_wconf 84' lang='lat' dir='ltr'><strong>habere,</strong></span> <span class='ocrx_word' id='word_1_34' title='bbox 886 328 984 359; x_wconf 91' lang='lat' dir='ltr'><strong>verba</strong></span> <span class='ocrx_word' id='word_1_35' title='bbox 1011 329 1128 367; x_wconf 85' lang='lat' dir='ltr'><strong>(Mers.</strong></span> <span class='ocrx_word' id='word_1_36' title='bbox 1156 330 1239 372; x_wconf 47' lang='grc' dir='ltr'><strong>ι555)</strong></span> <span class='ocrx_word' id='word_1_37' title='bbox 1268 332 1335 373; x_wconf 59' lang='lat'><strong>&amp;53</strong></span> <span class='ocrx_word' id='word_1_38' title='bbox 1355 326 1378 357; x_wconf 63' lang='lat' dir='ltr'><strong>la</strong></span> <span class='ocrx_word' id='word_1_39' title='bbox 1400 327 1461 376; x_wconf 50' lang='grc' dir='ltr'><strong>ὑῒ)</strong></span> <span class='ocrx_word' id='word_1_40' title='bbox 1488 333 1594 360; x_wconf 84' lang='lat' dir='ltr'><strong>autem</strong></span> <span class='ocrx_word' id='word_1_41' title='bbox 1622 331 1803 370; x_wconf 86' lang='lat' dir='ltr'><strong>specialem,</strong></span> <span class='ocrx_word' id='word_1_42' title='bbox 1833 338 1867 363; x_wconf 89' lang='lat' dir='ltr'><strong>ut</strong></span> <span class='ocrx_word' id='word_1_43' title='bbox 1893 344 1948 363; x_wconf 89' lang='lat' dir='ltr'><strong>re-</strong></span> 
     </span>
     <span class='ocr_line' id='line_1_5' title="bbox 159 390 1945 441; baseline 0.003 -21"><span class='ocrx_word' id='word_1_44' title='bbox 159 400 279 431; x_wconf 90' lang='lat' dir='ltr'><strong>sponso</strong></span> <span class='ocrx_word' id='word_1_45' title='bbox 307 390 451 431; x_wconf 83' lang='lat' dir='ltr'><strong>indicet,</strong></span> <span class='ocrx_word' id='word_1_46' title='bbox 485 390 586 429; x_wconf 83' lang='lat' dir='ltr'><strong>qualis</strong></span> <span class='ocrx_word' id='word_1_47' title='bbox 624 390 677 420; x_wconf 86' lang='lat' dir='ltr'><strong>via</strong></span> <span class='ocrx_word' id='word_1_48' title='bbox 709 390 858 432; x_wconf 84' lang='lat' dir='ltr'><strong>eligatur.</strong></span> <span class='ocrx_word' id='word_1_49' title='bbox 910 392 945 420; x_wconf 92' lang='lat' dir='ltr'><strong>In</strong></span> <span class='ocrx_word' id='word_1_50' title='bbox 973 391 1172 430; x_wconf 82' lang='lat' dir='ltr'><strong>explicandis</strong></span> <span class='ocrx_word' id='word_1_51' title='bbox 1199 391 1308 421; x_wconf 87' lang='lat' dir='ltr'><strong>verbis</strong></span> <span class='ocrx_word' id='word_1_52' title='bbox 1334 391 1404 441; x_wconf 62' lang='lat'><strong>&amp;⁵³</strong></span> <span class='ocrx_word' id='word_1_53' title='bbox 1430 407 1472 430; x_wconf 54' lang='grc' dir='ltr'><strong>ψη</strong></span> <span class='ocrx_word' id='word_1_54' title='bbox 1498 391 1530 428; x_wconf 53' lang='lat' dir='ltr'><strong>gl</strong></span> <span class='ocrx_word' id='word_1_55' title='bbox 1558 393 1753 423; x_wconf 77' lang='lat' dir='ltr'><strong>scholiastes</strong></span> <span class='ocrx_word' id='word_1_56' title='bbox 1780 394 1945 426; x_wconf 85' lang='lat' dir='ltr'><strong>discrimen</strong></span> 
     </span>
     <span class='ocr_line' id='line_1_6' title="bbox 157 451 1945 501; baseline 0.003 -20"><span class='ocrx_word' id='word_1_57' title='bbox 157 453 238 482; x_wconf 85' lang='lat' dir='ltr'><strong>inter</strong></span> <span class='ocrx_word' id='word_1_58' title='bbox 265 461 377 481; x_wconf 88' lang='lat' dir='ltr'><strong>vocem</strong></span> <span class='ocrx_word' id='word_1_59' title='bbox 399 454 481 501; x_wconf 48' lang='lat' dir='ltr'><strong>{jin</strong></span> <span class='ocrx_word' id='word_1_60' title='bbox 508 456 541 482; x_wconf 89' lang='lat' dir='ltr'><strong>et</strong></span> <span class='ocrx_word' id='word_1_61' title='bbox 567 453 656 497; x_wconf 46' lang='lat' dir='ltr'><strong>{clasiae</strong></span> <span class='ocrx_word' id='word_1_62' title='bbox 685 452 833 482; x_wconf 83' lang='lat' dir='ltr'><strong>ostendit.</strong></span> <span class='ocrx_word' id='word_1_63' title='bbox 885 452 964 482; x_wconf 92' lang='lat' dir='ltr'><strong>Illud</strong></span> <span class='ocrx_word' id='word_1_64' title='bbox 991 451 1150 493; x_wconf 83' lang='lat' dir='ltr'><strong>refugium</strong></span> <span class='ocrx_word' id='word_1_65' title='bbox 1177 462 1246 484; x_wconf 91' lang='lat' dir='ltr'><strong>cum</strong></span> <span class='ocrx_word' id='word_1_66' title='bbox 1262 457 1499 494; x_wconf 80' lang='lat' dir='ltr'><strong>praepositione</strong></span> <span class='ocrx_word' id='word_1_67' title='bbox 1515 454 1565 494; x_wconf 53' lang='lat' dir='ltr'><strong>gl,</strong></span> <span class='ocrx_word' id='word_1_68' title='bbox 1596 455 1655 486; x_wconf 85' lang='lat' dir='ltr'><strong>hoc</strong></span> <span class='ocrx_word' id='word_1_69' title='bbox 1678 457 1799 486; x_wconf 84' lang='lat' dir='ltr'><strong>timoris</strong></span> <span class='ocrx_word' id='word_1_70' title='bbox 1817 466 1945 488; x_wconf 87' lang='lat' dir='ltr'><strong>causam</strong></span> 
     </span>
    </p>
   </div>
   <div class='ocr_carea' id='block_1_3' title="bbox 156 508 1937 560">
    <p class='ocr_par' dir='ltr' id='par_1_3' title="bbox 156 508 1937 560">
     <span class='ocr_line' id='line_1_7' title="bbox 156 508 1937 560; baseline 0.004 -18"><span class='ocrx_word' id='word_1_71' title='bbox 156 509 224 551; x_wconf 79' lang='lat' dir='ltr'><strong>(p.</strong></span> <span class='ocrx_word' id='word_1_72' title='bbox 248 509 383 551; x_wconf 70' lang='lat'><strong>433.)</strong></span> <span class='ocrx_word' id='word_1_73' title='bbox 411 523 537 552; x_wconf 42' lang='lat' dir='ltr'><strong>cumr-J·</strong></span> <span class='ocrx_word' id='word_1_74' title='bbox 556 514 750 555; x_wconf 82' lang='lat' dir='ltr'><strong>significare.</strong></span> <span class='ocrx_word' id='word_1_75' title='bbox 780 514 927 544; x_wconf 81' lang='lat' dir='ltr'><strong>Formam</strong></span> <span class='ocrx_word' id='word_1_76' title='bbox 943 518 1049 544; x_wconf 87' lang='lat' dir='ltr'><strong>autem</strong></span> <span class='ocrx_word' id='word_1_77' title='bbox 1070 508 1243 556; x_wconf 82' lang='lat' dir='ltr'><strong>singularis</strong></span> <span class='ocrx_word' id='word_1_78' title='bbox 1272 517 1301 545; x_wconf 92' lang='lat' dir='ltr'><strong>in</strong></span> <span class='ocrx_word' id='word_1_79' title='bbox 1329 517 1411 546; x_wconf 89' lang='lat' dir='ltr'><strong>omni</strong></span> <span class='ocrx_word' id='word_1_80' title='bbox 1438 527 1568 547; x_wconf 88' lang='lat' dir='ltr'><strong>numero</strong></span> <span class='ocrx_word' id='word_1_81' title='bbox 1594 523 1624 548; x_wconf 84' lang='lat' dir='ltr'><strong>et</strong></span> <span class='ocrx_word' id='word_1_82' title='bbox 1652 529 1771 560; x_wconf 78' lang='lat' dir='ltr'><strong>genere</strong></span> <span class='ocrx_word' id='word_1_83' title='bbox 1799 519 1937 549; x_wconf 84' lang='lat' dir='ltr'><strong>adhiberi</strong></span> 
     </span>
    </p>
   </div>
   <div class='ocr_carea' id='block_1_4' title="bbox 153 622 1951 1236">
    <p class='ocr_par' dir='ltr' id='par_1_4' title="bbox 157 622 1951 713">
     <span class='ocr_line' id='line_1_8' title="bbox 157 622 1951 665; baseline 0.002 -12"><span class='ocrx_word' id='word_1_84' title='bbox 157 624 188 657; x_wconf 89' lang='grc'><strong>5,</strong></span> <span class='ocrx_word' id='word_1_85' title='bbox 213 624 259 653; x_wconf 78' lang='grc' dir='ltr'><strong>ΕΙ</strong></span> <span class='ocrx_word' id='word_1_86' title='bbox 280 622 444 663; x_wconf 80' lang='lat' dir='ltr'><strong>profecto!</strong></span> <span class='ocrx_word' id='word_1_87' title='bbox 469 623 637 661; x_wconf 77' lang='lat' dir='ltr'><strong>aliquando</strong></span> <span class='ocrx_word' id='word_1_88' title='bbox 660 623 725 651; x_wconf 77' lang='lat' dir='ltr'><strong>dies</strong></span> <span class='ocrx_word' id='word_1_89' title='bbox 747 623 802 651; x_wconf 80' lang='lat' dir='ltr'><strong>tibi</strong></span> <span class='ocrx_word' id='word_1_90' title='bbox 823 626 1036 660; x_wconf 76' lang='lat' dir='ltr'><strong>superveniet,</strong></span> <span class='ocrx_word' id='word_1_91' title='bbox 1071 635 1141 663; x_wconf 79' lang='lat' dir='ltr'><strong>quo.</strong></span> <span class='ocrx_word' id='word_1_92' title='bbox 1167 625 1240 653; x_wconf 84' lang='lat' dir='ltr'><strong>dum</strong></span> <span class='ocrx_word' id='word_1_93' title='bbox 1261 633 1368 662; x_wconf 82' lang='lat' dir='ltr'><strong>panno</strong></span> <span class='ocrx_word' id='word_1_94' title='bbox 1387 626 1487 663; x_wconf 82' lang='lat' dir='ltr'><strong>ferali</strong></span> <span class='ocrx_word' id='word_1_95' title='bbox 1506 628 1638 656; x_wconf 72' lang='lat' dir='ltr'><strong>indutus</strong></span> <span class='ocrx_word' id='word_1_96' title='bbox 1660 638 1694 657; x_wconf 86' lang='lat' dir='ltr'><strong>es</strong></span> <span class='ocrx_word' id='word_1_97' title='bbox 1699 650 1710 665; x_wconf 76' lang='lat'><strong>,</strong></span> <span class='ocrx_word' id='word_1_98' title='bbox 1736 637 1798 656; x_wconf 83' lang='lat' dir='ltr'><strong>non</strong></span> <span class='ocrx_word' id='word_1_99' title='bbox 1819 629 1951 657; x_wconf 71' lang='lat' dir='ltr'><strong>audiens</strong></span> 
     </span>
     <span class='ocr_line' id='line_1_9' title="bbox 937 677 1160 713; baseline 0.009 -8"><span class='ocrx_word' id='word_1_100' title='bbox 937 677 1160 713; x_wconf 77' lang='lat' dir='ltr'><strong>deploraberis.</strong></span> 
     </span>
    </p>

    <p class='ocr_par' dir='ltr' id='par_1_5' title="bbox 153 745 1950 1236">
     <span class='ocr_line' id='line_1_10' title="bbox 256 745 1947 791; baseline 0.002 -14"><span class='ocrx_word' id='word_1_101' title='bbox 256 748 326 777; x_wconf 88' lang='lat' dir='ltr'><strong>Hoc</strong></span> <span class='ocrx_word' id='word_1_102' title='bbox 352 747 381 776; x_wconf 94' lang='lat' dir='ltr'><strong>in</strong></span> <span class='ocrx_word' id='word_1_103' title='bbox 411 755 510 776; x_wconf 89' lang='lat' dir='ltr'><strong>versu</strong></span> <span class='ocrx_word' id='word_1_104' title='bbox 538 755 575 774; x_wconf 91' lang='lat' dir='ltr'><strong>se</strong></span> <span class='ocrx_word' id='word_1_105' title='bbox 602 745 703 784; x_wconf 85' lang='lat' dir='ltr'><strong>ipsum</strong></span> <span class='ocrx_word' id='word_1_106' title='bbox 720 746 899 785; x_wconf 82' lang='lat' dir='ltr'><strong>alloquitur.</strong></span> <span class='ocrx_word' id='word_1_107' title='bbox 929 745 1034 783; x_wconf 87' lang='lat' dir='ltr'><strong>Quum</strong></span> <span class='ocrx_word' id='word_1_108' title='bbox 1064 748 1203 777; x_wconf 91' lang='lat' dir='ltr'><strong>omnibus</strong></span> <span class='ocrx_word' id='word_1_109' title='bbox 1230 748 1348 788; x_wconf 81' lang='lat' dir='ltr'><strong>amicis,</strong></span> <span class='ocrx_word' id='word_1_110' title='bbox 1377 751 1429 788; x_wconf 88' lang='lat' dir='ltr'><strong>qui</strong></span> <span class='ocrx_word' id='word_1_111' title='bbox 1459 751 1564 788; x_wconf 83' lang='lat' dir='ltr'><strong>ipsum</strong></span> <span class='ocrx_word' id='word_1_112' title='bbox 1592 750 1773 791; x_wconf 72' lang='lat' dir='ltr'><strong>defendant,</strong></span> <span class='ocrx_word' id='word_1_113' title='bbox 1802 751 1947 790; x_wconf 83' lang='lat' dir='ltr'><strong>privatus</strong></span> 
     </span>
     <span class='ocr_line' id='line_1_11' title="bbox 156 808 1949 851; baseline 0.002 -11"><span class='ocrx_word' id='word_1_114' title='bbox 156 811 211 848; x_wconf 88' lang='lat' dir='ltr'><strong>sit,</strong></span> <span class='ocrx_word' id='word_1_115' title='bbox 240 818 276 839; x_wconf 90' lang='lat' dir='ltr'><strong>se</strong></span> <span class='ocrx_word' id='word_1_116' title='bbox 304 809 444 839; x_wconf 86' lang='lat' dir='ltr'><strong>occisum</strong></span> <span class='ocrx_word' id='word_1_117' title='bbox 472 808 509 838; x_wconf 87' lang='lat' dir='ltr'><strong>iri</strong></span> <span class='ocrx_word' id='word_1_118' title='bbox 537 808 713 847; x_wconf 83' lang='lat' dir='ltr'><strong>praevidet.</strong></span> <span class='ocrx_word' id='word_1_119' title='bbox 768 808 899 838; x_wconf 89' lang='lat' dir='ltr'><strong>Poetam</strong></span> <span class='ocrx_word' id='word_1_120' title='bbox 927 814 1047 838; x_wconf 81' lang='lat' dir='ltr'><strong>sortem</strong></span> <span class='ocrx_word' id='word_1_121' title='bbox 1075 819 1164 840; x_wconf 88' lang='lat' dir='ltr'><strong>suam</strong></span> <span class='ocrx_word' id='word_1_122' title='bbox 1193 810 1350 851; x_wconf 72' lang='lat' dir='ltr'><strong>suturam,</strong></span> <span class='ocrx_word' id='word_1_123' title='bbox 1387 820 1467 850; x_wconf 88' lang='lat' dir='ltr'><strong>quae</strong></span> <span class='ocrx_word' id='word_1_124' title='bbox 1494 813 1636 842; x_wconf 90' lang='lat' dir='ltr'><strong>omnibus</strong></span> <span class='ocrx_word' id='word_1_125' title='bbox 1663 812 1840 843; x_wconf 87' lang='lat' dir='ltr'><strong>hominibus</strong></span> <span class='ocrx_word' id='word_1_126' title='bbox 1868 823 1949 844; x_wconf 89' lang='lat' dir='ltr'><strong>con-</strong></span> 
     </span>
     <span class='ocr_line' id='line_1_12' title="bbox 159 870 1949 913; baseline 0.003 -12"><span class='ocrx_word' id='word_1_127' title='bbox 159 871 274 912; x_wconf 85' lang='lat' dir='ltr'><strong>tingat,</strong></span> <span class='ocrx_word' id='word_1_128' title='bbox 302 871 361 900; x_wconf 81' lang='lat' dir='ltr'><strong>hoc</strong></span> <span class='ocrx_word' id='word_1_129' title='bbox 389 870 418 898; x_wconf 89' lang='lat' dir='ltr'><strong>in</strong></span> <span class='ocrx_word' id='word_1_130' title='bbox 446 880 545 899; x_wconf 87' lang='lat' dir='ltr'><strong>versu</strong></span> <span class='ocrx_word' id='word_1_131' title='bbox 573 870 788 908; x_wconf 80' lang='lat' dir='ltr'><strong>descripsisse</strong></span> <span class='ocrx_word' id='word_1_132' title='bbox 814 880 876 899; x_wconf 88' lang='lat' dir='ltr'><strong>nou</strong></span> <span class='ocrx_word' id='word_1_133' title='bbox 903 875 990 909; x_wconf 90' lang='lat' dir='ltr'><strong>puto.</strong></span> <span class='ocrx_word' id='word_1_134' title='bbox 1043 870 1244 902; x_wconf 80' lang='lat' dir='ltr'><strong>Sclioliastes</strong></span> <span class='ocrx_word' id='word_1_135' title='bbox 1271 873 1361 913; x_wconf 81' lang='lat' dir='ltr'><strong>dixit,</strong></span> <span class='ocrx_word' id='word_1_136' title='bbox 1400 875 1621 904; x_wconf 81' lang='lat' dir='ltr'><strong>accusativum</strong></span> <span class='ocrx_word' id='word_1_137' title='bbox 1651 875 1740 905; x_wconf 83' lang='lat' dir='ltr'><strong>vocis</strong></span> <span class='ocrx_word' id='word_1_138' title='bbox 1771 874 1852 904; x_wconf 52' lang='lat' dir='ltr'><strong>lxma</strong></span> <span class='ocrx_word' id='word_1_139' title='bbox 1877 881 1949 906; x_wconf 82' lang='lat' dir='ltr'><strong>sta-</strong></span> 
     </span>
     <span class='ocr_line' id='line_1_13' title="bbox 157 929 1950 979; baseline 0.003 -15"><span class='ocrx_word' id='word_1_140' title='bbox 157 934 202 964; x_wconf 84' lang='lat' dir='ltr'><strong>tui</strong></span> <span class='ocrx_word' id='word_1_141' title='bbox 229 931 437 963; x_wconf 87' lang='lat' dir='ltr'><strong>describendo</strong></span> <span class='ocrx_word' id='word_1_142' title='bbox 465 931 695 961; x_wconf 75' lang='lat' dir='ltr'><strong>inservientem</strong></span> <span class='ocrx_word' id='word_1_143' title='bbox 725 941 794 961; x_wconf 88' lang='lat' dir='ltr'><strong>cum</strong></span> <span class='ocrx_word' id='word_1_144' title='bbox 824 932 923 961; x_wconf 81' lang='lat' dir='ltr'><strong>verbo</strong></span> <span class='ocrx_word' id='word_1_145' title='bbox 949 929 1037 979; x_wconf 49' lang='lat'><strong>&amp;542</strong></span> <span class='ocrx_word' id='word_1_146' title='bbox 1065 938 1214 973; x_wconf 83' lang='lat' dir='ltr'><strong>tanquam</strong></span> <span class='ocrx_word' id='word_1_147' title='bbox 1241 941 1373 975; x_wconf 78' lang='lat' dir='ltr'><strong>regente</strong></span> <span class='ocrx_word' id='word_1_148' title='bbox 1399 937 1652 978; x_wconf 81' lang='lat' dir='ltr'><strong>coniungendum</strong></span> <span class='ocrx_word' id='word_1_149' title='bbox 1681 947 1756 967; x_wconf 85' lang='lat' dir='ltr'><strong>esse</strong></span> <span class='ocrx_word' id='word_1_150' title='bbox 1785 944 1817 968; x_wconf 84' lang='lat' dir='ltr'><strong>et</strong></span> <span class='ocrx_word' id='word_1_151' title='bbox 1850 940 1950 969; x_wconf 89' lang='lat' dir='ltr'><strong>verba</strong></span> 
     </span>
     <span class='ocr_line' id='line_1_14' title="bbox 154 991 1950 1043; baseline 0.003 -18"><span class='ocrx_word' id='word_1_152' title='bbox 154 998 245 1043; x_wconf 56' lang='lat' dir='ltr'><strong>eun-‘S</strong></span> <span class='ocrx_word' id='word_1_153' title='bbox 263 991 282 1023; x_wconf 56' lang='grc' dir='ltr'>ὅ</span> <span class='ocrx_word' id='word_1_154' title='bbox 310 994 460 1024; x_wconf 84' lang='lat' dir='ltr'><strong>adiectivi</strong></span> <span class='ocrx_word' id='word_1_155' title='bbox 487 995 588 1024; x_wconf 87' lang='lat' dir='ltr'><strong>locum</strong></span> <span class='ocrx_word' id='word_1_156' title='bbox 615 994 705 1024; x_wconf 90' lang='lat' dir='ltr'><strong>vocis</strong></span> <span class='ocrx_word' id='word_1_157' title='bbox 735 993 817 1022; x_wconf 57' lang='lat' dir='ltr'><strong>taut-2</strong></span> <span class='ocrx_word' id='word_1_158' title='bbox 844 999 964 1025; x_wconf 88' lang='lat' dir='ltr'><strong>tenere.</strong></span> <span class='ocrx_word' id='word_1_159' title='bbox 1026 996 1146 1026; x_wconf 84' lang='lat' dir='ltr'><strong>Vocem</strong></span> <span class='ocrx_word' id='word_1_160' title='bbox 1175 995 1280 1042; x_wconf 49' lang='lat' dir='ltr'><strong>0253th</strong></span> <span class='ocrx_word' id='word_1_161' title='bbox 1308 1008 1325 1027; x_wconf 91' lang='lat' dir='ltr'><strong>e</strong></span> <span class='ocrx_word' id='word_1_162' title='bbox 1353 998 1554 1028; x_wconf 87' lang='lat' dir='ltr'><strong>iureiurando</strong></span> <span class='ocrx_word' id='word_1_163' title='bbox 1592 1000 1709 1029; x_wconf 89' lang='lat' dir='ltr'><strong>omisso</strong></span> <span class='ocrx_word' id='word_1_164' title='bbox 1747 1000 1885 1038; x_wconf 88' lang='lat' dir='ltr'><strong>pendere</strong></span> <span class='ocrx_word' id='word_1_165' title='bbox 1919 1005 1950 1031; x_wconf 87' lang='lat' dir='ltr'><strong>et</strong></span> 
     </span>
     <span class='ocr_line' id='line_1_15' title="bbox 153 1055 1949 1109; baseline 0.003 -22"><span class='ocrx_word' id='word_1_166' title='bbox 153 1059 253 1089; x_wconf 86' lang='lat' dir='ltr'><strong>verba</strong></span> <span class='ocrx_word' id='word_1_167' title='bbox 277 1055 370 1094; x_wconf 50' lang='lat'><strong>2534:</strong></span> <span class='ocrx_word' id='word_1_168' title='bbox 396 1055 482 1104; x_wconf 47' lang='lat' dir='ltr'><strong>&amp;ge-⁶!</strong></span> <span class='ocrx_word' id='word_1_169' title='bbox 509 1058 654 1088; x_wconf 79' lang='lat' dir='ltr'><strong>adiectivi</strong></span> <span class='ocrx_word' id='word_1_170' title='bbox 682 1058 752 1088; x_wconf 88' lang='lat' dir='ltr'><strong>loco</strong></span> <span class='ocrx_word' id='word_1_171' title='bbox 779 1068 850 1088; x_wconf 87' lang='lat' dir='ltr'><strong>cum</strong></span> <span class='ocrx_word' id='word_1_172' title='bbox 879 1068 959 1087; x_wconf 84' lang='lat' dir='ltr'><strong>voce</strong></span> <span class='ocrx_word' id='word_1_173' title='bbox 989 1072 1053 1100; x_wconf 40' lang='grc' dir='ltr'><strong>ΑΒ</strong></span> <span class='ocrx_word' id='word_1_174' title='bbox 1081 1060 1275 1098; x_wconf 78' lang='lat' dir='ltr'><strong>cohaerere,</strong></span> <span class='ocrx_word' id='word_1_175' title='bbox 1313 1065 1346 1090; x_wconf 79' lang='lat' dir='ltr'><strong>ut</strong></span> <span class='ocrx_word' id='word_1_176' title='bbox 1381 1062 1445 1091; x_wconf 88' lang='lat' dir='ltr'><strong>sint</strong></span> <span class='ocrx_word' id='word_1_177' title='bbox 1481 1072 1537 1101; x_wconf 89' lang='lat' dir='ltr'><strong>pro</strong></span> <span class='ocrx_word' id='word_1_178' title='bbox 1577 1065 1624 1099; x_wconf 54' lang='grc' dir='ltr'><strong>σῳ</strong></span> <span class='ocrx_word' id='word_1_179' title='bbox 1649 1060 1743 1099; x_wconf 51' lang='grc' dir='ltr'><strong>άᾼε</strong></span> <span class='ocrx_word' id='word_1_180' title='bbox 1768 1061 1855 1109; x_wconf 51' lang='lat'><strong>6142</strong></span> <span class='ocrx_word' id='word_1_181' title='bbox 1882 1077 1949 1104; x_wconf 38' lang='grc' dir='ltr'>Ἀθ..)</span> 
     </span>
     <span class='ocr_line' id='line_1_16' title="bbox 154 1118 1946 1162; baseline 0.003 -11"><span class='ocrx_word' id='word_1_182' title='bbox 154 1126 208 1151; x_wconf 83' lang='lat' dir='ltr'><strong>aut</strong></span> <span class='ocrx_word' id='word_1_183' title='bbox 237 1119 330 1158; x_wconf 47' lang='lat' dir='ltr'><strong>“5³3³ss</strong></span> <span class='ocrx_word' id='word_1_184' title='bbox 356 1118 435 1159; x_wconf 40' lang='lat' dir='ltr'><strong>abif</strong></span> <span class='ocrx_word' id='word_1_185' title='bbox 463 1123 500 1161; x_wconf 89' lang='lat' dir='ltr'><strong>(i.</strong></span> <span class='ocrx_word' id='word_1_186' title='bbox 530 1132 557 1153; x_wconf 89' lang='lat' dir='ltr'><strong>e.</strong></span> <span class='ocrx_word' id='word_1_187' title='bbox 586 1127 621 1152; x_wconf 88' lang='lat' dir='ltr'><strong>ut</strong></span> <span class='ocrx_word' id='word_1_188' title='bbox 648 1123 716 1152; x_wconf 83' lang='lat' dir='ltr'><strong>loco</strong></span> <span class='ocrx_word' id='word_1_189' title='bbox 754 1122 870 1152; x_wconf 90' lang='lat' dir='ltr'><strong>obiecti</strong></span> <span class='ocrx_word' id='word_1_190' title='bbox 905 1122 1088 1160; x_wconf 80' lang='lat' dir='ltr'><strong>habeatur).</strong></span> <span class='ocrx_word' id='word_1_191' title='bbox 1148 1123 1287 1152; x_wconf 85' lang='lat' dir='ltr'><strong>Similem</strong></span> <span class='ocrx_word' id='word_1_192' title='bbox 1325 1124 1472 1162; x_wconf 82' lang='lat' dir='ltr'><strong>loquendi</strong></span> <span class='ocrx_word' id='word_1_193' title='bbox 1505 1125 1626 1155; x_wconf 90' lang='lat' dir='ltr'><strong>modum</strong></span> <span class='ocrx_word' id='word_1_194' title='bbox 1659 1126 1688 1155; x_wconf 92' lang='lat' dir='ltr'><strong>in</strong></span> <span class='ocrx_word' id='word_1_195' title='bbox 1727 1126 1842 1156; x_wconf 90' lang='lat' dir='ltr'><strong>Corani</strong></span> <span class='ocrx_word' id='word_1_196' title='bbox 1878 1127 1946 1156; x_wconf 88' lang='lat' dir='ltr'><strong>loco</strong></span> 
     </span>
     <span class='ocr_line' id='line_1_17' title="bbox 154 1183 1946 1236; baseline 0.003 -22"><span class='ocrx_word' id='word_1_197' title='bbox 154 1184 245 1221; x_wconf 85' lang='lat' dir='ltr'><strong>(Sur.</strong></span> <span class='ocrx_word' id='word_1_198' title='bbox 275 1184 308 1219; x_wconf 80' lang='lat'><strong>2,</strong></span> <span class='ocrx_word' id='word_1_199' title='bbox 341 1183 436 1224; x_wconf 78' lang='lat'><strong>117.)</strong></span> <span class='ocrx_word' id='word_1_200' title='bbox 466 1184 607 1223; x_wconf 76' lang='lat' dir='ltr'><strong>reperiri,</strong></span> <span class='ocrx_word' id='word_1_201' title='bbox 660 1184 793 1214; x_wconf 83' lang='lat' dir='ltr'><strong>Silentio</strong></span> <span class='ocrx_word' id='word_1_202' title='bbox 822 1185 1089 1224; x_wconf 85' lang='lat' dir='ltr'><strong>praetereundum</strong></span> <span class='ocrx_word' id='word_1_203' title='bbox 1117 1195 1176 1214; x_wconf 91' lang='lat' dir='ltr'><strong>non</strong></span> <span class='ocrx_word' id='word_1_204' title='bbox 1204 1189 1265 1226; x_wconf 69' lang='lat' dir='ltr'><strong>est,</strong></span> <span class='ocrx_word' id='word_1_205' title='bbox 1294 1186 1323 1215; x_wconf 88' lang='lat' dir='ltr'><strong>in</strong></span> <span class='ocrx_word' id='word_1_206' title='bbox 1354 1186 1469 1216; x_wconf 84' lang='lat' dir='ltr'><strong>Corani</strong></span> <span class='ocrx_word' id='word_1_207' title='bbox 1495 1187 1564 1217; x_wconf 89' lang='lat' dir='ltr'><strong>loco</strong></span> <span class='ocrx_word' id='word_1_208' title='bbox 1593 1197 1648 1227; x_wconf 89' lang='lat' dir='ltr'><strong>pro</strong></span> <span class='ocrx_word' id='word_1_209' title='bbox 1674 1185 1821 1236; x_wconf 40' lang='lat'><strong>2535&#39;110,</strong></span> <span class='ocrx_word' id='word_1_210' title='bbox 1856 1194 1890 1220; x_wconf 89' lang='lat' dir='ltr'><strong>ut</strong></span> <span class='ocrx_word' id='word_1_211' title='bbox 1915 1192 1946 1220; x_wconf 86' lang='lat' dir='ltr'><strong>in</strong></span> 
     </span>
    </p>
   </div>
   <div class='ocr_carea' id='block_1_5' title="bbox 154 1245 701 1294">
    <p class='ocr_par' dir='ltr' id='par_1_6' title="bbox 154 1244 701 1294">
     <span class='ocr_line' id='line_1_18' title="bbox 154 1245 701 1294; baseline 0.005 -20"><span class='ocrx_word' id='word_1_212' title='bbox 154 1246 307 1276; x_wconf 80' lang='lat' dir='ltr'><strong>Mersukii</strong></span> <span class='ocrx_word' id='word_1_213' title='bbox 334 1246 440 1277; x_wconf 87' lang='lat' dir='ltr'><strong>codice</strong></span> <span class='ocrx_word' id='word_1_214' title='bbox 466 1253 555 1294; x_wconf 63' lang='lat'><strong>&amp;55</strong></span> <span class='ocrx_word' id='word_1_215' title='bbox 582 1245 600 1275; x_wconf 56' lang='grc' dir='ltr'>ὅ</span> <span class='ocrx_word' id='word_1_216' title='bbox 628 1247 701 1288; x_wconf 84' lang='lat' dir='ltr'><strong>legi.</strong></span> 
     </span>
    </p>
   </div>
   <div class='ocr_carea' id='block_1_6' title="bbox 625 1343 1476 1453">
    <p class='ocr_par' dir='ltr' id='par_1_7' title="bbox 625 1343 1476 1453">
     <span class='ocr_line' id='line_1_19' title="bbox 934 1343 1163 1377; baseline -0.004 -1"><span class='ocrx_word' id='word_1_217' title='bbox 934 1343 1163 1377; x_wconf 65' lang='lat' dir='ltr'><strong>vaflss.</strong></span> 
     </span>
     <span class='ocr_line' id='line_1_20' title="bbox 625 1409 1476 1453; baseline 0.001 -11"><span class='ocrx_word' id='word_1_218' title='bbox 625 1409 764 1443; x_wconf 67' lang='lat' dir='ltr'><strong>flixit</strong></span> <span class='ocrx_word' id='word_1_219' title='bbox 790 1409 925 1444; x_wconf 62' lang='lat' dir='ltr'><strong>lasis!</strong></span> <span class='ocrx_word' id='word_1_220' title='bbox 949 1411 989 1443; x_wconf 75' lang='lat' dir='ltr'><strong>h.</strong></span> <span class='ocrx_word' id='word_1_221' title='bbox 1015 1410 1476 1453; x_wconf 60' lang='lat' dir='ltr'><strong>Aluntur&#39;fhajjita.</strong></span> 
     </span>
    </p>
   </div>
   <div class='ocr_carea' id='block_1_7' title="bbox 151 1478 1948 1959">
    <p class='ocr_par' dir='ltr' id='par_1_8' title="bbox 151 1478 1948 1959">
     <span class='ocr_line' id='line_1_21' title="bbox 252 1478 1947 1526; baseline 0.004 -16"><span class='ocrx_word' id='word_1_222' title='bbox 252 1482 285 1510; x_wconf 93' lang='lat' dir='ltr'><strong>In</strong></span> <span class='ocrx_word' id='word_1_223' title='bbox 314 1481 424 1511; x_wconf 89' lang='lat' dir='ltr'><strong>codice</strong></span> <span class='ocrx_word' id='word_1_224' title='bbox 452 1482 604 1512; x_wconf 87' lang='lat' dir='ltr'><strong>Mersukii</strong></span> <span class='ocrx_word' id='word_1_225' title='bbox 634 1482 772 1523; x_wconf 82' lang='lat' dir='ltr'><strong>legimus</strong></span> <span class='ocrx_word' id='word_1_226' title='bbox 793 1483 1010 1512; x_wconf 82' lang='lat' dir='ltr'><strong>Alatsramum</strong></span> <span class='ocrx_word' id='word_1_227' title='bbox 1038 1478 1167 1526; x_wconf 39' lang='lat' dir='ltr'><strong>(lojssb&#39;l)</strong></span> <span class='ocrx_word' id='word_1_228' title='bbox 1193 1484 1383 1514; x_wconf 80' lang='lat' dir='ltr'><strong>auctoritate</strong></span> <span class='ocrx_word' id='word_1_229' title='bbox 1403 1483 1675 1514; x_wconf 75' lang='lat' dir='ltr'><strong>Abu-Olibaidalii</strong></span> <span class='ocrx_word' id='word_1_230' title='bbox 1697 1485 1811 1516; x_wconf 88' lang='lat' dir='ltr'><strong>fretum</strong></span> <span class='ocrx_word' id='word_1_231' title='bbox 1830 1496 1947 1516; x_wconf 87' lang='lat' dir='ltr'><strong>versus</strong></span> 
     </span>
     <span class='ocr_line' id='line_1_22' title="bbox 154 1543 1947 1587; baseline 0.004 -15"><span class='ocrx_word' id='word_1_232' title='bbox 154 1543 356 1584; x_wconf 81' lang='lat' dir='ltr'><strong>Nabegliaho</strong></span> <span class='ocrx_word' id='word_1_233' title='bbox 385 1545 593 1574; x_wconf 79' lang='lat' dir='ltr'><strong>Dsobianitae</strong></span> <span class='ocrx_word' id='word_1_234' title='bbox 620 1545 771 1575; x_wconf 85' lang='lat' dir='ltr'><strong>tribuisse</strong></span> <span class='ocrx_word' id='word_1_235' title='bbox 800 1549 832 1574; x_wconf 87' lang='lat' dir='ltr'><strong>et</strong></span> <span class='ocrx_word' id='word_1_236' title='bbox 860 1554 917 1574; x_wconf 83' lang='lat' dir='ltr'><strong>eos</strong></span> <span class='ocrx_word' id='word_1_237' title='bbox 944 1545 973 1574; x_wconf 90' lang='lat' dir='ltr'><strong>in</strong></span> <span class='ocrx_word' id='word_1_238' title='bbox 1002 1546 1169 1575; x_wconf 80' lang='lat' dir='ltr'><strong>Diwanum</strong></span> <span class='ocrx_word' id='word_1_239' title='bbox 1206 1546 1296 1576; x_wconf 81' lang='lat' dir='ltr'><strong>liuius</strong></span> <span class='ocrx_word' id='word_1_240' title='bbox 1331 1547 1523 1576; x_wconf 87' lang='lat' dir='ltr'><strong>inserentem</strong></span> <span class='ocrx_word' id='word_1_241' title='bbox 1561 1552 1623 1576; x_wconf 84' lang='lat' dir='ltr'><strong>tam</strong></span> <span class='ocrx_word' id='word_1_242' title='bbox 1658 1547 1686 1576; x_wconf 89' lang='lat' dir='ltr'><strong>in</strong></span> <span class='ocrx_word' id='word_1_243' title='bbox 1720 1548 1828 1577; x_wconf 88' lang='lat' dir='ltr'><strong>ordine</strong></span> <span class='ocrx_word' id='word_1_244' title='bbox 1855 1558 1947 1587; x_wconf 84' lang='lat' dir='ltr'><strong>quam</strong></span> 
     </span>
     <span class='ocr_line' id='line_1_23' title="bbox 153 1606 1948 1648; baseline 0.003 -13"><span class='ocrx_word' id='word_1_245' title='bbox 153 1606 183 1635; x_wconf 89' lang='lat' dir='ltr'><strong>in</strong></span> <span class='ocrx_word' id='word_1_246' title='bbox 211 1606 326 1635; x_wconf 88' lang='lat' dir='ltr'><strong>litteris</strong></span> <span class='ocrx_word' id='word_1_247' title='bbox 355 1606 444 1645; x_wconf 90' lang='lat' dir='ltr'><strong>plura</strong></span> <span class='ocrx_word' id='word_1_248' title='bbox 472 1611 626 1636; x_wconf 79' lang='lat' dir='ltr'><strong>mutasse.</strong></span> <span class='ocrx_word' id='word_1_249' title='bbox 655 1607 813 1636; x_wconf 86' lang='lat' dir='ltr'><strong>Versuum</strong></span> <span class='ocrx_word' id='word_1_250' title='bbox 841 1612 1002 1636; x_wconf 80' lang='lat' dir='ltr'><strong>auctorem</strong></span> <span class='ocrx_word' id='word_1_251' title='bbox 1031 1607 1359 1645; x_wconf 77' lang='lat' dir='ltr'><strong>Sija‹luml).Alin1ru</strong></span> <span class='ocrx_word' id='word_1_252' title='bbox 1387 1609 1578 1647; x_wconf 88' lang='lat' dir='ltr'><strong>appellatum</strong></span> <span class='ocrx_word' id='word_1_253' title='bbox 1605 1619 1691 1648; x_wconf 84' lang='lat' dir='ltr'><strong>esse,</strong></span> <span class='ocrx_word' id='word_1_254' title='bbox 1720 1610 1803 1648; x_wconf 88' lang='lat' dir='ltr'><strong>quod</strong></span> <span class='ocrx_word' id='word_1_255' title='bbox 1834 1620 1948 1640; x_wconf 88' lang='lat' dir='ltr'><strong>nomen</strong></span> 
     </span>
     <span class='ocr_line' id='line_1_24' title="bbox 152 1668 1948 1712; baseline 0.003 -15"><span class='ocrx_word' id='word_1_256' title='bbox 152 1668 373 1709; x_wconf 81' lang='lat' dir='ltr'><strong>Nabeghalius</strong></span> <span class='ocrx_word' id='word_1_257' title='bbox 410 1674 550 1710; x_wconf 81' lang='lat' dir='ltr'><strong>gereret.</strong></span> <span class='ocrx_word' id='word_1_258' title='bbox 622 1669 750 1698; x_wconf 83' lang='lat' dir='ltr'><strong>Versus</strong></span> <span class='ocrx_word' id='word_1_259' title='bbox 789 1674 896 1699; x_wconf 88' lang='lat' dir='ltr'><strong>autem</strong></span> <span class='ocrx_word' id='word_1_260' title='bbox 938 1669 1124 1699; x_wconf 88' lang='lat' dir='ltr'><strong>referendos</strong></span> <span class='ocrx_word' id='word_1_261' title='bbox 1159 1679 1235 1699; x_wconf 87' lang='lat' dir='ltr'><strong>esse</strong></span> <span class='ocrx_word' id='word_1_262' title='bbox 1271 1669 1310 1699; x_wconf 90' lang='lat' dir='ltr'><strong>ad</strong></span> <span class='ocrx_word' id='word_1_263' title='bbox 1347 1680 1485 1711; x_wconf 85' lang='lat' dir='ltr'><strong>pugnarn</strong></span> <span class='ocrx_word' id='word_1_264' title='bbox 1525 1670 1574 1699; x_wconf 91' lang='lat' dir='ltr'><strong>die</strong></span> <span class='ocrx_word' id='word_1_265' title='bbox 1609 1671 1755 1712; x_wconf 78' lang='lat' dir='ltr'><strong>Scliiraf,</strong></span> <span class='ocrx_word' id='word_1_266' title='bbox 1795 1681 1857 1712; x_wconf 92' lang='lat' dir='ltr'><strong>quo</strong></span> <span class='ocrx_word' id='word_1_267' title='bbox 1898 1672 1948 1702; x_wconf 81' lang='lat' dir='ltr'><strong>die</strong></span> 
     </span>
     <span class='ocr_line' id='line_1_25' title="bbox 151 1725 1947 1772; baseline 0.002 -13"><span class='ocrx_word' id='word_1_268' title='bbox 151 1730 288 1760; x_wconf 88' lang='lat' dir='ltr'><strong>Hoznus</strong></span> <span class='ocrx_word' id='word_1_269' title='bbox 315 1731 343 1760; x_wconf 85' lang='lat' dir='ltr'><strong>b.</strong></span> <span class='ocrx_word' id='word_1_270' title='bbox 373 1731 563 1771; x_wconf 83' lang='lat' dir='ltr'><strong>llodsaifah,</strong></span> <span class='ocrx_word' id='word_1_271' title='bbox 593 1732 763 1761; x_wconf 78' lang='lat' dir='ltr'><strong>comitante</strong></span> <span class='ocrx_word' id='word_1_272' title='bbox 794 1731 1008 1771; x_wconf 79' lang='lat' dir='ltr'><strong>Nabeghaho,</strong></span> <span class='ocrx_word' id='word_1_273' title='bbox 1036 1736 1165 1771; x_wconf 84' lang='lat' dir='ltr'><strong>gentem</strong></span> <span class='ocrx_word' id='word_1_274' title='bbox 1194 1731 1272 1760; x_wconf 82' lang='lat' dir='ltr'><strong>Thai</strong></span> <span class='ocrx_word' id='word_1_275' title='bbox 1304 1725 1465 1761; x_wconf 72' lang='lat' dir='ltr'><strong>invaserit.</strong></span> <span class='ocrx_word' id='word_1_276' title='bbox 1497 1733 1600 1772; x_wconf 73' lang='lat' dir='ltr'><strong>Alios,</strong></span> <span class='ocrx_word' id='word_1_277' title='bbox 1629 1735 1709 1762; x_wconf 81' lang='lat' dir='ltr'><strong>inter</strong></span> <span class='ocrx_word' id='word_1_278' title='bbox 1737 1743 1816 1772; x_wconf 80' lang='lat' dir='ltr'><strong>quos</strong></span> <span class='ocrx_word' id='word_1_279' title='bbox 1844 1734 1947 1763; x_wconf 82' lang='lat' dir='ltr'><strong>Alaz-</strong></span> 
     </span>
     <span class='ocr_line' id='line_1_26' title="bbox 151 1792 1947 1834; baseline 0.003 -13"><span class='ocrx_word' id='word_1_280' title='bbox 151 1792 276 1822; x_wconf 71' lang='lat' dir='ltr'><strong>mailius</strong></span> <span class='ocrx_word' id='word_1_281' title='bbox 304 1793 356 1831; x_wconf 73' lang='lat' dir='ltr'><strong>sit,</strong></span> <span class='ocrx_word' id='word_1_282' title='bbox 382 1793 575 1834; x_wconf 78' lang='lat' dir='ltr'><strong>Nabeglialii</strong></span> <span class='ocrx_word' id='word_1_283' title='bbox 606 1803 719 1823; x_wconf 87' lang='lat' dir='ltr'><strong>nomen</strong></span> <span class='ocrx_word' id='word_1_284' title='bbox 739 1794 842 1823; x_wconf 78' lang='lat' dir='ltr'><strong>fnisse</strong></span> <span class='ocrx_word' id='word_1_285' title='bbox 858 1794 946 1833; x_wconf 81' lang='lat' dir='ltr'><strong>Sijad</strong></span> <span class='ocrx_word' id='word_1_286' title='bbox 962 1794 989 1823; x_wconf 93' lang='lat' dir='ltr'><strong>b.</strong></span> <span class='ocrx_word' id='word_1_287' title='bbox 1008 1793 1205 1833; x_wconf 75' lang='lat' dir='ltr'><strong>Moahwijall</strong></span> <span class='ocrx_word' id='word_1_288' title='bbox 1224 1795 1251 1823; x_wconf 91' lang='lat' dir='ltr'><strong>b.</strong></span> <span class='ocrx_word' id='word_1_289' title='bbox 1269 1794 1387 1834; x_wconf 85' lang='lat' dir='ltr'><strong>Djaber</strong></span> <span class='ocrx_word' id='word_1_290' title='bbox 1404 1795 1431 1824; x_wconf 87' lang='lat' dir='ltr'><strong>b.</strong></span> <span class='ocrx_word' id='word_1_291' title='bbox 1450 1795 1572 1825; x_wconf 76' lang='lat' dir='ltr'><strong>Dhibab</strong></span> <span class='ocrx_word' id='word_1_292' title='bbox 1589 1797 1618 1826; x_wconf 88' lang='lat' dir='ltr'><strong>b.</strong></span> <span class='ocrx_word' id='word_1_293' title='bbox 1638 1797 1753 1826; x_wconf 87' lang='lat' dir='ltr'><strong>Iarbuh</strong></span> <span class='ocrx_word' id='word_1_294' title='bbox 1772 1797 1797 1826; x_wconf 90' lang='lat' dir='ltr'><strong>b.</strong></span> <span class='ocrx_word' id='word_1_295' title='bbox 1820 1795 1947 1827; x_wconf 83' lang='lat' dir='ltr'><strong>Ghaidh</strong></span> 
     </span>
     <span class='ocr_line' id='line_1_27' title="bbox 152 1855 1946 1898; baseline 0.003 -15"><span class='ocrx_word' id='word_1_296' title='bbox 152 1855 180 1883; x_wconf 82' lang='lat' dir='ltr'><strong>l).</strong></span> <span class='ocrx_word' id='word_1_297' title='bbox 209 1855 351 1894; x_wconf 82' lang='lat' dir='ltr'><strong>Morrah,</strong></span> <span class='ocrx_word' id='word_1_298' title='bbox 379 1856 513 1885; x_wconf 79' lang='lat' dir='ltr'><strong>dixisse.</strong></span> <span class='ocrx_word' id='word_1_299' title='bbox 567 1856 877 1886; x_wconf 78' lang='lat' dir='ltr'><strong>Abu—&#39;l&#39;ammamum</strong></span> <span class='ocrx_word' id='word_1_300' title='bbox 903 1862 1010 1887; x_wconf 86' lang='lat' dir='ltr'><strong>autem</strong></span> <span class='ocrx_word' id='word_1_301' title='bbox 1039 1866 1159 1886; x_wconf 82' lang='lat' dir='ltr'><strong>versus</strong></span> <span class='ocrx_word' id='word_1_302' title='bbox 1187 1856 1298 1896; x_wconf 87' lang='lat' dir='ltr'><strong>Sijado</strong></span> <span class='ocrx_word' id='word_1_303' title='bbox 1326 1858 1354 1886; x_wconf 90' lang='lat' dir='ltr'><strong>b.</strong></span> <span class='ocrx_word' id='word_1_304' title='bbox 1384 1857 1504 1888; x_wconf 86' lang='lat' dir='ltr'><strong>Ahmru</strong></span> <span class='ocrx_word' id='word_1_305' title='bbox 1534 1858 1692 1898; x_wconf 80' lang='lat' dir='ltr'><strong>Tliajjitac</strong></span> <span class='ocrx_word' id='word_1_306' title='bbox 1720 1858 1946 1897; x_wconf 83' lang='lat' dir='ltr'><strong>adscripsisse.</strong></span> 
     </span>
     <span class='ocr_line' id='line_1_28' title="bbox 154 1914 1946 1959; baseline 0.003 -15"><span class='ocrx_word' id='word_1_307' title='bbox 154 1914 188 1944; x_wconf 87' lang='lat' dir='ltr'><strong>ln</strong></span> <span class='ocrx_word' id='word_1_308' title='bbox 214 1916 306 1945; x_wconf 89' lang='lat' dir='ltr'><strong>modo</strong></span> <span class='ocrx_word' id='word_1_309' title='bbox 334 1921 453 1956; x_wconf 82' lang='lat' dir='ltr'><strong>autem,</strong></span> <span class='ocrx_word' id='word_1_310' title='bbox 477 1925 539 1955; x_wconf 91' lang='lat' dir='ltr'><strong>quo</strong></span> <span class='ocrx_word' id='word_1_311' title='bbox 557 1916 856 1947; x_wconf 82' lang='lat' dir='ltr'><strong>Abu-&#39;rammamus</strong></span> <span class='ocrx_word' id='word_1_312' title='bbox 871 1928 989 1948; x_wconf 85' lang='lat' dir='ltr'><strong>versus</strong></span> <span class='ocrx_word' id='word_1_313' title='bbox 1018 1920 1172 1958; x_wconf 74' lang='lat' dir='ltr'><strong>retulerit,</strong></span> <span class='ocrx_word' id='word_1_314' title='bbox 1203 1919 1346 1949; x_wconf 88' lang='lat' dir='ltr'><strong>indicium</strong></span> <span class='ocrx_word' id='word_1_315' title='bbox 1375 1928 1464 1959; x_wconf 75' lang='lat' dir='ltr'><strong>esse,</strong></span> <span class='ocrx_word' id='word_1_316' title='bbox 1492 1929 1610 1949; x_wconf 90' lang='lat' dir='ltr'><strong>versus</strong></span> <span class='ocrx_word' id='word_1_317' title='bbox 1638 1919 1753 1959; x_wconf 84' lang='lat' dir='ltr'><strong>Iasido,</strong></span> <span class='ocrx_word' id='word_1_318' title='bbox 1783 1930 1842 1950; x_wconf 88' lang='lat' dir='ltr'><strong>nec</strong></span> <span class='ocrx_word' id='word_1_319' title='bbox 1869 1929 1946 1949; x_wconf 79' lang='lat' dir='ltr'><strong>vero</strong></span> 
     </span>
    </p>
   </div>
   <div class='ocr_carea' id='block_1_8' title="bbox 155 1977 725 2018">
    <p class='ocr_par' dir='ltr' id='par_1_9' title="bbox 155 1977 725 2018">
     <span class='ocr_line' id='line_1_29' title="bbox 155 1977 725 2018; baseline 0.004 -12"><span class='ocrx_word' id='word_1_320' title='bbox 155 1977 357 2018; x_wconf 82' lang='lat' dir='ltr'><strong>Nabeghaho</strong></span> <span class='ocrx_word' id='word_1_321' title='bbox 384 1978 610 2008; x_wconf 87' lang='lat' dir='ltr'><strong>adscribendos</strong></span> <span class='ocrx_word' id='word_1_322' title='bbox 639 1988 725 2008; x_wconf 83' lang='lat' dir='ltr'><strong>esse.</strong></span> 
     </span>
    </p>
   </div>
   <div class='ocr_carea' id='block_1_9' title="bbox 146 2086 1945 2566">
    <p class='ocr_par' dir='ltr' id='par_1_10' title="bbox 150 2086 1945 2184">
     <span class='ocr_line' id='line_1_30' title="bbox 150 2086 1945 2128; baseline 0.003 -14"><span class='ocrx_word' id='word_1_323' title='bbox 150 2086 178 2113; x_wconf 84' lang='lat'><strong>1.</strong></span> <span class='ocrx_word' id='word_1_324' title='bbox 224 2086 329 2115; x_wconf 82' lang='lat' dir='ltr'><strong>Ardor</strong></span> <span class='ocrx_word' id='word_1_325' title='bbox 362 2088 465 2116; x_wconf 74' lang='lat' dir='ltr'><strong>cordis</strong></span> <span class='ocrx_word' id='word_1_326' title='bbox 496 2089 646 2125; x_wconf 74' lang='lat' dir='ltr'><strong>adficiens</strong></span> <span class='ocrx_word' id='word_1_327' title='bbox 680 2089 839 2126; x_wconf 73' lang='lat' dir='ltr'><strong>lacrymas</strong></span> <span class='ocrx_word' id='word_1_328' title='bbox 871 2099 957 2118; x_wconf 80' lang='lat' dir='ltr'><strong>meas</strong></span> <span class='ocrx_word' id='word_1_329' title='bbox 990 2092 1115 2128; x_wconf 78' lang='lat' dir='ltr'><strong>effudit,</strong></span> <span class='ocrx_word' id='word_1_330' title='bbox 1148 2095 1177 2120; x_wconf 78' lang='lat' dir='ltr'><strong>el</strong></span> <span class='ocrx_word' id='word_1_331' title='bbox 1211 2093 1312 2119; x_wconf 81' lang='lat' dir='ltr'><strong>noctis</strong></span> <span class='ocrx_word' id='word_1_332' title='bbox 1348 2100 1433 2119; x_wconf 78' lang='lat' dir='ltr'><strong>mene</strong></span> <span class='ocrx_word' id='word_1_333' title='bbox 1455 2091 1633 2122; x_wconf 74' lang='lat' dir='ltr'><strong>sollicitudo</strong></span> <span class='ocrx_word' id='word_1_334' title='bbox 1655 2093 1758 2126; x_wconf 81' lang='lat' dir='ltr'><strong>rediit,</strong></span> <span class='ocrx_word' id='word_1_335' title='bbox 1791 2096 1855 2121; x_wconf 83' lang='lat' dir='ltr'><strong>tum</strong></span> <span class='ocrx_word' id='word_1_336' title='bbox 1879 2102 1945 2120; x_wconf 80' lang='lat' dir='ltr'><strong>eam</strong></span> 
     </span>
     <span class='ocr_line' id='line_1_31' title="bbox 853 2141 1248 2184; baseline 0.008 -12"><span class='ocrx_word' id='word_1_337' title='bbox 853 2141 1018 2184; x_wconf 67' lang='lat' dir='ltr'><strong>(noctem)</strong></span> <span class='ocrx_word' id='word_1_338' title='bbox 1040 2146 1248 2183; x_wconf 40' lang='lat' dir='ltr'><strong>pralon-(savit.</strong></span> 
     </span>
    </p>

    <p class='ocr_par' dir='ltr' id='par_1_11' title="bbox 146 2210 1944 2566">
     <span class='ocr_line' id='line_1_32' title="bbox 248 2210 1944 2256; baseline 0.005 -19"><span class='ocrx_word' id='word_1_339' title='bbox 248 2210 429 2239; x_wconf 85' lang='lat' dir='ltr'><strong>Moerorem</strong></span> <span class='ocrx_word' id='word_1_340' title='bbox 455 2219 549 2240; x_wconf 88' lang='lat' dir='ltr'><strong>suum</strong></span> <span class='ocrx_word' id='word_1_341' title='bbox 576 2211 739 2242; x_wconf 84' lang='lat' dir='ltr'><strong>describit.</strong></span> <span class='ocrx_word' id='word_1_342' title='bbox 792 2214 926 2243; x_wconf 85' lang='lat' dir='ltr'><strong>Tantum</strong></span> <span class='ocrx_word' id='word_1_343' title='bbox 955 2224 1049 2255; x_wconf 88' lang='lat' dir='ltr'><strong>esse,</strong></span> <span class='ocrx_word' id='word_1_344' title='bbox 1084 2221 1118 2245; x_wconf 87' lang='lat' dir='ltr'><strong>ut</strong></span> <span class='ocrx_word' id='word_1_345' title='bbox 1155 2215 1309 2256; x_wconf 71' lang='lat' dir='ltr'><strong>lacrymas</strong></span> <span class='ocrx_word' id='word_1_346' title='bbox 1340 2216 1476 2246; x_wconf 79' lang='lat' dir='ltr'><strong>effundat</strong></span> <span class='ocrx_word' id='word_1_347' title='bbox 1507 2221 1538 2246; x_wconf 85' lang='lat' dir='ltr'><strong>et</strong></span> <span class='ocrx_word' id='word_1_348' title='bbox 1564 2222 1659 2246; x_wconf 76' lang='lat' dir='ltr'><strong>noctu</strong></span> <span class='ocrx_word' id='word_1_349' title='bbox 1687 2226 1797 2246; x_wconf 89' lang='lat' dir='ltr'><strong>somno</strong></span> <span class='ocrx_word' id='word_1_350' title='bbox 1825 2222 1944 2246; x_wconf 84' lang='lat' dir='ltr'><strong>careat.</strong></span> 
     </span>
     <span class='ocr_line' id='line_1_33' title="bbox 149 2271 1944 2317; baseline 0.006 -18"><span class='ocrx_word' id='word_1_351' title='bbox 149 2273 182 2300; x_wconf 89' lang='lat' dir='ltr'><strong>ln</strong></span> <span class='ocrx_word' id='word_1_352' title='bbox 208 2271 312 2310; x_wconf 88' lang='lat' dir='ltr'><strong>priore</strong></span> <span class='ocrx_word' id='word_1_353' title='bbox 339 2281 456 2302; x_wconf 89' lang='lat' dir='ltr'><strong>versus</strong></span> <span class='ocrx_word' id='word_1_354' title='bbox 483 2277 570 2312; x_wconf 87' lang='lat' dir='ltr'><strong>parte</strong></span> <span class='ocrx_word' id='word_1_355' title='bbox 600 2272 673 2314; x_wconf 80' lang='lat' dir='ltr'><strong>diei,</strong></span> <span class='ocrx_word' id='word_1_356' title='bbox 705 2274 733 2302; x_wconf 90' lang='lat' dir='ltr'><strong>in</strong></span> <span class='ocrx_word' id='word_1_357' title='bbox 750 2278 930 2313; x_wconf 86' lang='lat' dir='ltr'><strong>posteriore</strong></span> <span class='ocrx_word' id='word_1_358' title='bbox 945 2279 1047 2306; x_wconf 81' lang='lat' dir='ltr'><strong>noctis</strong></span> <span class='ocrx_word' id='word_1_359' title='bbox 1064 2278 1273 2308; x_wconf 85' lang='lat' dir='ltr'><strong>conditionem</strong></span> <span class='ocrx_word' id='word_1_360' title='bbox 1292 2283 1388 2317; x_wconf 85' lang='lat' dir='ltr'><strong>poeta</strong></span> <span class='ocrx_word' id='word_1_361' title='bbox 1402 2278 1585 2309; x_wconf 88' lang='lat' dir='ltr'><strong>describere</strong></span> <span class='ocrx_word' id='word_1_362' title='bbox 1601 2280 1735 2310; x_wconf 84' lang='lat' dir='ltr'><strong>videtur.</strong></span> <span class='ocrx_word' id='word_1_363' title='bbox 1766 2278 1827 2317; x_wconf 81' lang='lat' dir='ltr'><strong>Qui</strong></span> <span class='ocrx_word' id='word_1_364' title='bbox 1842 2280 1944 2309; x_wconf 84' lang='lat' dir='ltr'><strong>noctis</strong></span> 
     </span>
     <span class='ocr_line' id='line_1_34' title="bbox 150 2334 1943 2381; baseline 0.004 -19"><span class='ocrx_word' id='word_1_365' title='bbox 150 2339 293 2372; x_wconf 87' lang='lat' dir='ltr'><strong>tempore</strong></span> <span class='ocrx_word' id='word_1_366' title='bbox 325 2344 386 2364; x_wconf 89' lang='lat' dir='ltr'><strong>uon</strong></span> <span class='ocrx_word' id='word_1_367' title='bbox 421 2334 555 2376; x_wconf 86' lang='lat' dir='ltr'><strong>dormit,</strong></span> <span class='ocrx_word' id='word_1_368' title='bbox 593 2336 620 2365; x_wconf 91' lang='lat' dir='ltr'><strong>ei</strong></span> <span class='ocrx_word' id='word_1_369' title='bbox 649 2337 773 2377; x_wconf 83' lang='lat' dir='ltr'><strong>longior</strong></span> <span class='ocrx_word' id='word_1_370' title='bbox 800 2338 938 2368; x_wconf 85' lang='lat' dir='ltr'><strong>videtur.</strong></span> <span class='ocrx_word' id='word_1_371' title='bbox 993 2339 1084 2368; x_wconf 72' lang='lat' dir='ltr'><strong>voce</strong></span> <span class='ocrx_word' id='word_1_372' title='bbox 1109 2338 1235 2371; x_wconf 44' lang='lat' dir='ltr'><strong>lobi&gt;i</strong></span> <span class='ocrx_word' id='word_1_373' title='bbox 1264 2339 1397 2369; x_wconf 82' lang='lat' dir='ltr'><strong>hominis</strong></span> <span class='ocrx_word' id='word_1_374' title='bbox 1424 2344 1541 2370; x_wconf 81' lang='lat' dir='ltr'><strong>statum</strong></span> <span class='ocrx_word' id='word_1_375' title='bbox 1569 2342 1740 2381; x_wconf 81' lang='lat' dir='ltr'><strong>inquietum</strong></span> <span class='ocrx_word' id='word_1_376' title='bbox 1765 2341 1803 2369; x_wconf 92' lang='lat' dir='ltr'><strong>ob</strong></span> <span class='ocrx_word' id='word_1_377' title='bbox 1821 2340 1943 2370; x_wconf 88' lang='lat' dir='ltr'><strong>sollici—</strong></span> 
     </span>
     <span class='ocr_line' id='line_1_35' title="bbox 149 2395 1942 2442; baseline 0.005 -19"><span class='ocrx_word' id='word_1_378' title='bbox 149 2395 273 2424; x_wconf 81' lang='lat' dir='ltr'><strong>tudines</strong></span> <span class='ocrx_word' id='word_1_379' title='bbox 299 2396 492 2438; x_wconf 83' lang='lat' dir='ltr'><strong>significari,</strong></span> <span class='ocrx_word' id='word_1_380' title='bbox 528 2399 722 2430; x_wconf 84' lang='lat' dir='ltr'><strong>scholiastes</strong></span> <span class='ocrx_word' id='word_1_381' title='bbox 760 2400 849 2430; x_wconf 81' lang='lat' dir='ltr'><strong>dixit.</strong></span> <span class='ocrx_word' id='word_1_382' title='bbox 905 2402 1025 2431; x_wconf 78' lang='lat' dir='ltr'><strong>Vocem</strong></span> <span class='ocrx_word' id='word_1_383' title='bbox 1054 2407 1149 2440; x_wconf 84' lang='lat' dir='ltr'><strong>poeta</strong></span> <span class='ocrx_word' id='word_1_384' title='bbox 1184 2411 1255 2431; x_wconf 85' lang='lat' dir='ltr'><strong>enm</strong></span> <span class='ocrx_word' id='word_1_385' title='bbox 1294 2408 1386 2432; x_wconf 88' lang='lat' dir='ltr'><strong>nocte</strong></span> <span class='ocrx_word' id='word_1_386' title='bbox 1422 2404 1600 2439; x_wconf 87' lang='lat' dir='ltr'><strong>coniunxit,</strong></span> <span class='ocrx_word' id='word_1_387' title='bbox 1633 2402 1715 2442; x_wconf 90' lang='lat' dir='ltr'><strong>quod</strong></span> <span class='ocrx_word' id='word_1_388' title='bbox 1749 2411 1801 2432; x_wconf 87' lang='lat' dir='ltr'><strong>res</strong></span> <span class='ocrx_word' id='word_1_389' title='bbox 1841 2404 1942 2432; x_wconf 85' lang='lat' dir='ltr'><strong>noctis</strong></span> 
     </span>
     <span class='ocr_line' id='line_1_36' title="bbox 147 2461 1941 2507; baseline 0.003 -19"><span class='ocrx_word' id='word_1_390' title='bbox 147 2464 289 2498; x_wconf 86' lang='lat' dir='ltr'><strong>tempore</strong></span> <span class='ocrx_word' id='word_1_391' title='bbox 317 2461 481 2501; x_wconf 81' lang='lat' dir='ltr'><strong>contingit.</strong></span> <span class='ocrx_word' id='word_1_392' title='bbox 509 2462 570 2491; x_wconf 89' lang='lat' dir='ltr'><strong>Alii</strong></span> <span class='ocrx_word' id='word_1_393' title='bbox 589 2462 736 2507; x_wconf 53' lang='lat'><strong>5⁸2*²?5</strong></span> <span class='ocrx_word' id='word_1_394' title='bbox 757 2462 880 2503; x_wconf 85' lang='lat' dir='ltr'><strong>legunt,</strong></span> <span class='ocrx_word' id='word_1_395' title='bbox 909 2468 942 2493; x_wconf 86' lang='lat' dir='ltr'><strong>ut</strong></span> <span class='ocrx_word' id='word_1_396' title='bbox 969 2473 1035 2492; x_wconf 88' lang='lat' dir='ltr'><strong>vox</strong></span> <span class='ocrx_word' id='word_1_397' title='bbox 1056 2461 1136 2504; x_wconf 39' lang='lat'><strong>&amp;323</strong></span> <span class='ocrx_word' id='word_1_398' title='bbox 1166 2465 1300 2502; x_wconf 89' lang='lat' dir='ltr'><strong>tempori</strong></span> <span class='ocrx_word' id='word_1_399' title='bbox 1329 2464 1508 2494; x_wconf 85' lang='lat' dir='ltr'><strong>deliniendo</strong></span> <span class='ocrx_word' id='word_1_400' title='bbox 1536 2464 1701 2494; x_wconf 83' lang='lat' dir='ltr'><strong>inserviat.</strong></span> <span class='ocrx_word' id='word_1_401' title='bbox 1737 2463 1941 2494; x_wconf 86' lang='lat' dir='ltr'><strong>Scholiastes</strong></span> 
     </span>
     <span class='ocr_line' id='line_1_37' title="bbox 146 2521 1941 2566; baseline 0.003 -17"><span class='ocrx_word' id='word_1_402' title='bbox 146 2521 226 2550; x_wconf 87' lang='lat' dir='ltr'><strong>inter</strong></span> <span class='ocrx_word' id='word_1_403' title='bbox 253 2521 353 2551; x_wconf 84' lang='lat' dir='ltr'><strong>verba</strong></span> <span class='ocrx_word' id='word_1_404' title='bbox 380 2521 474 2559; x_wconf 45' lang='lat'><strong>„29³3</strong></span> <span class='ocrx_word' id='word_1_405' title='bbox 503 2528 535 2553; x_wconf 90' lang='lat' dir='ltr'><strong>et</strong></span> <span class='ocrx_word' id='word_1_406' title='bbox 562 2523 670 2560; x_wconf 53' lang='lat' dir='ltr'><strong>sta&gt;l</strong></span> <span class='ocrx_word' id='word_1_407' title='bbox 698 2525 762 2555; x_wconf 84' lang='lat' dir='ltr'><strong>tale</strong></span> <span class='ocrx_word' id='word_1_408' title='bbox 789 2524 959 2555; x_wconf 86' lang='lat' dir='ltr'><strong>discrimen</strong></span> <span class='ocrx_word' id='word_1_409' title='bbox 987 2534 1063 2555; x_wconf 90' lang='lat' dir='ltr'><strong>esse</strong></span> <span class='ocrx_word' id='word_1_410' title='bbox 1094 2526 1228 2562; x_wconf 80' lang='lat' dir='ltr'><strong>statuit,</strong></span> <span class='ocrx_word' id='word_1_411' title='bbox 1268 2531 1302 2556; x_wconf 86' lang='lat' dir='ltr'><strong>ut</strong></span> <span class='ocrx_word' id='word_1_412' title='bbox 1330 2526 1403 2556; x_wconf 90' lang='lat' dir='ltr'><strong>illud</strong></span> <span class='ocrx_word' id='word_1_413' title='bbox 1433 2526 1567 2566; x_wconf 85' lang='lat' dir='ltr'><strong>tempori</strong></span> <span class='ocrx_word' id='word_1_414' title='bbox 1603 2525 1680 2565; x_wconf 84' lang='lat' dir='ltr'><strong>diei,</strong></span> <span class='ocrx_word' id='word_1_415' title='bbox 1717 2524 1776 2555; x_wconf 88' lang='lat' dir='ltr'><strong>hoc</strong></span> <span class='ocrx_word' id='word_1_416' title='bbox 1806 2526 1941 2564; x_wconf 78' lang='lat' dir='ltr'><strong>tempori</strong></span> 
     </span>
    </p>
   </div>
   <div class='ocr_carea' id='block_1_10' title="bbox 147 2582 626 2622">
    <p class='ocr_par' dir='ltr' id='par_1_12' title="bbox 147 2582 626 2622">
     <span class='ocr_line' id='line_1_38' title="bbox 147 2582 626 2622; baseline 0.015 -12"><span class='ocrx_word' id='word_1_417' title='bbox 147 2582 251 2612; x_wconf 83' lang='lat' dir='ltr'><strong>noctis</strong></span> <span class='ocrx_word' id='word_1_418' title='bbox 276 2584 434 2622; x_wconf 88' lang='lat' dir='ltr'><strong>proprium</strong></span> <span class='ocrx_word' id='word_1_419' title='bbox 463 2585 626 2616; x_wconf 83' lang='lat' dir='ltr'><strong>habeatur.</strong></span> 
     </span>
    </p>
   </div>
  </div>
 </body>
</html>
