2155 2892
886 118 1171 150 -334—

139 230 174 250 re
199 217 265 263 ..ibjs'
295 217 516 249 concinnatum
545 224 600 249 aut
627 219 760 250 tinctum
788 220 875 250 dixit.
938 219 1042 258 Quum
1069 230 1122 251 res
1157 219 1224 266 ,ῖς-3
1251 223 1411 262 appellata
1444 223 1474 253 in
1503 223 1625 255 Arabia
1651 225 1735 257 felici
1769 227 1924 269 frequens

138 288 240 324 esset,
267 283 355 323 regio
382 282 433 311 illa
461 278 552 326 „bjill
579 278 639 318 obl-,i
666 281 893 321 appellabatur.
947 281 1074 312 Corium
1102 282 1196 313 talem
1225 286 1363 314 colorem
1388 285 1511 315 habens
1539 286 1710 325 praecipue
1739 288 1769 318 in
1791 291 1922 331 regione

137 347 274 377 Arabiae
312 345 412 375 felicis
449 351 591 384 paratum
627 345 751 385 fuisse,
788 355 806 374 e
833 354 931 374 versu
980 344 1026 375 30
1067 346 1204 377 Tarafae
1237 347 1382 386 (Moall.)
1411 349 1642 388 cognoscimus.
1695 348 1766 379 Duo
1791 357 1864 381 sunt
1893 352 1923 382 in

136 418 233 439 versu
260 413 370 438 nostro
398 408 524 449 legendi
560 408 641 438 modi
667 406 753 453 &035
791 410 843 455 &³³⁵
875 412 908 437 et
948 406 1034 453 Γρρἶῦἷ
1061 411 1139 455 ζωαὶ,
1167 419 1297 449 quorum
1325 411 1473 451 priorem,
1501 411 1616 451 quippe
1643 414 1775 444 verbum
1803 417 1855 463 εὔ
1882 416 1922 447 de

133 473 228 502 rubro
255 471 331 502 corii
359 472 465 502 colore
492 471 695 512 adhibeatur,
732 471 973 511 praeferendum
1002 476 1089 511 putu.
1117 472 1319 501 scholiastes
1342 481 1455 502 vocem
1484 472 1588 510 Μ
1615 484 1747 506 sensum
1775 478 1923 517 superla-

133 536 190 567 tivi
215 535 306 565 vocis
333 533 429 566 :adl
458 534 574 564 offerre
600 539 633 564 et
661 535 742 565 hanc
768 544 844 564 esse
871 545 1011 574 causam,
1038 545 1093 565 cur
1120 536 1249 575 pluralis
1275 533 1361 567 uua-5
1388 536 1548 579 formetur,
1576 538 1661 570 dicit.

133 632 166 663 8.
211 631 304 668 Quod
322 632 459 660 bibentes
480 632 613 660 lilubaoe
630 633 778 671 faciebat,
792 636 828 661 ul
849 633 991 662 homines
1013 633 1195 662 vulneribus
1218 634 1370 662 debilitati
1394 635 1582 666 viderentur.

227 702 300 732 Vim
328 701 393 731 vini
420 701 555 740 probans
583 700 669 736 dicit,
698 701 840 731 bibentes
867 702 941 731 vino
970 703 1093 731 omnino
1120 703 1273 732 subactos
1300 712 1387 741 esse,
1416 708 1449 733 ut
1475 704 1593 735 viribus
1620 706 1711 746 quasi
1732 706 1918 737 vulneribus

131 764 250 796 adflicti
290 764 548 795 destituerentur.
616 760 653 794 In
688 764 845 793 Mersukii
873 764 982 794 codice
1011 769 1081 804 post
1109 764 1190 795 hunc
1220 774 1347 795 versum
1377 765 1406 795 in
1435 765 1496 795 fine
1523 766 1601 807 folii,
1629 768 1713 808 quod
1739 769 1800 799 alia
1826 778 1919 799 manu

128 827 282 866 scriptum
307 831 380 867 est,
415 828 445 855 in
478 834 562 855 novo
590 825 663 855 folio
691 825 801 855 eadem
830 835 920 855 manu
948 836 1038 865 quam
1064 826 1162 857 maior
1196 836 1270 866 pars
1297 829 1416 867 scripto
1444 828 1583 868 quinque
1611 838 1728 859 versus
1756 840 1797 860 ex
1824 831 1914 861 Tha-

128 890 217 920 rafae
245 889 405 919 Moallaka
441 899 512 919 cum
552 889 778 919 commentario
812 893 1002 929 sequuntur,
1043 890 1134 930 quasi
1169 899 1243 929 pars
1279 890 1441 920 Hamaeisae
1469 890 1550 929 sint,
1586 890 1616 920 in
1643 895 1766 922 textum
1792 892 1916 923 inserti.

127 952 264 982 Nonnisi
297 953 328 981 in
355 951 494 992 margine
521 954 687 990 sequentia
714 952 883 992 leguntur:
923 943 1042 983 'scta-‚³5
1066 967 1108 990 0»,
1134 949 1256 992 vum-45,
1286 948 1373 993 &jail
1401 952 1494 999 &⁸⁸⁵³
1520 969 1563 992 U*
1589 951 1697 991 vtem
1727 949 1804 984 ὣς).
1851 955 1914 986 »Hi

128 1025 248 1046 versus
280 1025 298 1045 e
327 1019 450 1054 septem
478 1014 583 1055 longis
612 1014 649 1052 (i.
677 1024 705 1044 e.
735 1014 923 1044 carminibus
949 1015 1142 1056 Moallakat)
1169 1015 1305 1046 desumti
1333 1026 1406 1055 pars
1435 1018 1595 1048 Hamasae
1622 1027 1683 1048 non
1710 1023 1794 1048 suut.

126 1112 159 1142 9.
208 1112 284 1142 Tum
313 1114 516 1141 surreximus
545 1110 597 1152 (et
626 1112 739 1141 cameli
765 1113 983 1152 condocefacli
1008 1110 1138 1152 erant),
1170 1115 1332 1143 tendentes
1361 1115 1404 1143 ad
1435 1111 1615 1155 (camelos)
1648 1115 1761 1144 cubitis
1783 1115 1917 1153 defle-'cis

704 1167 874 1203 praeditos,
898 1167 1023 1202 maym's
1049 1166 1149 1202 yibbis
1169 1167 1337 1203 praedilos.

224 1235 338 1265 Ebrios
362 1239 468 1265 autem
495 1234 562 1265 illos
591 1235 737 1265 matutino
766 1239 909 1274 tempore
937 1235 1076 1265 camelos
1106 1245 1184 1265 suos
1211 1236 1450 1274 conscendisse.
1465 1239 1501 1265 ut
1528 1235 1704 1274 voluptatis
1731 1244 1829 1265 causa
1855 1244 1916 1265 ex-

124 1303 310 1339 currerent,
340 1303 456 1328 narrat.
485 1298 647 1337 Camelos,
675 1299 786 1337 quibus
812 1298 889 1328 ebrii
917 1301 1092 1338 uterentur,
1120 1297 1363 1328 condoccsactos
1390 1297 1491 1328 fuisse
1517 1296 1612 1327 addit.
1651 1296 1718 1327 Sed
1735 1297 1803 1327 loco
1823 1296 1913 1328 vocis

122 1357 257 1396 &Ue-*⁹³
272 1359 524 1398 (condocefacti)
540 1360 619 1389 alter
634 1360 759 1400 legendi
780 1360 892 1390 modus
922 1359 1055 1398 ψωςέ
1073 1359 1221 1400 (adligati
1248 1360 1277 1389 in
1303 1359 1371 1389 loco
1399 1363 1472 1389 ante
1500 1358 1728 1397 habitaculum)
1741 1362 1804 1399 est,
1821 1367 1912 1397 quem

121 1422 319 1460 Mersukius,
348 1422 454 1451 nescio
482 1431 543 1461 qua
570 1431 667 1452 causa
694 1428 867 1453 commotus
891 1423 1133 1462 praeferendum
1161 1422 1295 1451 censuit.
1325 1421 1475 1451 Camelos
1503 1425 1608 1451 autem
1635 1425 1782 1459 tanquam
1810 1420 1912 1449 bonos

121 1483 280 1514 describit.
308 1484 473 1514 Camelum
500 1485 637 1514 cubitum
665 1484 836 1523 deflexum,
865 1489 899 1515 ut
925 1485 1008 1515 latus
1035 1495 1096 1515 non
1115 1485 1255 1522 fricetur,
1270 1484 1434 1515 habentem
1462 1483 1580 1514 laudari
1597 1483 1707 1521 (Ham.
1731 1481 1785 1512 00?
1802 1493 1834 1513 v.
1862 1483 1911 1522 1.)

122 1546 270 1576 vidimus.
311 1547 383 1576 Nec
411 1556 470 1575 non
502 1556 632 1586 magnus
659 1547 769 1576 cameli
809 1548 921 1588 gibbus
952 1549 1075 1587 (conf.
1103 1549 1193 1578 Ham.
1222 1550 1270 1578 ῚΛΑ
1296 1557 1328 1577 v.
1357 1547 1407 1586 3.)
1435 1545 1590 1576 laudatur.
1644 1545 1767 1574 Animal
1794 1546 1911 1586 pingue

120 1617 197 1638 esse
226 1608 365 1638 ostendit
393 1612 424 1639 et
454 1610 576 1638 nonnisi
605 1610 717 1639 bonum
746 1611 858 1640 animal
883 1612 1077 1652 pinguescit.

128 1705 183 1735 10.
208 1705 309 1742 Quasi
330 1716 386 1735 nos
409 1707 569 1745 sellaeque
590 1717 686 1745 svper
705 1718 802 1744 φημ’
823 1709 912 1737 baum
934 1709 1123 1738 silvestrium
1146 1712 1178 1738 in
1201 1718 1298 1738 arena
1324 1707 1509 1745 lociHosulc,
1527 1715 1620 1745 quam
1643 1715 1710 1734 noa·
1731 1702 1913 1745 (venatori-

718 1763 727 1786 'l
813 1760 893 1802 bns)
916 1764 1054 1797 tradidit,
1080 1773 1229 1792 essemus.

237 1828 436 1858 Scholiastes
479 1829 618 1859 camelos
663 1840 732 1860 cum
765 1832 919 1872 gregibus
963 1832 1053 1862 boum
1092 1833 1288 1862 silvestrium
1321 1844 1339 1864 a
1371 1839 1465 1873 poeta
1492 1838 1692 1873 comparatos
1719 1842 1794 1862 esse
1820 1831 1906 1862 dicit.

121 1891 324 1930 Comparatio
359 1892 456 1932 igitur
491 1892 520 1921 in
554 1892 715 1922 celeritate
742 1894 935 1931 potissimum
964 1894 1068 1933 posita
1095 1898 1166 1932 est,
1193 1894 1310 1924 addidit
1336 1899 1419 1927 enim
1448 1903 1542 1937 poeta
1568 1897 1667 1926 verba
1691 1892 1790 1939 &5⁴⁴²ss
1818 1893 1906 1925 ulmi

125 1953 273 1983 »tradidit
300 1963 368 1983 eam
398 1964 494 1985 nox«.
549 1954 679 1985 Omissa
705 1962 777 1986 sunt
799 1958 898 1987 verba
911 1955 1031 1998 ῳὶὶᾗᾶῑ,
1059 1955 1207 2002 Ogokffsajl
1234 1957 1266 1993 gi
1299 1960 1526 1989 »venatoribus
1554 1958 1780 1996 canibusque«.
1809 1957 1909 1987 Com-

120 2018 210 2054 parat
239 2014 334 2055 igitur
362 2017 501 2045 camelos
529 2017 674 2047 celeriter
700 2024 863 2049 currentes
894 2029 962 2049 cnm
990 2021 1091 2050 bobus
1118 2022 1335 2061 silvestribus,
1351 2030 1428 2060 quas
1455 2025 1625 2050 venatores
1650 2029 1810 2059 canesque
1829 2029 1907 2058 per-

117 2083 303 2117 sequuntur.
367 2080 490 2108 Vocem
524 2077 625 2126 &⁶²³5
660 2084 722 2110 tam
755 2087 880 2112 noctem
914 2093 1006 2123 quam
1042 2085 1226 2115 matutinum
1263 2089 1388 2122 tempus
1416 2082 1612 2123 significare,
1653 2091 1747 2120 quum
1777 2081 1901 2120 proprie

118 2149 193 2178 pars
220 2139 370 2178 temporis
398 2141 436 2170 ab
463 2141 562 2171 altera
588 2147 739 2181 separata
767 2144 816 2184 sit,
844 2145 986 2175 scholion
1014 2147 1117 2177 habet.
1146 2148 1222 2177 Nox
1250 2156 1341 2185 quum
1369 2148 1495 2184 propter
1527 2145 1750 2174 obscuritatem
1778 2148 1904 2181 tempus

117 2202 171 2241 sit,
199 2211 259 2241 quo
287 2206 457 2231 venatores
492 2203 531 2232 ad
558 2214 691 2245 gregem
720 2206 872 2237 accedere
908 2209 1047 2249 possint,
1082 2209 1163 2239 hanc
1197 2210 1226 2239 in
1250 2218 1348 2238 versu
1376 2207 1634 2247 significationem
1662 2203 1901 2245 praeferendam

117 2273 190 2295 esse
217 2269 305 2303 puto-
356 2264 409 2294 Nil
439 2274 560 2304 quoque
589 2267 718 2296 obstare
745 2268 883 2305 videtur,
912 2271 1076 2308 quominus
1104 2271 1296 2312 significatio
1325 2280 1419 2309 pars
1447 2279 1672 2299 arenarum
1701 2278 1719 2298 a
1746 2267 1902 2297 maiore

116 2328 278 2358 cumulo
308 2333 512 2367 separata
539 2328 732 2367 admittatur,
762 2335 796 2360 ut
823 2332 904 2360 enim
932 2336 1055 2372 tempus
1082 2334 1131 2364 sic
1158 2333 1244 2362 locus
1273 2333 1302 2361 in
1329 2341 1426 2362 causa
1454 2341 1530 2361 esse
1558 2334 1678 2370 potest,
1707 2333 1741 2358 ut
1762 2333 1901 2358 venato-

116 2398 166 2419 res
193 2390 231 2419 ad
257 2390 339 2420 illam
369 2400 500 2431 gregem
527 2391 688 2422 accedant.
746 2392 844 2422 Poeta
878 2404 973 2425 unum
1009 2400 1063 2424 aut
1097 2396 1229 2425 alterum
1257 2401 1404 2434 tanquam
1434 2403 1599 2434 personam
1628 2391 1793 2429 describit,
1819 2400 1900 2429 quae

116 2460 182 2480 rem
210 2451 299 2489 quasi
326 2461 416 2482 manu
445 2452 549 2482 tradit.
601 2453 680 2483 Loci
707 2455 834 2484 arenosi
862 2454 975 2484 Hosak
1001 2461 1054 2484 aut
1081 2455 1185 2484 llisak
1213 2456 1398 2486 enunciandi
1422 2457 1515 2486 situm
1536 2454 1642 2485 nullibi
1670 2455 1786 2486 inveni,

118 2545 167 2575 11.
190 2547 236 2575 Et
256 2551 375 2577 noctem
399 2551 610 2586 tratzseqimus
631 2554 693 2580 tam
716 2551 804 2580 hisce
826 2552 919 2580 rebus
941 2561 1033 2590 quam
1056 2552 1178 2581 mosclzi
1196 2553 1341 2581 odoribus
1363 2553 1510 2581 delectati
1531 2554 1598 2587 e!‚o
1615 2552 1708 2579 citam
1733 2551 1898 2578 admiran-

828 2604 922 2633 dum!
942 2607 973 2633 si
991 2615 1027 2634 ea
1049 2606 1185 2636 duraret.
