2155 2892
886 126 1057 158 —396
1115 144 1154 150 —

132 222 365 263 gyptiaca),
392 225 484 252 cuius
512 223 629 254 mentio
656 234 674 255 a
701 225 805 264 poetis
833 225 1088 265 frequentissime
1115 226 1162 266 fit,
1180 226 1326 257 conferas
1355 237 1436 267 quae
1463 227 1649 258 doctissime
1676 228 1822 260 disseruit
1856 231 1915 262 cel.

130 284 250 315 Garcin
276 284 305 313 in
329 284 405 313 libro
440 285 526 315 »Les
554 288 686 316 oiseaux
713 291 745 317 et
771 287 817 316 les
836 287 934 317 fleurs
966 297 995 326 p.
1026 288 1094 318 142
1120 298 1189 329 sqq.
1218 295 1251 320 et
1276 290 1346 322 230
1376 301 1468 332 sqq.«
1501 290 1652 329 Corporis
1682 290 1765 321 laudi
1791 291 1912 322 laudem

132 346 224 376 animi
251 346 404 387 adiungit.
458 346 611 378 Gravitas
639 354 744 379 autem
771 349 931 379 Arabibus
959 350 1040 380 laudi
1068 354 1131 381 est.

131 459 163 487 3.
208 460 277 489 Eue
299 458 477 500 (feminae)
502 464 603 490 autem
633 463 662 490 ei
686 465 804 490 secreto
827 462 997 492 dixerunt:
1035 464 1074 493 Te
1096 464 1288 494 llberemus!
1315 465 1365 494 Ne
1394 474 1494 494 sanus
1516 462 1625 492 abeat!
1651 466 1682 492 et
1713 464 1743 491 si
1764 472 1833 492 eum
1855 471 1918 491 non

711 516 807 553 plane
828 517 954 552 occidis,
979 517 1068 545 haud
1087 518 1219 546 mullum
1241 517 1345 546 desit!

225 584 373 614 Feminae
401 584 498 624 ipsam
527 584 717 615 comitantes
746 594 848 624 quum,
878 590 1074 625 quantopere
1099 587 1147 616 vir
1174 586 1328 625 adspectu
1357 587 1438 616 illius
1467 591 1570 618 motus
1598 588 1649 628 sit,
1671 586 1915 629 cognovissent,

130 648 219 688 quasi
247 647 447 688 gratulantes
477 656 544 676 eam
571 647 727 676 allocutae
754 652 845 685 sunt3
876 647 934 677 sed
965 647 1158 677 scholiastes
1186 657 1298 678 vocem
1329 645 1508 692 isuduplici
1533 650 1622 679 modo
1642 649 1792 690 explicari
1819 657 1916 688 posse

130 711 218 741 dixit.
245 711 311 740 Aut
336 709 404 739 loco
432 709 622 748 imperativi,
650 714 684 738 ut
711 709 810 748 prima
837 710 927 739 verbi
955 710 1055 739 forma
1083 709 1347 751 significationem
1375 711 1485 741 tertiae
1512 711 1638 751 habeat,
1664 714 1798 752 positam
1825 720 1912 741 esse.

131 775 328 806 Vertendum
355 774 451 815 igitur
489 776 539 802 est
579 772 770 802 »clanculum
805 772 833 802 ei
868 773 995 813 signum
1024 772 1073 802 fac
1108 776 1177 802 aut
1204 773 1379 803 clanculum
1408 773 1438 803 ei
1466 769 1639 814 loquerelu
1677 775 1745 804 Hoc
1775 773 1915 803 admisso

131 837 267 867 futurum
294 840 506 875 apocopatum
535 845 594 886 (5¹⁴
620 844 661 863 ex
688 834 872 872 imperativo
901 834 1017 874 pendet
1045 834 1172 874 (Gram.
1200 836 1255 867 Ar.
1283 835 1320 864 T.
1348 835 1376 864 11
1402 845 1432 875 p.
1461 835 1551 875 330.
1604 835 1697 874 Quod
1726 841 1830 866 autem
1858 845 1916 865 cur

131 901 186 938 sit,
213 908 276 927 non
303 896 396 927 video
426 906 553 927 causam
584 901 638 927 aut
667 896 695 926 in
726 898 962 927 constructione
990 903 1045 927 aut
1072 898 1101 927 in
1128 907 1225 927 sensu
1252 906 1370 926 versus
1398 902 1430 927 et
1456 907 1510 928 cur
1530 908 1591 928 non
1609 899 1713 938 potius
1732 907 1801 928 cum
1816 898 1915 928 verbo

129 960 186 1008 013
213 962 435 1000 coniungatur,
462 961 579 988 nescio.
611 957 661 987 Ad
690 958 770 989 hunc
795 961 973 1000 explicandi
1001 961 1127 991 modum
1153 961 1346 991 scholiastae
1372 961 1483 998 verba,
1512 960 1578 991 fieri
1605 970 1712 1001 posse,
1742 968 1777 989 ut
1804 969 1916 990 nomen

128 1023 261 1054 aetionis
287 1023 355 1051 loco
384 1025 490 1051 status
517 1020 571 1061 sit,
591 1021 609 1053 i.
626 1030 667 1060 e.‚
686 1026 720 1050 ut
746 1031 860 1051 nomen
888 1024 1022 1053 actionis
1049 1023 1116 1054 loco
1146 1023 1300 1063 participii
1327 1028 1423 1062 poeta
1449 1023 1606 1063 posuerit,
1635 1022 1817 1061 respiciunt.
1845 1021 1916 1051 Hoc

129 1086 260 1126 probato
289 1085 428 1114 futurum
455 1089 665 1123 apocopatum
694 1085 784 1114 vocis
826 1097 888 1137 εἰς,
915 1095 933 1114 a
960 1086 1114 1125 particula
1140 1083 1163 1114 ὃ)
1191 1084 1378 1125 prohibente
1405 1086 1527 1127 regitur
1553 1084 1668 1116 conf.
1711 1083 1820 1115 Gram.
1857 1083 1913 1113 Ar.

129 1149 213 1178 '1'.11
243 1158 273 1187 p.
302 1147 358 1177 39.
387 1149 499 1179 Virum
526 1157 630 1178 amore
659 1149 781 1178 omnino
810 1154 935 1188 captum
964 1149 1101 1179 occisum
1129 1147 1291 1188 appellari,
1321 1148 1381 1177 iam
1410 1153 1504 1179 antea
1530 1149 1668 1179 vidimus
1696 1147 1803 1178 conf.
1823 1147 1916 1180 Ham.

129 1213 186 1242 ovt⁴⁴
211 1222 243 1241 v.
273 1211 304 1241 2.
335 1210 426 1250 Quae
453 1215 558 1242 autem
585 1211 692 1242 futura
719 1222 795 1242 esse
821 1217 945 1253 putant,
976 1222 1014 1242 ea
1039 1212 1175 1242 feminae
1201 1209 1392 1242 comitantes
1418 1209 1437 1241 i.
1465 1220 1494 1242 e.
1520 1221 1638 1241 servae
1665 1215 1810 1250 tanquam
1826 1219 1915 1240 man-

127 1286 235 1317 datum
262 1286 435 1326 proferunt.
500 1287 575 1317 Vox
607 1284 685 1333 σὼ
712 1297 768 1326 pro
795 1275 870 1334 6..Ξί
897 1288 988 1318 metri
1015 1297 1114 1318 causa
1141 1287 1279 1318 adhibita
1305 1291 1368 1317 est.
1429 1287 1505 1317 Post
1536 1286 1620 1317 hanc
1646 1295 1758 1316 vocem
1785 1285 1916 1316 verbum

126 1346 450 1391 (p.601.)„>t,.fis
463 1351 671 1391 supplendum
688 1351 827 1382 videtur.

127 1450 158 1478 4.
209 1449 320 1478 Vellem
344 1450 448 1486 iyilur,
468 1448 526 1477 sub
548 1458 608 1487 quo
632 1448 682 1477 sol
703 1452 779 1483 erat,
801 1452 934 1487 proiecit
954 1461 1048 1489 seque
1067 1461 1125 1486 per
1147 1451 1227 1480 duas
1249 1460 1301 1480 res
1320 1453 1453 1488 optimas
1476 1451 1672 1487 coniunctas,
1687 1458 1814 1479 manum
1837 1458 1914 1478 car-

868 1515 1004 1544 pumque
1027 1507 1174 1544 defendit.

228 1573 369 1610 Modum,
399 1583 459 1613 quo
495 1574 609 1604 semina
635 1574 695 1605 viri
721 1584 776 1605 cor
803 1575 940 1615 ceperit,
968 1574 1129 1605 describit.
1180 1575 1262 1605 Velo
1289 1573 1410 1603 abiecto
1437 1571 1550 1602 faciem
1574 1570 1634 1601 soli
1662 1569 1832 1610 splendore
1866 1569 1915 1599 si-

126 1633 232 1664 milem
260 1634 399 1664 ostendit
426 1638 457 1665 et
484 1639 558 1673 tum,
587 1635 669 1676 quod
699 1636 834 1665 feminae
861 1635 943 1665 facie
970 1635 1053 1665 haud
1081 1636 1192 1675 operta
1218 1637 1296 1666 viris
1325 1636 1478 1675 adparere
1505 1634 1624 1664 licitum
1651 1642 1712 1662 non
1727 1637 1789 1672 est,
1804 1631 1914 1662 faciem

126 1696 270 1725 manibus
306 1697 395 1726 texit.
460 1697 611 1727 Feminae
646 1707 707 1727 non
743 1707 1017 1737 semper-morem
1050 1698 1263 1728 observantes
1292 1697 1464 1734 interdum,
1490 1695 1517 1724 si
1545 1695 1596 1724 cui
1624 1694 1749 1734 placere
1783 1693 1914 1730 vellent,

125 1758 216 1798 quasi
243 1758 453 1797 imprudentia
479 1760 583 1790 velnfn
608 1760 822 1800 proiiciebant.
888 1760 970 1790 Vela
999 1760 1129 1790 diversa
1157 1761 1256 1791 fuisse
1284 1759 1471 1791 invenimus·
1519 1757 1594 1787 Vox
1620 1752 1684 1806 ξω
1709 1755 1827 1794 velum,
1852 1762 1913 1792 quo

126 1824 222 1858 caput
248 1823 281 1848 et
309 1819 408 1849 facies
435 1821 667 1862 operiebantur,
696 1830 759 1850 vox
789 1819 857 1867 ΓΒΗ,
886 1831 945 1860 quo
973 1831 1009 1850 os
1039 1823 1215 1864 tegebatur,
1231 1833 1296 1853 vox
1313 1821 1370 1870 1»OE
1393 1831 1453 1862 quo
1480 1829 1579 1851 nasus
1605 1818 1772 1859 tegebatur
1799 1821 1831 1846 et
1847 1825 1913 1845 vox

126 1884 237 1922 'aim-500,
275 1885 338 1910 tarn
369 1887 457 1911 arcte
500 1888 717 1924 contractum,
753 1888 787 1913 ut
815 1883 936 1911 nonnisi
966 1884 1046 1912 oculi
1076 1884 1267 1924 adpareant,
1305 1882 1490 1924 significare
1516 1880 1628 1911 dicitnr
1664 1877 1768 1909 conf.
1803 1876 1911 1907 Abulf.

129 1943 211 1972 Ann.
239 1943 275 1972 Τ.
302 1944 329 1972 11
358 1943 428 1973 adn.
457 1944 514 1973 51.
543 1944 609 1974 Sed
637 1945 666 1974 in
695 1945 825 1975 vocibus
854 1945 1038 1975 definiendis
1067 1945 1283 1987 lexicographi
1311 1944 1393 1975 haud
1421 1943 1544 1973 omnino
1563 1940 1774 1972 consentiunt.
1802 1939 1913 1977 Quos-

127 2003 196 2033 dam
224 2014 319 2045 reges
347 2006 469 2035 nonnisi
501 2007 574 2036 velo
596 2011 697 2037 tectos
727 2008 904 2037 hominibus
931 2007 1131 2048 adparuisse,
1159 2017 1216 2037 nec
1243 2016 1305 2036 non
1334 2003 1585 2036 Mohammedem
1612 2002 1750 2031 velatum
1776 2001 1912 2031 homini-

127 2066 183 2096 bus
217 2075 254 2095 se
290 2067 470 2097 ostendisse
499 2067 643 2108 legimus.
712 2070 852 2099 Arabum
880 2075 995 2109 poetae
1027 2068 1158 2098 feminas
1185 2068 1332 2107 pulchras
1360 2066 1496 2096 maxime
1531 2073 1602 2094 cum
1631 2063 1702 2092 luna
1729 2071 1913 2102 comparare

125 2128 272 2157 solebant
298 2129 390 2157 Ham.
419 2139 448 2168 p.
476 2131 517 2158 ‘st‘
542 2140 574 2159 v.
595 2130 624 2160 1.
655 2132 699 2160 0‘1‘1
726 2141 758 2160 v.
777 2131 808 2161 3.
836 2132 883 2160 o‘lo
911 2142 943 2161 v.
965 2131 998 2162 2.
1026 2135 1058 2160 et
1076 2130 1208 2159 Bohleni
1236 2127 1396 2159 Motenab.
1422 2136 1452 2166 p.
1474 2126 1540 2165 513
1568 2125 1647 2154 solis
1675 2126 1912 2164 comparatione

128 2191 158 2221 in
197 2191 276 2221 viris
317 2191 515 2230 potissimum
550 2193 720 2222 utebantur
756 2193 863 2223 conf.
902 2193 992 2222 Ham.
1029 2192 1061 2221 Μ
1091 2202 1122 2222 v.
1154 2192 1185 2221 4.
1213 2192 1275 2221 m*
1303 2200 1334 2220 v.
1363 2190 1393 2220 4.
1421 2188 1553 2219 Bohleni
1580 2189 1702 2219 Moten.
1732 2196 1762 2227 p.
1790 2187 1836 2217 66
1862 2195 1909 2225 sq.

125 2253 231 2283 Manui
259 2258 291 2283 et
317 2262 413 2293 carpo
441 2262 566 2293 quoque
594 2253 858 2293 pulchritudinem
888 2259 981 2293 poeta
1009 2254 1188 2294 adscripsit.

126 2350 157 2380 5.
201 2350 247 2378 Et
269 2349 374 2378 locuta
408 2353 463 2378 est.
514 2349 590 2379 Tum
619 2359 713 2388 quum
746 2351 780 2379 in
807 2352 875 2379 eius
898 2360 951 2380 cor
974 2351 1143 2389 oculosque
1163 2360 1257 2379 suum
1278 2351 1544 2379 incantamentum
1566 2357 1655 2378 omne
1674 2346 1859 2383 indidisset,
1882 2345 1911 2373 ei

790 2401 899 2443 (viro)
921 2405 1092 2433 dixerunt:
1121 2403 1247 2441 Surqe!

223 2473 256 2502 ln
285 2472 389 2513 modo,
416 2482 476 2512 quo
503 2477 616 2512 captus
643 2475 698 2513 sit,
726 2473 935 2503 describendo
964 2474 1079 2515 pergit.
1111 2474 1245 2503 Tantam
1277 2473 1411 2504 feminae
1439 2469 1699 2513 pulchritudinem
1728 2468 1846 2509 tribuit,
1876 2473 1909 2497 nt

125 2543 191 2563 eam
219 2543 287 2564 cum
327 2537 577 2574 incantamento,
617 2537 666 2565 cui
698 2545 790 2565 nemo
829 2538 981 2566 resistere
1017 2536 1128 2577 possit,
1169 2536 1414 2576 comparaverit.
1480 2534 1547 2564 Res
1575 2532 1713 2572 pulchra,
1743 2540 1822 2570 quae
1851 2539 1907 2559 nos

125 2594 329 2626 admiratione
367 2596 494 2637 implet,
532 2596 794 2628 incantamentum
824 2598 940 2629 licitum
968 2599 1157 2641 appellatur,
1186 2599 1267 2639 quod
1295 2608 1406 2629 nomen
1433 2598 1462 2628 in
1490 2595 1600 2636 poesin
1630 2594 1816 2624 translatum
1844 2598 1906 2623 est.
