2155 2892
900 129 1173 160 *632*-

137 227 354 266 praedicatum
382 227 520 257 subiecti
557 229 609 271 ΟΦ
641 227 750 258 omissi
785 232 839 258 aut
876 229 1092 269 praedicatum
1129 231 1221 261 vocis
1257 230 1295 277 Οἳ
1323 237 1408 263 sunt.
1463 233 1572 264 Voces
1598 232 1695 279 33)sp
1721 233 1838 281 04²2&
1876 242 1932 269 aut

137 289 353 329 praedicatum
381 288 471 318 vocis
498 287 537 332 Οἱ
565 293 619 318 aut
656 289 805 319 adiectivi
841 290 909 321 loco
944 292 1034 322 vocis
1074 291 1181 333 istm,
1219 299 1253 324 ut
1287 295 1369 326 inter
1407 297 1598 328 adiectivum
1637 304 1670 329 et
1698 301 1931 332 substantivum

138 351 351 391 praedicatum
380 351 470 381 vocis
495 350 534 395 Οἳ
563 352 698 391 positum
726 352 779 381 sit.
807 353 915 383 Priore
942 354 1034 384 modo
1059 355 1199 386 admisso
1228 368 1346 388 versus
1374 359 1422 390 sic
1451 361 1623 391 vertendus
1651 365 1740 392 est:«
1776 363 1930 393 Mulieres

135 414 285 444 diversae
313 415 351 444 ab
380 424 430 454 eo,
458 415 540 453 quod
576 415 703 455 quidam
731 416 822 457 dixit,
848 417 964 457 quippe
992 420 1074 449 inter
1101 429 1179 459 quas
1208 420 1377 459 diplomata
1403 423 1590 452 securitatis
1619 423 1657 453 ab
1685 433 1723 452 eo
1750 425 1826 453 data
1852 424 1927 464 sint,

135 481 210 506 sunt
238 477 356 515 praeda
375 487 498 517 prava3
527 479 704 517 posteriore
732 484 837 509 autem
864 481 1063 522 praehabita,
1091 485 1137 513 sic
1163 488 1288 514 vertas:
1318 484 1484 523 Mulieres,
1522 486 1600 515 inter
1640 495 1720 525 quas
1759 485 1931 524 diplomata

135 540 318 569 securitatis
340 541 378 570 ab
406 551 444 571 eo
469 541 543 571 data
567 547 744 582 sunt,sunt
773 543 892 582 praeda
920 552 1031 584 prava,
1052 543 1182 575 diversa
1211 546 1249 576 ab
1277 555 1328 583 eo,
1356 545 1439 585 quod
1467 547 1589 586 quidam
1620 547 1709 577 dixit.
1763 546 1928 586 Loquendi

137 601 262 631 modum
293 602 321 632 in
352 604 460 633 verbis
486 602 547 641 ΜΒ
572 602 611 638 ὁὸ
639 604 662 633 ta
681 608 741 653 5⁶³²
766 607 897 636 similem
925 615 1000 636 esse
1028 607 1133 636 verbis
1161 604 1286 654 egil-42)-
1314 605 1337 635 §5
1366 602 1431 636 ma
1462 608 1541 638 »hoc
1567 606 1701 650 (rectum
1717 606 1784 650 est)
1810 618 1871 638 non
1901 608 1930 638 id

137 663 219 702 quod
247 666 463 702 praetendis«.
518 665 610 703 Quod
646 668 675 696 in
710 667 771 698 hoc
806 677 903 698 versu
941 669 1120 709 diplomatis
1155 670 1235 710 regii
1280 672 1396 700 mentio
1432 670 1516 702 facta
1551 676 1618 712 est,
1646 681 1707 713 quo
1735 672 1824 712 genti
1852 671 1932 701 Thai

135 727 292 756 securitas
322 728 477 765 promissa
499 734 580 769 erat,
598 739 638 759 ex
665 739 716 765 et),
744 731 833 771 genti
860 730 940 760 Thai
966 732 1157 771 scripturam
1186 731 1268 761 haud
1295 733 1488 774 incognitam
1516 733 1630 774 fnisse,
1659 734 1817 763 coniicere
1845 733 1927 762 licet.

133 787 207 817 Nisi
223 790 325 819 omnia
347 800 395 819 me
423 790 546 830 fallunt,
562 792 734 833 Arabibus,
752 793 803 832 qui
831 798 884 824 aut
901 795 1046 835 religioni
1061 794 1262 825 Christianae
1278 800 1331 825 aut
1347 796 1489 836 religioni
1505 795 1661 825 Judaicae
1689 794 1805 824 addicti
1829 799 1931 833 erant,

134 851 289 880 scribendi
304 861 355 881 ars
373 854 472 893 magis
488 859 561 883 nota
577 855 646 896 fnit,
669 865 759 894 quam
781 857 940 886 Arabibus
961 857 1107 898 paganis.
1137 857 1399 889 Anu-u-l·Kaisus
1429 859 1462 897 (c
1476 857 1555 887 onf.
1573 858 1687 887 Diwan
1707 865 1736 894 p.
1751 857 1780 884 Ν
1808 864 1840 884 v.
1860 851 1930 896 14.)

134 915 299 943 monachis
323 916 482 945 scribendi
501 922 600 947 artem
628 919 745 950 tribuit.
775 920 942 960 Chadidja,
966 920 1197 951 Mohammedis
1226 929 1317 961 uxor,
1346 926 1516 961 cognatum
1544 919 1713 951 XVarakah
1740 919 1932 958 appellatum

132 973 279 1015 habehat,
291 978 436 1018 religioni
449 978 653 1009 Christianae
667 980 837 1022 addictum,
853 983 904 1021 qui
920 983 1110 1013 Hebraicam
1127 985 1314 1024 scripturam
1335 984 1482 1015 callebat.
1504 984 1626 1014 Arabes
1645 992 1767 1022 quoque
1782 981 1930 1011 Arabiam

134 1036 259 1069 felicem
289 1040 464 1071 incolentes
492 1042 653 1080 scriptura
681 1053 699 1073 a
726 1044 855 1084 reliquis
882 1045 1011 1076 diversa
1039 1051 1139 1076 exam-⁷
1165 1048 1326 1087 appellata
1354 1048 1489 1087 antiquis
1517 1047 1713 1086 temporibus
1734 1054 1814 1075 usos
1842 1053 1930 1083 esse,

134 1106 261 1131 constat
294 1104 398 1133 conf.
434 1104 574 1135 Pocock.
611 1106 733 1145 specim
768 1117 797 1145 p.
833 1107 910 1137 168.
976 1109 1141 1139 Scribendi
1169 1114 1269 1139 artem
1297 1110 1471 1150 Enochum,
1499 1109 1590 1139 Sethi
1617 1109 1726 1148 filium,
1754 1107 1931 1145 invenisse,

134 1164 260 1194 Arabes
299 1170 426 1197 narrant
460 1168 642 1199 Meidan.
680 1170 710 1208 1,
747 1170 803 1200 40.
865 1172 976 1201 Artem
1013 1170 1170 1201 scribendi
1197 1171 1357 1201 Arabibus
1396 1172 1520 1200 omnino
1557 1171 1698 1212 ignotam
1727 1179 1787 1199 non
1817 1168 1930 1207 fuisse,

134 1227 240 1265 plnres
270 1238 323 1258 res
351 1231 494 1269 probant.
554 1232 589 1261 In
621 1234 758 1263 carmine
787 1235 999 1274 (Moallakat)
1026 1235 1156 1265 Haretsi
1184 1236 1271 1274 pacis
1300 1235 1430 1265 foedera
1459 1235 1539 1265 inter
1568 1240 1697 1276 gentem
1725 1234 1870 1275 Taghleb
1898 1237 1931 1262 et

133 1289 215 1319 Beer
243 1289 344 1333 (vers.
375 1291 449 1335 67.)
476 1295 595 1334 scripta
622 1303 922 1328 commemorantur.
978 1298 1133 1340 Hodjrus9
1163 1304 1253 1338 pater
1283 1297 1518 1328 Amru-l'Kaisi
1544 1303 1618 1327 ante
1648 1302 1780 1326 mortem
1808 1295 1929 1334 episto-

133 1351 194 1380 lam
223 1352 263 1381 ad
293 1352 374 1383 filios
401 1355 526 1385 misisse
553 1363 698 1388 narratur
734 1360 1062 1392 Amru-l'Kaisi
1097 1361 1186 1391 vita
1224 1371 1253 1400 p.
1288 1374 1304 1390 Λ
1331 1361 1401 1391 infr.
1443 1361 1623 1390 Amruus
1652 1360 1680 1389 b.
1711 1358 1860 1388 Kelthum
1889 1357 1928 1387 ad

131 1415 334 1446 Nolnnanum
370 1418 399 1447 b.
428 1419 608 1450 Almondsir
634 1421 759 1451 litteras
796 1423 834 1452 ab
864 1424 971 1453 Arabe
1001 1423 1141 1463 scriptas
1167 1422 1260 1452 mittit
1287 1423 1372 1461 (vita
1400 1423 1500 1452 Amru
1527 1422 1555 1451 b.
1584 1421 1681 1451 Keltli
1710 1431 1740 1460 p.
1767 1434 1782 1449 v
1808 1421 1827 1449 l.
1865 1420 1928 1459 2.).

133 1476 246 1518 Reges
274 1479 384 1508 Hiram
413 1480 588 1511 incolentes
617 1488 685 1513 arte
712 1484 871 1514 scribendi
898 1495 976 1515 usos
997 1495 1084 1524 esse,
1105 1486 1243 1525 epistola
1258 1485 1499 1515 Motalammeso
1530 1483 1644 1514 tradita
1672 1484 1783 1523 probat
1816 1482 1928 1512 conf.

131 1540 311 1570 Meidan.
342 1542 383 1582 5,
425 1543 504 1573 112.
567 1545 608 1574 Hi
644 1549 749 1576 autem
784 1547 945 1587 scriptura
972 1547 1104 1577 Persica
1131 1547 1192 1577 etsi
1222 1546 1361 1576 Arabica
1388 1546 1487 1575 verba
1512 1544 1747 1583 scriberentur,
1776 1545 1824 1573 usi
1851 1552 1926 1573 esse

131 1600 289 1641 videntur,
317 1613 400 1642 nam,
431 1615 526 1645 quum
554 1606 583 1635 in
617 1606 680 1636 isto
709 1608 823 1647 oppido
848 1608 949 1639 duces
976 1610 1147 1640 Persarum
1184 1621 1254 1641 cum
1287 1610 1435 1639 militibus
1470 1608 1625 1638 stationes
1659 1605 1829 1642 haberent,
1866 1614 1927 1633 non

132 1665 235 1703 potuit
260 1675 322 1695 non
350 1676 402 1696 ars
431 1669 591 1699 scribendi
618 1670 657 1700 ad
683 1671 809 1700 Arabes
839 1672 985 1701 transire.
1026 1673 1117 1703 Haec
1148 1678 1254 1703 autem
1282 1672 1450 1711 scriptura,
1467 1680 1563 1711 quum
1589 1670 1758 1710 quotannis
1787 1669 1927 1699 Arabum

131 1726 289 1766 principes
329 1738 401 1759 cum
436 1731 574 1761 asseclis
602 1732 701 1762 Hirae
739 1733 865 1772 aliquod
903 1738 1030 1773 tempus
1061 1740 1282 1773 versarentur,
1311 1735 1470 1765 Arabibus
1500 1733 1735 1772 campestribus
1769 1741 1831 1762 non
1858 1741 1929 1761 om-

131 1790 202 1818 nino
231 1790 338 1830 ignota
368 1800 443 1839 esse
470 1794 581 1832 potuit.
611 1794 773 1825 Persicam
792 1802 898 1827 autem
927 1797 1118 1837 scripturam
1146 1798 1273 1838 linguae
1300 1797 1469 1838 Arabicae,
1484 1797 1598 1837 quippe
1616 1796 1778 1834 utriusque
1797 1794 1927 1835 linguae

131 1852 254 1882 litterae
283 1854 413 1884 multum
442 1855 591 1885 diversae
619 1862 743 1897 essent,
777 1859 902 1889 minime
939 1864 1044 1898 aptam
1075 1860 1188 1900 fuisse,
1218 1859 1329 1899 negari
1356 1868 1417 1888 nou
1445 1862 1562 1899 potest,
1592 1867 1653 1898 qua
1679 1858 1709 1888 in
1736 1868 1770 1887 re
1798 1866 1927 1887 causam

131 1913 236 1954 video,
265 1925 320 1946 cur
347 1917 539 1962 scripturam
566 1919 735 1958 Syriacam
764 1926 880 1959 postea
907 1922 1105 1952 adhiberent.
1159 1923 1284 1953 Arabes
1315 1923 1344 1952 in
1372 1921 1486 1962 oppido
1516 1922 1634 1961 Anbar,
1665 1921 1747 1960 quod
1776 1920 1924 1959 oppidum

131 1975 161 2004 in
188 1977 253 2015 ripa
280 1978 450 2016 Euphratis
478 1980 540 2009 sita
569 1983 600 2010 in
627 1981 741 2012 finibus
769 1984 875 2013 lraeae
901 1989 953 2014 est
979 1985 1096 2025 (Abuts
1125 1986 1251 2026 Geogi·.
1272 1995 1300 2024 p.
1321 1986 1379 2024 t‘l‘l)
1408 1985 1589 2015 habitantes
1609 1995 1650 2015 ex
1676 1984 1772 2024 Syria
1800 1983 1924 2015 litteras

131 2043 334 2077 acceperant,
364 2050 443 2079 quas
473 2042 545 2072 inde
574 2043 683 2073 Hiram
712 2046 886 2076 translatas
914 2057 990 2077 esse
1019 2053 1157 2078 narrant.
1210 2050 1356 2079 Meccam
1385 2058 1437 2078 ars
1466 2048 1718 2078 transferebatur
1746 2058 1763 2077 a
1792 2047 1924 2077 Bischro

131 2101 159 2132 b.
188 2096 462 2142 Alibd-Almaleffi
492 2106 541 2144 qui
567 2106 661 2136 filiam
688 2107 796 2146 Harbi⁷
823 2117 967 2139 sororem
996 2110 1226 2149 Abu-Sofjani‚
1255 2112 1285 2140 in
1311 2112 1543 2140 matrimonium
1572 2111 1716 2141 duxerat.
1768 2111 1924 2141 Bischrus

130 2168 232 2194 autem
260 2176 278 2195 a
307 2167 478 2196 Moramiro
506 2169 609 2199 incola
636 2170 755 2200 Anbari
783 2176 881 2201 artem
909 2172 1060 2203 didicerat
1087 2174 1191 2204 conf.
1221 2174 1358 2203 Pocock.
1386 2183 1475 2213 spec.
1504 2184 1533 2214 p.
1566 2175 1644 2205 153.
1674 2175 1923 2205 Ebu-Kotaibah

130 2227 345 2258 Ebn-Clialic.
385 2230 465 2258 Nro.
501 2230 582 2260 468.
648 2231 785 2262 Gentem
820 2233 979 2264 Koraisch
1018 2237 1117 2276 igitur
1153 2246 1220 2266 eam
1248 2246 1288 2266 ex
1316 2236 1431 2276 oppido
1459 2238 1536 2268 Hira
1562 2239 1742 2278 accepisse,
1770 2244 1845 2268 sunt
1871 2238 1922 2277 qui

130 2290 234 2321 dicant
261 2288 355 2333 (con
369 2292 389 2321 f.
419 2293 547 2323 Pocock
574 2303 664 2333 spec.
695 2304 723 2333 p.
756 2294 833 2323 163.
864 2297 1011 2327 Abulfed.
1039 2298 1121 2326 Aun.
1149 2298 1186 2326 Τ.
1220 2299 1232 2326 Ι
1259 2309 1288 2338 p.
1319 2298 1373 2328 13.
1402 2298 1522 2329 adnott.
1551 2296 1642 2343 hist.)
1707 2302 1777 2332 Hoc
1808 2301 1922 2331 factum

129 2362 205 2382 esse
242 2354 462 2385 Mohammede
497 2356 556 2385 iam
594 2356 698 2386 adulto
727 2361 863 2387 narrant.
926 2359 955 2388 A
990 2358 1121 2388 Bischro
1149 2366 1248 2389 artem
1287 2361 1573 2401 Abu-Sofjanum
1607 2369 1640 2393 et
1674 2363 1922 2394 Abu-Kaisum

130 2416 157 2445 b.
194 2416 286 2445 Ahbd
324 2418 437 2448 Manaf
480 2419 649 2457 didicisse,
691 2419 743 2458 qui
788 2419 972 2460 magistrum
1011 2423 1118 2461 gentis
1162 2421 1378 2452 instruxerint.
1458 2424 1683 2455 Koraischitae
1724 2425 1838 2455 foedus
1883 2426 1922 2456 ad

130 2480 372 2518 supprimendos
407 2481 691 2511 Mohammedanos
729 2482 846 2512 factum
886 2485 1008 2522 scripto
1048 2483 1270 2513 confirmantes
1305 2485 1333 2514 in
1375 2486 1493 2524 templo
1530 2488 1662 2516 Meccae
1698 2486 1921 2525 deposuerant.

131 2542 237 2573 Abull'.
275 2544 357 2573 Ann.
394 2544 429 2572 Τ.
465 2545 478 2573 Ι
517 2554 545 2583 ρ,
573 2544 629 2573 42.
697 2545 827 2575 Primam
862 2546 1029 2585 epistolam
1059 2547 1302 2578 Mohammedes
1340 2548 1379 2578 ad
1407 2549 1571 2579 Alimirum
1599 2549 1626 2578 b.
1655 2548 1810 2578 Althosail
1838 2559 1918 2580 anno
