2155 2892
876 116 1145 146 —686—

128 221 178 247 est
204 219 236 245 et
264 224 399 245 amorem
429 218 461 242 et
487 213 703 242 alienationem
732 223 773 242 ex
802 215 905 243 animo
935 215 1149 255 indigestione
1176 211 1318 255 repelle!
1359 215 1419 253 Qui
1460 216 1489 245 in
1528 226 1635 247 amore
1673 219 1775 249 cibum
1810 221 1919 262 sumit,

128 279 267 308 morbum
295 285 356 305 non
383 275 528 305 metuit.«
573 276 712 304 Metrum
741 275 830 304 hisce
856 277 964 306 verbis
993 278 1108 315 inesse,
1134 287 1194 308 non
1223 278 1328 308 video.
1357 279 1389 307 ln
1406 278 1511 317 priore
1529 288 1629 308 versu
1649 279 1709 309 duo
1727 281 1779 310 alii
1792 281 1919 323 legendi

130 339 210 369 modi
234 343 334 376 sunt,
361 333 489 385 θίαιοῑὸ,
517 347 610 376 quem
639 347 709 367 cum
744 337 918 368 scholiaste
946 339 1093 379 praefero
1121 344 1151 370 et
1179 335 1316 389 40:12th
1352 341 1404 380 qui
1432 351 1529 371 versu
1559 343 1700 372 secundo
1728 345 1852 373 Hamus
1878 346 1920 374 vl'l

128 401 280 439 explicari
309 404 429 439 potest.
493 400 577 430 Voci
607 397 657 429 [ὡς
697 401 893 439 grammatici
921 400 1082 432 Cufenses
1116 403 1384 443 significationem
1420 404 1511 433 vocis
1548 401 1616 441 μό
1655 405 1831 436 tribuentes
1866 416 1924 436 se-

128 468 276 502 quentem
304 472 436 492 versum
465 472 520 501 pro
550 467 738 503 argumento
767 462 954 493 adnotarunt
983 464 1091 501 (metr.
1122 464 1283 503 'l'hawil):
1311 463 1439 501 Quum
1468 466 1613 504 venis,
1641 466 1785 496 visum
1812 471 1923 497 tuum

126 527 163 556 in
192 526 325 556 alium
354 536 472 565 quam
502 536 557 556 me
585 525 748 566 dirige,
776 531 824 555 ut
852 531 1029 565 putent,
1059 530 1175 556 tuum
1207 536 1384 556 amorem
1413 527 1471 556 ibi
1498 537 1622 566 esse,
1650 538 1731 568 quo
1759 530 1922 559 oculos

126 598 269 618 conve
287 589 400 620 rtis.«
459 588 667 619 Grammatici
695 593 799 618 autem
827 589 1012 618 Bam-enses
1040 590 1070 618 in
1098 595 1232 629 utroque
1259 599 1359 619 versu
1386 590 1455 620 loco
1485 591 1576 620 vocis
1609 590 1658 621 LA
1700 591 1817 621 habent
1843 587 1923 637 0515.

126 651 320 681 Posterioris
349 660 468 680 versus
495 650 616 680 initium
645 660 771 690 quoque
798 651 891 680 Ham.
920 662 965 680 wo
992 662 1023 681 v.
1052 652 1084 682 3.
1115 652 1282 682 invenitur.

960 733 1092 766 ΧΙΧ.

875 797 1017 832 Alius
1041 799 1173 832 «flixit.

128 869 157 897 1.
202 868 304 904 Quasi
326 870 395 896 eius
418 868 527 896 dentes
552 868 726 895 anteriores
756 862 810 905 set
830 876 936 895 eorum
957 878 1100 905 saporem
1124 878 1187 897 non
1210 867 1319 907 sen-³12)
1346 870 1412 897 ovis
1435 870 1605 898 colostrum
1628 871 1687 903 sit,
1713 871 1796 908 quod
1814 872 1927 909 far-mci

944 923 1107 950 miscuisti.

225 993 336 1024 Tertia
378 993 508 1032 species
545 994 639 1023 metri
673 992 799 1023 Thawil
841 992 1000 1031 adpellati.
1067 992 1133 1020 Aut
1176 990 1375 1021 dulcedinem
1415 991 1479 1021 oris
1521 991 1660 1022 feminae
1696 996 1750 1023 aut
1788 992 1927 1023 dentium

128 1056 265 1087 colorem
294 1056 432 1086 indicare
461 1055 541 1084 vult.

979 1098 1078 1131 XX.

882 1152 1025 1186 Alius
1048 1151 1180 1185 «lixit.

130 1225 158 1259 1,
206 1223 333 1253 Amoris
354 1223 473 1261 sagitta
493 1233 541 1252 me
563 1224 643 1259 iecit,
669 1224 761 1252 cuius
784 1222 854 1251 alae
877 1221 997 1258 dactyli
1019 1225 1118 1256 erant,
1141 1222 1269 1259 plumae
1288 1222 1426 1259 polenta.

230 1293 340 1322 Tertia
369 1292 498 1332 species
526 1292 614 1322 metri
642 1292 767 1322 Thawil
795 1291 956 1330 adpellati.
1012 1291 1178 1321 Feminam
1211 1292 1281 1322 cibo
1310 1292 1392 1322 bono
1430 1291 1564 1332 dactylis
1592 1292 1785 1332 polentaque
1816 1293 1931 1324 oblatis

132 1356 236 1396 ipsum
264 1356 441 1396 allexisse,
469 1355 542 1384 dicit
571 1359 675 1394 poeta.
732 1354 966 1394 Proverbium,
1009 1353 1092 1393 quod
1132 1353 1171 1383 ad
1206 1354 1426 1393 explicandam
1463 1363 1577 1384 vocem
1614 1347 1694 1384 ..tm
1734 1355 1928 1386 scholiastes

131 1417 308 1459 adnotavit,
337 1418 435 1447 Meid.
468 1417 525 1458 ⁴24,
558 1418 621 1448 111
654 1417 781 1458 legitur.

971 1461 1090 1494 XXI.

878 1528 1020 1562 Atius
1048 1527 1180 1560 «lixit.

131 1599 158 1627 1.
202 1599 317 1627 Nonne
343 1598 499 1626 interdum
522 1597 650 1634 puellae
674 1598 826 1626 delicatae
851 1599 936 1626 oculi
948 1599 1036 1627 cibus
1053 1597 1170 1626 Ctzasir
1187 1600 1265 1626 sunt
1285 1600 1315 1625 et
1335 1598 1403 1625 eius
1416 1597 1526 1625 dentes
1547 1597 1617 1632 albi,
1641 1597 1773 1634 pulchri
1780 1597 1931 1634 polenta?

229 1667 339 1696 Tertia
365 1666 492 1705 species
521 1667 613 1695 metri
630 1666 755 1696 'l'hawil
782 1667 943 1705 adpellati.
980 1667 1104 1696 Sensus
1122 1675 1240 1696 versus
1260 1674 1337 1695 esse
1356 1665 1495 1706 videtur,
1524 1666 1649 1704 puellae
1669 1665 1931 1705 pulchritudinem

133 1740 172 1760 eo
201 1731 404 1768 consistere,
440 1728 521 1768 quod
562 1729 677 1758 bonum
713 1729 815 1758 cibum
849 1733 1038 1769 concoquat.
1099 1729 1148 1758 De
1184 1728 1252 1757 cibo
1280 1728 1395 1758 Chasii·
1428 1728 1588 1767 adpellato
1623 1738 1685 1758 non
1718 1730 1931 1759 consentiunt.

137 1792 201 1821 Alii
232 1791 362 1820 farinam
390 1790 483 1828 adipe
511 1790 637 1819 mixtam
668 1799 744 1819 esse
771 1789 891 1830 dicunt7
919 1791 958 1819 ob
976 1799 1068 1829 quem
1099 1791 1200 1820 cibum
1216 1789 1351 1833 {Arabes
1378 1790 1612 1829 vituperantur,
1638 1790 1796 1819 nonnullis
1824 1790 1934 1820 ‹ltcen-

133 1854 230 1891 tibus,
260 1863 326 1883 rem
356 1852 479 1881 nonnisi
507 1856 634 1892 gentem
651 1851 851 1890 Modjaschih
870 1856 904 1880 et
918 1852 1039 1881 Koraih
1058 1855 1219 1890 spectare,
1247 1852 1298 1890 qui
1325 1852 1415 1881 cibus
1444 1860 1569 1891 quoque
1596 1849 1717 1888 ίυὶᾲὲὶκ
1743 1850 1930 1890 adpellatur.

137 1916 199 1946 Alii
227 1925 310 1945 voce
336 1915 430 1962 &fij-³>
458 1914 558 1943 cibum
587 1913 765 1954 significari
792 1914 924 1954 dicunt,
960 1914 1012 1953 qui
1046 1914 1194 1944 carnibus
1230 1913 1367 1944 concisis
1409 1918 1442 1943 et
1480 1913 1510 1942 in
1547 1922 1630 1951 aqua
1661 1912 1783 1953 coctis,
1820 1912 1932 1952 quibus

135 1978 234 2008 farina
262 1978 479 2018 inspergatur,
509 1981 597 2015 paret
604 1986 647 2004 ur.

960 2021 1104 2054 xxn.

882 2087 1026 2121 Alius
1057 2086 1191 2120 «Hm.

137 2158 166 2186 1.
217 2157 288 2185 Vita
312 2157 357 2184 m'l
379 2160 426 2185 es!
448 2159 511 2185 nisi
533 2166 662 2185 somnus
686 2160 716 2184 et
738 2158 890 2192 opst-'catio
913 2160 943 2185 et
965 2156 1083 2194 dactyli
1102 2158 1204 2184 instar
1227 2158 1364 2185 iecorum
1385 2155 1580 2184 locustarum
1604 2158 1634 2183 et
1655 2164 1750 2192 aqna.

137 2221 198 2262 (1).
221 2221 351 2257 9385.)
476 2226 585 2255 Tertia
626 2226 753 2263 species
792 2226 883 2254 metri
911 2225 1034 2255 't'hawil
1071 2225 1232 2264 adpellati.
1295 2224 1403 2253 Vitam
1443 2223 1537 2252 vilem
1579 2222 1759 2252 describere
1794 2220 1930 2250 videtur.

140 2289 190 2318 Ad
219 2298 330 2318 vocem
358 2287 458 2339 03:503
485 2285 703 2325 explicandam
732 2287 925 2316 scholiastes
954 2291 1130 2325 sequentes
1157 2295 1276 2315 versus
1303 2286 1466 2315 adnotavit
1494 2286 1603 2324 (metr.
1632 2285 1798 2323 ThawiD:
1826 2283 1932 2313 Con-

137 2360 221 2380 sum
238 2359 280 2379 or
321 2350 437 2379 sicut
469 2348 641 2387 pallium
677 2348 950 2378 consumitur
984 2355 1021 2377 ot
1055 2359 1192 2388 neque
1222 2350 1414 2379 Abanum
1443 2358 1582 2387 neque
1621 2348 1770 2377 latera
1794 2345 1932 2375 Dser-

140 2413 246 2442 wahi
280 2412 306 2452 ¹)
353 2412 539 2442 adtrita
578 2409 728 2440 video.
795 2410 971 2442 costas
1001 2423 1110 2443 meas
1150 2414 1202 2443 ob
1240 2423 1428 2444 amorem
1469 2423 1610 2444 earum
1639 2413 1931 2448 lontorquco:

209 2495 238 2525 1)
259 2496 333 2518 Aban
360 2495 479 2517 virorum
509 2500 604 2517 nomeu
631 2499 655 2516 ex
683 2495 779 2518 montis
806 2501 910 2524 quoque
936 2496 959 2518 in
983 2496 1082 2520 ‹litinne
1106 2499 1193 2528 gentis
1213 2500 1340 2523 Fesarah.
1378 2501 1414 2523 De
1435 2505 1502 2522 voce
1521 2498 1650 2522 Dserwali
1670 2498 1754 2519 nutem
1779 2493 1803 2516 in
1824 2494 1934 2517 Kamissi

256 2548 334 2571 opere
354 2541 390 2564 nil
411 2541 507 2564 inveni.
