2155 2892
927 121 1198 152 —272-

166 223 198 251 2.
243 221 326 257 Quot
345 222 437 255 viros,
475 218 613 258 quorum'
626 228 744 257 passus
766 219 914 248 alimenta
936 221 1090 256 attinyere
1112 228 1174 248 non
1194 222 1333 264 possent,
1365 226 1435 246 esse
1466 218 1609 253 invenis,
1640 219 1696 255 qui
1714 218 1854 248 alimenti
1878 229 1955 257 por-

891 274 1026 302 tionibus
1043 276 1136 310 potili
1154 273 1243 303 sint!

168 340 239 384 (p.
270 336 398 381 522.)
444 343 655 384 Inter-roganti
682 343 865 383 respondet,
891 343 1005 373 multos
1032 353 1120 384 esse,
1140 343 1193 383 qui
1220 343 1301 373 domi
1327 347 1513 383 paupertate
1537 343 1652 383 pressi,
1667 343 1779 373 itinere
1808 343 1890 374 facto
1916 345 1956 375 ad

167 406 327 436 meliorem
350 405 559 445 conditionem
577 408 791 445 pervenerint.
817 405 902 435 Dicit
925 415 1040 446 passus
1066 406 1127 435 viri
1153 406 1270 436 breves
1286 415 1359 436 esse
1387 406 1417 435 in
1444 406 1592 436 alimento
1619 405 1870 446 significaturus,
1885 415 1955 436 eum

165 468 342 498 alimentum
359 468 488 507 assequi
507 477 567 497 non
587 477 696 507 posse.
726 468 857 507 Ellipsiu
876 469 905 498 in
924 470 984 499 hoc
1003 469 1141 506 invenio,
1170 479 1262 508 quam
1276 468 1463 498 Mersukius
1479 468 1525 498 sic
1540 467 1683 506 explevit
1701 463 1847 510 r..g.‘=},.i.2:‘>
1865 469 1956 511 υἱώ

167 528 268 578 (ffb)
302 527 386 569 ...ΑΒ
411 528 437 567 3
465 526 588 577 &xm-U.
641 530 758 568 Poeta,
795 540 981 570 quamquam
1022 540 1087 560 vox
1115 529 1155 575 (ό
1182 532 1290 570 plures
1318 529 1500 569 significat,
1527 533 1633 559 tamen
1658 525 1774 570 abbi>
1802 537 1956 569 passus

165 593 262 623 eius
291 592 379 623 dixit.
432 593 465 622 lu
494 593 670 631 posteriore
698 601 813 623 versus
841 597 929 632 parte
955 594 1224 632 comparationem
1251 591 1390 621 alimenti
1416 599 1485 620 cum
1512 590 1638 620 mactati
1664 590 1775 620 cameli
1800 590 1956 630 portioni-

166 656 225 685 bus
258 655 413 694 instituit,
452 664 545 694 quem
583 654 717 685 benefici
754 660 898 694 tempore
931 658 1082 694 penuriae
1113 658 1252 685 mactare
1280 659 1312 684 et
1339 653 1370 682 in
1396 652 1468 682 ludo
1496 653 1625 694 sagittis
1654 653 1738 683 facto
1767 653 1954 683 distribuere

164 717 308 747 solebant
327 726 342 747 c
355 727 372 747 o
384 728 402 746 n
414 718 434 747 f.
454 718 490 747 Τ.
508 718 520 746 Ι
537 728 566 756 p.
584 717 653 747 487
671 718 709 755 Il,
726 727 754 756 p.
769 717 848 746 169.
875 717 1072 747 Scholiastes
1091 716 1188 746 verbo
1204 713 1261 765 gxii
1278 714 1426 744 vincendi
1440 713 1704 754 significationem
1719 715 1861 745 tribuens
1876 724 1954 744 sen-

166 789 238 810 sum
266 789 343 809 esse
379 788 475 818 posse
509 778 600 817 dicit,
636 788 707 808 eum
735 778 932 818 portionibus
959 779 989 808 in
1015 777 1087 807 ludo
1116 777 1219 817 potiri,
1247 786 1306 816 quo
1335 776 1468 806 alterum
1496 775 1535 805 de
1562 775 1661 816 gloria
1689 785 1756 806 cum
1784 777 1853 816 ipso
1882 786 1955 807 cer-

167 847 286 873 tantem
312 842 427 872 vincat.

169 952 202 982 3.
245 952 366 981 Rerum
386 953 455 980 riae
476 952 507 979 si
526 952 704 980 obstructae
725 954 811 989 sunl,
830 952 984 989 patientia
1013 960 1120 980 omnes
1141 961 1196 979 eas
1216 950 1345 979 clausas
1369 951 1478 988 aperit.

275 1020 465 1050 Patientiam
491 1020 521 1049 in
548 1020 644 1049 rebus
673 1019 854 1050 difficilibus
881 1020 1089 1060 commendat,
1117 1020 1232 1060 quippe
1263 1029 1323 1059 qua
1355 1028 1463 1050 omnes
1490 1019 1699 1049 difficultates
1726 1021 1954 1049 removeantur.

166 1082 381 1114 Difficultates
408 1092 478 1112 cum
508 1082 570 1112 viis
598 1082 773 1111 obstructis
794 1082 1001 1120 comparavit.
1063 1083 1111 1112 De
1138 1083 1293 1122 patientia
1319 1083 1452 1113 verbum
1479 1084 1556 1113 0223
1583 1082 1685 1111 minus
1712 1081 1791 1111 bene
1819 1080 1958 1112 adhibuit

166 1151 275 1186 poeta,
303 1149 419 1186 quippe
448 1146 547 1176 verbo
574 1145 613 1174 vi
640 1144 855 1184 rumpendi
882 1143 1074 1185 significatio
1101 1145 1154 1183 sit,
1182 1154 1262 1184 quae
1289 1145 1341 1174 vis
1368 1145 1540 1184 patientiae
1565 1143 1651 1174 haud
1673 1148 1748 1183 apta
1773 1143 1908 1173 videtur.

168 1256 199 1285 4.
243 1255 295 1285 Ne
316 1266 403 1294 spem
434 1256 579 1291 obiicias,
613 1256 674 1284 etsi
702 1254 755 1283 diu
778 1253 992 1292 quaerendum
1015 1254 1071 1286 sit,
1101 1256 1186 1293 fore,
1217 1258 1253 1284 ut
1271 1254 1427 1293 patientia
1448 1256 1481 1283 in
1503 1254 1658 1283 auxilium
1682 1254 1788 1282 vocam
1808 1253 1959 1290 grandium

973 1310 1132 1345 percipias
1143 1307 1157 1336 J

268 1380 442 1418 Nunquam
470 1378 702 1418 desperandum
731 1382 794 1419 est,
821 1378 973 1418 patientia
1001 1377 1082 1407 enim
1110 1376 1149 1407 ad
1180 1376 1272 1406 finem
1300 1376 1513 1417 pervenimus.
1539 1376 1580 1406 Et
1606 1375 1636 1405 in
1663 1375 1724 1405 hoe
1751 1384 1850 1404 versu
1865 1375 1957 1404 metri

167 1451 267 1473 causa
293 1442 393 1472 verba
421 1441 618 1482 transposita
644 1446 737 1483 sunt3
765 1450 836 1470 nam
864 1440 963 1470 verba
989 1442 1055 1485 ,ἄρ’
1074 1438 1112 1484 Ol
1141 1444 1204 1469 etc.
1232 1440 1331 1469 verbo
1360 1437 1463 1485 Uul-23
1491 1438 1606 1468 obiecti
1630 1438 1700 1468 loco
1727 1442 1813 1468 sunt.

167 1549 199 1578 5.
244 1547 345 1584 Quam
366 1549 482 1585 ‹Iiynus
502 1550 627 1584 patiens
650 1550 705 1584 est,
730 1550 767 1576 ut
787 1557 821 1575 re
844 1548 1023 1575 necessaria
1043 1549 1182 1583 potiatur
1203 1550 1234 1574 el
1254 1548 1308 1584 qui
1327 1555 1450 1583 semper
1464 1546 1588 1582 januas
1605 1543 1724 1581 pulsaI,
1746 1547 1782 1573 ut
1802 1542 1919 1572 intret!

266 1617 441 1647 Patientem
468 1616 576 1646 laudat
602 1621 748 1655 tanquam
775 1615 916 1657 dignum,
945 1618 999 1655 qui
1026 1615 1182 1645 desiderio
1210 1624 1266 1645 suo
1295 1615 1440 1655 potiatur.
1474 1614 1550 1644 Vox
1576 1612 1672 1661 &bt
1700 1623 1719 1643 a
1745 1612 1959 1654 grammaticis

166 1679 299 1708 verbum
328 1678 541 1708 admirationis
569 1675 719 1718 ,ῥᾷφικὶῇ
739 1680 799 1714 ,μιό
828 1679 1013 1718 appellatur.
1042 1679 1131 1708 Duae
1157 1682 1230 1708 sunt
1257 1678 1389 1719 formae,
1409 1688 1470 1707 una
1488 1679 1690 1717 praeteritum
1717 1679 1846 1715 quartae
1865 1684 1960 1714 prae-

167 1740 264 1770 missa
289 1750 373 1770 voce
400 1740 423 1768 L·
451 1745 482 1770 et
510 1746 667 1780 sequente
695 1744 894 1779 accusative,
922 1744 1022 1772 altera
1049 1742 1148 1771 forma
1175 1741 1353 1780 imperativi
1380 1744 1509 1779 quartae
1537 1739 1655 1769 formae
1682 1743 1837 1777 sequente
1863 1747 1958 1777 prae-

168 1802 324 1841 positione
351 1815 396 1842 ῳ,
424 1813 555 1842 quarum
584 1804 668 1843 prior
696 1804 827 1833 orationi
870 1814 998 1844 prosae,
1030 1804 1187 1844 posterior
1215 1806 1306 1843 poesi
1334 1803 1434 1844 magis
1462 1802 1587 1842 propria
1612 1807 1662 1831 est
1689 1800 1820 1839 (conf.
1849 1798 1958 1830 Gram.

168 1864 224 1893 Ar.
244 1864 281 1893 T.
308 1865 337 1893 ΙΙ
363 1874 392 1904 p.
423 1864 496 1894 2¹7
522 1861 618 1907 sqq.).

170 1973 201 2002 6.
255 1974 378 2012 Defim',
403 1978 571 2013 antequam
591 1983 722 2012 passum
744 1975 847 2010 ponis,
868 1974 944 2011 pecli
964 1978 1015 2003 tuo
1037 1974 1155 2009 locum,
1185 1985 1258 2003 nam
1281 1976 1336 2013 qui
1354 1976 1387 2003 in
1416 1974 1518 2002 locum
1545 1972 1698 2001 lubricum
1718 1981 1775 2008 per
1805 1972 1959 1999 incuriam

878 2030 1057 2062 adscendit,
1082 2028 1256 2057 delabitur!

281 2096 395 2127 Cautio
428 2098 459 2126 in
495 2098 589 2128 rebus
619 2098 797 2128 difficilibus
826 2104 858 2128 et
886 2099 1077 2138 periculosis
1105 2097 1346 2127 commendatur.
1407 2095 1474 2125 Res
1504 2096 1615 2135 gravis
1644 2103 1712 2123 cum
1741 2094 1807 2122 loco
1838 2090 1959 2121 lubrico

170 2164 391 2201 comparatur7
428 2160 457 2189 in
495 2170 586 2199 quem
614 2162 642 2190 si
669 2163 738 2201 quis
769 2163 810 2192 nil
839 2170 961 2192 cavens
988 2159 1164 2199 adscendit,
1192 2159 1283 2189 facile
1310 2158 1434 2188 labitur.
1488 2156 1550 2194 Qui
1577 2155 1774 2186 adscendere
1800 2153 1880 2191 vult3
1907 2152 1959 2181 vi-

170 2221 256 2262 deat,
283 2231 344 2261 quo
371 2221 484 2262 pedem
511 2228 617 2262 ponat.
670 2224 758 2252 Loco
789 2224 875 2253 vocis
895 2225 962 2268 fxit
990 2223 1108 2263 legitur
1133 2220 1206 2266 Δια-ᾖ
1233 2219 1358 2263 (videl)
1393 2220 1422 2249 in
1451 2218 1607 2248 Mersukii
1643 2217 1761 2247 codice.
1824 2213 1958 2252 Quidam

172 2285 261 2314 lusus
289 2285 460 2315 verborum
487 2285 517 2314 in
544 2286 651 2315 verbis
680 2282 732 2332 ω)-
761 2291 792 2315 et
822 2275 877 2333 kg)-
906 2285 1054 2315 cernitur.

171 2394 192 2422 7
196 2418 201 2423 .
245 2394 296 2423 Ne
317 2404 399 2433 aqua
419 2404 503 2432 pura
525 2398 554 2424 te
576 2395 719 2433 decipiat,
743 2405 837 2434 quam
859 2396 952 2432 bibis-3
969 2395 1126 2424 interdum
1148 2395 1229 2422 enim
1252 2393 1376 2422 turbida
1399 2394 1500 2421 mixta
1521 2394 1576 2420 est.

272 2463 343 2493 Hoc
369 2463 399 2492 iu
426 2473 537 2503 versu,
562 2464 613 2503 qui
638 2464 669 2493 in
696 2464 855 2494 Mersukii
884 2463 995 2494 codice
1022 2462 1233 2502 desideratur,
1260 2462 1362 2492 cautio
1390 2461 1493 2491 denuo
1521 2457 1741 2491 commendata
1777 2460 1835 2487 est.
1898 2455 1959 2494 Qui

175 2533 282 2563 puram
320 2535 432 2565 aquam
460 2525 552 2566 bibit,
587 2531 714 2565 caveat,
741 2536 780 2557 ne
807 2527 927 2567 impura
955 2535 1026 2556 cum
1054 2535 1093 2555 ea
1119 2525 1218 2555 mixta
1244 2525 1294 2554 sit.
1368 2524 1446 2554 Post
1472 2532 1583 2553 vocem
1612 2518 1726 2567 [ἥλω
1752 2519 1958 2559 supplendum

175 2590 249 2624 puto
271 2589 339 2632 )s>„5
372 2588 425 2624 kq.
482 2588 555 2618 »Ne
583 2589 735 2619 turbando
763 2598 833 2619 cum
861 2597 942 2628 aqua
968 2587 1092 2618 turbida
1118 2587 1217 2617 mixta
1243 2587 1319 2617 sin«
