2155 2892
920 139 1192 170 -692—

937 233 1170 267 xxxnl.

150 301 213 345 (p.
236 300 375 341 809.)
662 299 775 334 Alia
798 300 968 334 eodem
992 301 1147 333 metro
1171 309 1267 334 usa
1292 300 1429 336 «lixit.

148 371 175 400 1.
221 371 316 399 Pater
339 372 413 398 tuus
436 368 506 397 vilis
529 370 632 397 tenuis
653 371 703 397 est

153 426 184 454 2.
230 423 374 453 Pulchra
394 424 480 462 facie
502 423 591 452 hand
608 424 773 460 praeditus
796 427 826 452 et
848 422 1007 460 iynobilis,

156 479 189 508 3.
235 478 281 508 Ob
306 480 398 507 cuius
421 487 525 507 rocem
547 478 688 515 capellae
710 478 821 506 rident.

226 548 316 577 Loco
344 548 435 578 vocis
462 551 549 599 &yffi
580 548 609 577 in
638 547 796 577 Mersukii
824 547 935 578 codice
964 550 1068 595 5202)-
1090 548 1220 589 legitur,
1241 559 1333 589 quam
1360 560 1482 591 vocem,
1502 561 1595 590 quum
1624 552 1780 592 explicata
1807 563 1868 583 non
1897 553 1952 593 sit,

151 610 283 640 eandem
311 609 588 651 significationem,
617 620 709 650 quam
736 620 801 640 vox
828 618 913 662 Ly)-
938 610 1056 640 habere
1084 618 1171 651 puto.
1202 614 1291 643 Hanc
1321 612 1514 645 scholiastes
1540 614 1668 651 vilis,
1709 615 1949 655 ignobilis;

151 673 380 714 grammaticus
408 672 609 703 Abu-rAhia
635 678 741 702 autem
783 673 908 711 levis,
946 673 1253 704 inconstantis
1285 673 1551 715 significationem
1589 675 1706 706 habere
1734 676 1820 707 dicit.
1874 678 1949 708 vox

152 736 236 783 5329)
267 739 374 764 autem
403 744 498 774 quum
529 734 614 764 risus
644 733 875 763 multitudinem
906 734 1065 775 designet,
1094 735 1134 764 nil
1154 737 1314 776 impedire,
1330 737 1494 776 quominus
1522 735 1688 776 hominem,
1706 739 1758 778 qui
1778 738 1950 779 deridetur,

152 797 323 838 significet,
351 796 547 827 scholiastes
575 796 660 827 dicit.
715 798 854 828 Verbum
882 800 913 828 in
941 807 1041 827 versu
1070 798 1265 838 Nabeghahi
1294 799 1430 829 occurrit
1456 804 1612 838 sequente
1653 799 1760 838 (metr.
1786 800 1949 839 Thawil):

153 859 297 898 Quum
341 859 470 889 irata
510 862 607 900 est)
650 869 769 900 gens
809 870 903 890 eam
945 860 1113 891 iratam
1155 869 1267 890 esse
1308 861 1496 899 nescit,
1523 866 1569 891 et
1609 862 1648 892 si
1690 861 1948 893 desiderio

152 922 366 961 potitur,
392 921 512 952 haud
539 922 677 952 ridet.
730 922 812 952 Voci
838 924 941 959 Qu>
965 922 1098 952 tenui
1128 923 1289 962 stirpe
1324 922 1541 961 oriundi,
1570 927 1616 954 ut
1648 924 1838 963 percipi
1864 933 1949 953 non

153 994 171 1024 p
186 993 206 1013 o
223 993 240 1013 s
256 984 336 1021 sit,
365 983 441 1013 dant
467 983 745 1025 significationem.
788 985 822 1014 ln
851 985 944 1015 tertio
972 993 1071 1014 versu
1101 980 1210 1027 ..abda
1243 985 1281 1015 lo
1297 995 1315 1014 n
1329 994 1351 1025 g
1365 994 1383 1014 a
1402 994 1415 1013 r
1430 994 1450 1014 u
1467 994 1494 1014 m
1534 994 1563 1014 m
1578 994 1596 1014 a
1611 994 1641 1014 m
1655 994 1682 1014 m
1698 994 1716 1014 a
1729 994 1742 1013 r
1757 994 1775 1014 u
1791 994 1819 1014 m
1846 984 1951 1025 signi-

152 1047 333 1077 ficationem
362 1046 454 1076 tribui
482 1055 578 1086 posse
606 1052 731 1088 putant,
761 1053 795 1078 ut
822 1051 853 1078 in
880 1049 919 1078 iis
949 1047 1110 1077 deridendi
1139 1056 1240 1077 causa
1266 1047 1317 1076 sit.
1377 1047 1467 1076 Haec
1494 1050 1598 1076 autem
1626 1045 1820 1087 significatio
1847 1048 1951 1086 potis·

153 1110 266 1139 simum
296 1109 471 1139 convenire
509 1109 659 1149 videtur,
697 1111 725 1140 si
752 1120 817 1141 vox
843 1108 960 1151 &5²⁶5
988 1119 1055 1140 cum
1083 1110 1187 1140 vocali
1217 1109 1321 1139 Fatha
1350 1109 1535 1139 enunciatur
1561 1113 1616 1138 aut
1642 1104 1772 1149 ὠκέϊ,
1800 1107 1954 1148 quemad-

154 1171 280 1201 modum
305 1171 335 1200 in
363 1171 519 1201 Mersukii
545 1171 680 1202 scholiis
707 1172 862 1212 scriptum
890 1177 954 1214 est,
981 1171 1055 1210 (sed
1084 1171 1154 1211 quid
1181 1175 1300 1201 rectum
1327 1170 1381 1211 sit,
1409 1170 1478 1209 quis
1506 1169 1609 1200 dicere
1635 1173 1744 1209 potest
1756 1165 1792 1209 ἓ)
1821 1169 1950 1211 legitur,

154 1242 225 1263 nam
254 1233 403 1264 Alahuuk
430 1238 484 1264 aut
512 1234 662 1265 Alahbuk
688 1234 826 1265 feminae
859 1243 970 1264 nomen
998 1243 1075 1264 esse
1103 1233 1268 1263 adserunt.

954 1303 1166 1337 xxxnr
1194 1286 1195 1289 ’

911 1370 1055 1405 Alius
1081 1369 1212 1404 dixit.

154 1442 184 1471 1.
231 1439 256 1469 0
279 1440 401 1468 domine
423 1440 469 1468 mi
480 1438 496 1469 l
514 1441 570 1478 qui
588 1441 676 1477 patri
696 1449 762 1468 meo
784 1440 931 1469 inimicus
952 1444 1009 1475 est,
1035 1442 1065 1470 ei
1086 1442 1234 1469 inimicus
1255 1444 1321 1470 esto

153 1496 185 1526 2.
231 1495 375 1534 Eiusque
398 1505 452 1524 cor
474 1496 597 1524 duabus
619 1497 748 1532 sayillis
767 1498 839 1532 pele

154 1549 188 1577 3.
232 1549 334 1587 Inque
356 1550 425 1577 eius
447 1549 513 1578 cibo
535 1551 664 1577 mortem
685 1548 788 1585 pone!

254 1605 334 1635 Filia
360 1610 480 1645 patrem
510 1606 659 1636 defendit.
713 1606 872 1636 Versibus
900 1605 1017 1646 duplex
1041 1611 1172 1637 metrum
1199 1611 1231 1638 et
1266 1605 1534 1637 homoioteleuton
1561 1603 1664 1644 inest,
1692 1603 1721 1634 si
1748 1603 1855 1634 littera
1890 1603 1954 1633 Ha

154 1671 209 1698 aut
236 1677 306 1698 cum
335 1668 437 1697 vocali
464 1667 570 1698 Kesra
598 1667 745 1698 adficitur
772 1673 828 1698 aut
854 1669 925 1699 sine
950 1669 1055 1699 vocali
1082 1679 1151 1700 cum
1179 1668 1391 1709 praecedente
1418 1665 1648 1707 pronuntiatur.
1694 1666 1782 1697 Prior
1809 1675 1953 1706 pronun-

154 1729 252 1760 tiandi
279 1729 392 1759 modus
419 1726 536 1768 »ΞΜ-η,
564 1730 725 1769 posterior
751 1733 837 1767 &aaa
865 1731 1043 1770 adpellatur
1070 1732 1190 1762 conf.
1232 1730 1380 1761 Darstell.
1412 1730 1441 1760 d.
1473 1728 1571 1759 Arab.
1597 1728 1785 1759 Verskunst
1811 1739 1841 1768 p.
1870 1728 1951 1759 311.

154 1793 265 1822 Priore
292 1797 421 1832 recepto
450 1798 586 1823 metrum
613 1792 773 1822 dimidium
803 1793 897 1823 metri
912 1792 1035 1832 Redjes
1063 1793 1121 1832 (ib.
1134 1803 1163 1832 p.
1176 1792 1276 1832 231.)
1287 1798 1338 1822 est
1350 1797 1383 1822 et
1402 1790 1674 1821 homoioteleuton
1693 1786 1821 1834 έριλϊη
1839 1791 1952 1830 appel-

154 1855 250 1886 latum
277 1856 335 1893 (ib.
352 1865 380 1895 p.
397 1854 517 1896 305.);
545 1855 725 1895 posteriore
752 1860 886 1885 metrum
914 1855 1009 1886 Sarih
1036 1853 1092 1899 (ib.
1110 1865 1139 1895 p.
1158 1852 1257 1898 246.)
1284 1859 1317 1884 et
1343 1853 1612 1885 homoioteleuton
1641 1851 1733 1895 5³5²*
1758 1853 1953 1893 adpellatum

153 1921 204 1946 est
231 1916 288 1955 (ib.
318 1926 348 1956 p.
375 1916 487 1956 305.).
540 1916 649 1947 Verbo
675 1912 758 1956 25⁹⁰*
785 1916 937 1956 perdendi
964 1917 1230 1958 significationem
1256 1917 1376 1955 inesse,
1405 1915 1599 1947 scholiastes
1625 1914 1707 1948 dicit.

955 2011 1149 2046 XXXV·

197 2078 363 2112 filmer
396 2077 671 2119 ΑΙιιοΙηιὶίὶ,
704 2077 787 2120 qui
811 2080 886 2111 vin·
908 2077 1024 2111 Said
1048 2079 1089 2112 b.
1113 2079 1280 2112 lim-th
1304 2086 1481 2111 nomen
1505 2085 1684 2118 ger-ens
1705 2086 1732 2111 e
1754 2077 1899 2119 gente

514 2132 1005 2173 nanu-njaelsimah
1035 2133 1271 2166 oriundus
1302 2133 1425 2175 erat,
1457 2130 1594 2165 dixit.

438 2204 497 2234 Vir
524 2204 672 2234 feminam
707 2209 816 2235 contra
843 2204 950 2235 matris
978 2204 1176 2235 voluntatem
1203 2205 1234 2234 iu
1261 2204 1493 2234 matrimonium
1521 2203 1667 2234 duxerat.

155 2276 183 2306 1.
226 2277 290 2306 Per
313 2277 408 2305 vitam
431 2275 554 2305 meam!
572 2276 704 2305 consilio
727 2286 792 2304 meo
815 2277 1003 2306 adversatus
1025 2288 1060 2306 es
1081 2281 1112 2306 et
1132 2277 1212 2306 milii
1230 2276 1430 2313 displicuisti.
1486 2276 1562 2305 Tum
1585 2285 1630 2311 eo,
1655 2276 1740 2314 quod
1760 2275 1839 2304 milii
1858 2274 1949 2303 obse-

514 2334 607 2360 cutus
626 2339 689 2359 non
711 2340 755 2366 eS,
770 2333 992 2367 poenitentiam
1012 2331 1066 2359 libi
1084 2333 1211 2368 parasti
1218 2341 1228 2367 ;
1248 2332 1374 2367 patiens
1397 2332 1495 2367 iyitur
1517 2329 1605 2359 esto!

156 2386 188 2413 2.
233 2384 283 2413 Ne
306 2393 440 2413 uxorem
470 2386 578 2413 statim
608 2384 737 2421 repudio
765 2385 904 2412 ‹limittas
934 2385 1035 2412 taedio
1064 2385 1227 2421 adfectas,-
1259 2384 1316 2412 sed
1335 2392 1469 2412 uxorem
1493 2382 1663 2412 liberaliter
1690 2385 1793 2411 tracta
1814 2383 1845 2410 e!
1865 2381 1953 2409 modo

157 2436 222 2479 (p.
247 2434 376 2478 810.)
685 2439 841 2475 qenerosi,
866 2439 921 2475 qui
940 2439 974 2466 in
998 2437 1157 2465 hominum
1179 2445 1233 2464 ore
1255 2438 1310 2466 est.
1336 2435 1418 2473 aye!

274 2509 430 2537 Hortatur
456 2506 575 2546 filium,
604 2513 647 2547 ut,
683 2516 774 2546 quum
802 2507 863 2536 sua
889 2506 981 2545 culpa
1009 2514 1088 2535 uxor
1114 2505 1173 2535 sibi
1203 2514 1263 2534 non
1291 2507 1485 2535 conveniens
1514 2505 1675 2546 obtigerit,
1700 2511 1765 2532 rem
1794 2501 1952 2540 patienter

155 2571 238 2601 serat
268 2581 403 2612 eamque
430 2580 492 2601 non
520 2571 628 2601 statim
655 2570 818 2610 dimittat3
845 2568 903 2599 sed
931 2568 1195 2608 vituperationem
1221 2570 1347 2598 evitans
1378 2569 1526 2607 generosi
1553 2565 1642 2596 modo
1669 2573 1707 2593 se
1733 2568 1834 2603 gerat.
