2155 2892
881 157 1146 186 -217—

134 255 230 286 tdhat·
258 256 357 286 trunci
384 265 420 286 se
448 260 607 286 moveant.
659 255 720 285 Pro
759 255 866 284 verbis
895 253 919 283 as
957 252 1068 288 walbi
1108 261 1186 294 etc..
1213 264 1291 292 quae
1328 260 1446 284 mortuo
1485 254 1691 284 describendo
1718 255 1907 294 inserviunt,

131 316 155 346 αὖ
180 318 322 355 wyse-al
352 318 478 359 legitur.
541 317 650 347 Verba
681 315 874 355 significant,
914 318 942 346 ei
970 322 1065 347 totam
1093 321 1208 345 terram
1234 308 1390 345 Sululitam
1422 316 1532 344 luisse.
1587 317 1741 347 l'articula
1768 318 1905 347 interro-

131 381 225 422 gandi
252 391 323 412 cum
351 383 448 412 verbo
468 386 539 429 ἷκε-ι
567 379 786 419 coniungenda
813 386 873 409 est.
926 379 1065 408 Similem
1093 382 1196 407 autem
1224 378 1369 416 loquendi
1397 378 1521 407 modum
1556 379 1584 407 in
1620 385 1776 419 sequente
1809 390 1906 410 versu

130 443 307 474 invenimus
335 446 441 483 (metr.
472 442 630 481 Thawil):
658 441 685 472 Ο
712 443 883 472 arbores
911 436 1110 472 ctiubori!
1135 441 1161 480 ¹)
1192 440 1395 480 quidest,
1423 441 1523 480 quod
1550 441 1656 471 solia
1683 443 1907 482 emittatis,

132 506 251 544 quasi
278 515 351 535 vos
376 505 424 535 ob
451 509 618 534 mortem
647 504 933 534 Ebu-'Pliarifi
961 514 1036 534 non
1063 500 1291 545 lugentis?

129 602 159 632 5.
205 603 327 632 Pudsca
345 603 466 640 fenu'na
489 603 620 630 iuvenca
644 601 783 630 abortum
804 602 887 640 facit
905 605 1032 638 propter
1055 601 1249 638 dit-ulyatum
1272 603 1416 629 numnam
1439 602 1574 629 iumento
1597 610 1777 638 appensum.

229 671 380 701 Nuntium
408 671 522 700 mortui
549 676 667 701 tantum
696 675 846 701 terrorem
872 670 1042 701 hominibus
1069 671 1232 710 iniecisse,
1258 674 1290 700 ut
1317 669 1451 699 feminae
1478 669 1531 699 tali
1558 670 1670 699 terrori
1697 679 1757 699 non
1787 670 1908 701 adsue-

131 733 234 764 sactae
262 734 453 765 abortarent.
506 733 548 763 L't
574 738 675 763 autem
703 733 782 763 tales
812 732 947 763 seminas
971 733 1138 773 designet,
1166 742 1222 762 eas
1250 732 1382 772 pudicas
1410 731 1549 771 appellat
1584 731 1602 760 i.
1631 741 1658 761 e.
1687 732 1792 772 tales,
1832 741 1912 771 quae

130 804 257 835 semper
287 796 370 826 domi
397 800 567 826 versantur
593 800 625 825 et
660 796 834 826 terroribus
873 795 1079 826 adsuel'actae
1114 804 1174 823 non
1202 800 1286 825 sunt.
1340 795 1547 824 luvencarum
1583 799 1688 824 autem
1722 795 1911 825 mentionem

133 858 217 896 fecit,
247 868 327 898 quae
354 859 477 889 abortui
505 859 604 899 magis
634 859 799 898 expositae
827 858 898 888 sint.
937 858 1059 887 Abortu
1085 862 1190 888 autem
1218 866 1334 898 magna
1361 857 1522 887 calamitas
1551 857 1740 895 proverbiali
1768 857 1912 896 loquendi

130 921 223 951 modo
250 921 444 961 designatur.
474 920 529 950 Sic
557 920 697 950 inversu
724 924 837 960 poetae
870 918 975 963 (metr.
1005 916 1160 961 'l’hawil):
1187 920 1271 948 Nos
1299 918 1507 948 matutino
1534 923 1717 958 tempore
1746 919 1783 948 in
1807 929 1907 960 gen-

134 989 209 1014 tem
236 984 319 1014 loci
347 983 539 1023 Njadran
566 983 843 1012 incursionem
879 982 1080 1022 fecimus,
1108 990 1213 1020 quae
1241 980 1416 1020 effecit,
1447 985 1487 1010 ut
1514 980 1713 1010 mulieres
1753 991 1913 1022 praeg-

135 1050 286 1078 nantes
314 1047 361 1076 ob
387 1047 573 1075 timorem
599 1045 851 1085 sanguinem
880 1044 1147 1080 emitterent,
1175 1047 1206 1071 et
1234 1042 1441 1081 insequente
1460 1040 1913 1085 versu(¹netr.Motakarib):

134 1108 182 1138 Et
211 1113 311 1148 quot
339 1107 624 1138 calamitates
651 1116 760 1147 gens
788 1105 949 1146 Djarim
982 1104 1189 1143 adduxit,
1226 1114 1330 1144 quae
1358 1104 1576 1140 effecere,
1619 1109 1662 1133 ut
1700 1104 1915 1145 gravidae

133 1179 258 1200 onera
284 1180 361 1200 sua
390 1164 674 1209 deponerent!
727 1169 867 1199 Verbum
893 1165 971 1214 &fik-3
999 1167 1114 1207 duplici
1143 1167 1234 1197 modo
1264 1167 1369 1197 efferri
1396 1172 1519 1206 potest,
1547 1172 1600 1196 aut
1627 1164 1727 1212 σὼ,
1767 1170 1800 1196 ut
1836 1170 1915 1197 sub-

132 1233 248 1263 iectum
275 1234 345 1263 eius
375 1242 438 1262 vox
466 1230 505 1260 tt,
532 1232 573 1262 sit
602 1236 657 1262 aut
681 1229 778 1277 σῶζέ,
798 1236 832 1261 ut
859 1241 924 1260 vox
949 1220 1063 1276 Oka-235
1090 1231 1228 1261 subiecti
1254 1229 1323 1260 loco
1356 1231 1410 1259 sit.
1462 1228 1645 1258 Posteriore
1684 1233 1814 1267 recepto
1843 1229 1917 1258 voci

135 1293 175 1324 [Σὺ
205 1295 423 1336 accusativus,
461 1304 522 1334 quo
555 1304 652 1325 causa
685 1294 798 1334 prioris
825 1291 867 1333 (ὦ
896 1291 1006 1336 352⁸)
1041 1294 1217 1334 indicetur,
1245 1293 1400 1323 tribuatur
1437 1300 1577 1321 necesse
1604 1295 1663 1320 est.
1717 1290 1792 1321 Vox
1827 1289 1918 1340 &aba

133 1362 282 1397 tanquam
309 1350 502 1388 adie'ctivum
529 1367 600 1388 cum
638 1366 720 1387 voce
748 1358 810 1401 ,μὶ
836 1357 998 1387 cohaeret.
1050 1357 1191 1387 Nuntius
1227 1361 1377 1396 tanquam
1411 1362 1461 1384 res
1501 1363 1644 1393 appensa
1682 1354 1822 1384 iumento
1858 1353 1917 1383 de-

132 1421 293 1461 scribitur,
321 1423 436 1460 quippe
450 1430 540 1459 quem
555 1419 676 1449 vehens
704 1420 842 1449 iumento
860 1419 993 1449 adferat.
1028 1419 1137 1450 Verba
1154 1424 1259 1449 autem
1286 1426 1406 1447 morem
1426 1421 1585 1456 spectant,
1601 1425 1663 1456 quo
1690 1416 1752 1446 viri
1785 1416 1919 1446 celebris

132 1483 247 1513 mortui
272 1486 415 1513 nuntium
440 1483 564 1512 vehens
591 1482 630 1512 ad
642 1482 787 1523 singulas
813 1487 929 1523 gentes
947 1481 1136 1522 perferebat.
1163 1482 1273 1511 Talem
1288 1480 1385 1510 colles
1406 1478 1633 1510 conscendisse
1643 1482 1675 1508 et
1689 1478 1830 1508 nuntium
1851 1478 1918 1509 cla-

133 1550 270 1575 mantem
285 1545 473 1587 divulgasse
499 1545 589 1575 Ilam.
601 1554 630 1584 p.
645 1544 690 1574 11²?
707 1544 776 1575 infr.
793 1544 929 1586 legimus
945 1554 960 1575 c
971 1554 988 1574 ο
999 1544 1049 1575 nf.
1076 1545 1170 1576 Ham.
1184 1555 1214 1584 p.
1234 1544 1285 1574 ΡΛἹ
1302 1552 1333 1573 v.
1348 1542 1377 1572 1.
1406 1542 1439 1570 ln
1455 1540 1564 1571 scholii
1586 1540 1678 1570 tertia
1692 1539 1798 1576 ..loia-2
1814 1541 1917 1582 legas.

135 1641 167 1671 6.
211 1642 284 1671 Non
306 1643 463 1678 timebam,
489 1652 527 1672 ne
549 1644 616 1671 eine
639 1651 724 1670 mors
742 1643 856 1681 futura
878 1646 962 1671 esset
980 1651 1075 1671 manu
1105 1643 1236 1671 audacis
1265 1639 1417 1669 caeruleis
1446 1638 1546 1667 oculis
1572 1638 1725 1675 praediti,
1750 1640 1783 1666 in
1804 1641 1920 1667 terram

820 1698 928 1726 oculos
951 1698 1112 1735 ‹Iefiqetzlis
1135 1696 1232 1725 illata.

234 1765 279 1795 Se
307 1765 430 1805 quidem
459 1775 518 1795 non
546 1767 688 1797 nescium
717 1766 841 1808 fuisse,
870 1766 1042 1797 Olimarum
1075 1766 1210 1795 omnium
1245 1764 1404 1794 hominum
1440 1771 1634 1792 communem
1662 1766 1782 1791 sortem
1812 1761 1919 1790 mortis

135 1838 274 1868 manere,
303 1827 361 1857 sed
391 1833 500 1858 contra
527 1830 803 1867 exspectationem
830 1829 1008 1868 accidisse,
1037 1831 1068 1858 ut
1100 1837 1118 1857 a
1145 1826 1273 1858 Graeco
1302 1830 1356 1856 aut
1383 1825 1482 1854 Persa
1509 1823 1717 1853 occideretur.
1772 1822 1919 1852 Caerulei

135 1889 218 1919 oculi
243 1890 393 1930 gentibus
421 1894 547 1929 praeter
566 1890 691 1919 Arabes
722 1891 854 1920 maxime
868 1890 1004 1921 Graecis
1028 1890 1204 1919 tribuuntur
1231 1888 1336 1919 conf.
1364 1888 1469 1918 Harir.
1498 1896 1526 1926 p.
1543 1884 1581 1915 itm
1608 1885 1707 1915 schol.
1739 1884 1767 1914 1.
1800 1883 1842 1914 13
1871 1893 1918 1923 sq.

136 1951 199 1980 Alii
236 1951 413 1981 occisorem
453 1950 581 1981 Olimari
618 1951 871 1990 Izpahanensem
907 1952 957 1981 alii
987 1950 1147 1982 Graecum
1187 1951 1289 1981 fuisse
1329 1951 1443 1981 dicunt.
1497 1949 1572 1979 Vox
1608 1944 1708 1999 &5³³³
1743 1947 1812 1976 aliis
1848 1946 1920 1976 cilia

136 2011 288 2050 demissa,
318 2014 403 2049 laxa.
434 2012 502 2042 aliis
522 2021 630 2042 crassa
658 2013 727 2042 cilia
754 2013 918 2042 habentem
941 2013 1100 2054 designat.
1151 2014 1185 2043 ln
1213 2014 1354 2043 Hamasa
1383 2022 1412 2051 p.
1440 2011 1503 2040 Pal*
1528 2019 1560 2039 v.
1593 2009 1621 2040 1.
1659 2008 1698 2039 de
1734 2008 1802 2038 viro
1833 2007 1920 2048 peri-

135 2073 259 2113 culoso,
285 2073 336 2112 qui
365 2082 435 2104 cum
461 2078 614 2113 serpente
640 2079 839 2114 comparatus
865 2078 926 2115 est,
953 2084 1066 2105 vocem
1093 2075 1261 2106 adhibitam
1289 2075 1479 2104 invenimus.

907 2168 1151 2202 cxxvn.

142 2233 304 2266 zacln·
327 2233 372 2266 b.
396 2232 589 2267 ΑΙηιιι-ιι
610 2234 655 2267 b.
679 2234 912 2268 Anum-ets
935 2235 980 2268 b.
1004 2234 1268 2269 Alseharid
1289 2233 1449 2268 fraten-
1471 2234 1750 2268 Alehansae
1784 2232 1920 2266 «lixit.

189 2292 293 2331 (Ante
306 2292 453 2321 lslamum
473 2292 588 2322 vivens
605 2292 655 2323 die
670 2293 857 2323 Dsu-l‘Atsl
871 2294 997 2324 occisus
1012 2291 1078 2336 est)
1091 2294 1172 2324 conf.
1186 2294 1322 2324 Meidan.
1339 2294 1473 2334 append.
1491 2297 1522 2324 et
1541 2294 1577 2324 Τ.
1597 2294 1639 2323 111
1653 2294 1688 2326 Ρ,
1706 2294 1733 2323 1.
1750 2302 1777 2332 p.
1794 2293 1873 2322 587.

140 2350 167 2380 Ι.
209 2351 391 2381 De'oeerunt:
416 2350 530 2379 Nonne
551 2354 669 2389 equile-s·
689 2352 858 2381 Hasclu'mi
875 2353 986 2390 salyrd
1004 2351 1220 2390 perstrittyis?
1243 2350 1389 2394 (Dico):
1411 2354 1519 2383 Aleum
1530 2363 1592 2382 non
1613 2356 1674 2387 est,
1695 2351 1763 2391 (1)-
1786 2348 1920 2390 189.)

825 2408 915 2435 cerba
938 2409 1042 2444 turpia
1069 2408 1222 2445 proferre.

236 2459 340 2498 Quum
369 2461 465 2491 frater
491 2464 603 2500 poetae
633 2461 829 2502 Moaliwijah
855 2473 874 2493 a
902 2463 1039 2493 Doraido
1067 2469 1100 2493 et
1127 2463 1311 2503 Haschimo,
1339 2463 1411 2492 filiis
1438 2461 1618 2491 Harmalahi
1637 2461 1800 2499 Morrstae,
1829 2461 1920 2491 occi-

138 2533 194 2555 sus
221 2530 323 2564 esset,
350 2525 455 2563 plures
479 2534 546 2554 eum
572 2525 781 2565 instigarunt,
808 2530 842 2555 ut
866 2535 923 2555 eos
958 2526 1071 2566 satyra
1108 2526 1348 2566 perstringeret.
1401 2524 1445 2553 Se
1475 2524 1630 2553 facturum
1665 2533 1742 2553 esse
1775 2524 1918 2566 negavit.

157 2634 185 2662 ¹)
204 2634 304 2658 Nomen
323 2635 393 2658 fluvii
411 2636 480 2665 apud
502 2635 622 2665 oppidum
642 2634 794 2658 flas—Aithn
814 2635 876 2666 orti,
894 2635 936 2665 qui
954 2635 980 2658 in
999 2635 1157 2663 Euphratem
1178 2635 1246 2664 apud
1265 2634 1408 2657 Circesium
1428 2639 1509 2664 prope
1537 2634 1570 2657 ad
1586 2634 1701 2658 Raccam
1719 2634 1871 2659 effunditur.

1632 2683 1677 2713 28
