2155 2892
900 128 1177 159 —476—

140 231 314 273 significari
327 230 404 261 vult.
420 229 544 260 Gentes
562 229 729 260 nonnullae
741 233 846 260 autem
861 233 948 272 sunt,
960 238 1041 268 quae
1052 239 1069 259 a
1083 233 1185 259 matre
1205 238 1317 260 nomen
1332 229 1524 270 acceperint.
1535 229 1702 261 Posterior
1718 240 1837 261 versus
1855 241 1930 271 pars

143 296 267 325 ludibrii
294 303 392 325 causa
420 293 502 323 diota
529 296 589 323 est.
633 293 708 323 Vox
735 289 850 327 25⁹5
875 297 931 323 aut
957 292 1054 323 statui
1081 291 1302 332 describendo,
1331 295 1363 322 ut
1389 301 1446 332 pro
1475 293 1667 322 accusativo
1695 294 1849 333 participii
1876 295 1929 334 sit,

142 357 285 395 inservit,
305 355 565 395 quemadmodum
585 356 615 385 in
631 355 747 386 Corani
776 357 846 385 loco
860 355 933 385 Sur.
953 355 1008 393 19,
1029 354 1050 384 5
1069 365 1117 394 sq.
1144 356 1276 385 verbum
1302 355 1385 402 &35²-
1415 355 1576 394 explicant
1604 359 1660 385 aut
1684 355 1929 394 propositionem

141 422 381 457 consequentem
409 417 597 458 imperativi,
623 422 658 447 ut
688 427 743 457 pro
771 417 878 447 futuro
906 420 1084 456 apocopato
1113 417 1166 455 sit,
1193 416 1301 446 efficit.
1353 417 1497 447 Licentia
1525 417 1607 446 enim
1638 417 1779 457 poetica,
1807 421 1841 446 ut
1867 427 1930 448 una

139 487 238 516 forma
264 490 321 520 pro
349 481 447 510 altera
473 484 621 520 ponatur,
648 482 838 520 permissum
868 485 920 510 est·
949 480 1016 519 (co
1034 490 1051 509 n
1067 481 1088 510 f.
1118 480 1223 512 Gram.
1249 481 1304 510 Ar.
1333 479 1369 508 T.
1384 480 1413 508 ΙΙ
1430 489 1459 518 p.
1482 479 1593 519 503.).
1621 480 1676 509 Sic
1703 480 1731 509 in
1760 479 1845 509 initio
1872 488 1929 508 se-

138 542 201 586 (p.
224 540 352 585 652.)
380 543 503 582 quentis
531 552 650 572 versus
679 542 788 581 (metr.
816 543 964 583 XVafir):
1007 544 1170 573 Nonne
1209 542 1259 573 ad
1286 545 1330 573 te
1356 543 1502 583 venit,
1530 543 1622 574 dum
1650 543 1784 573 nuntii
1821 543 1929 573 refe-

140 611 285 638 runtur
324 605 436 648 (res,
477 615 579 645 quae
622 606 768 646 gentis
806 606 1087 646 Banu—Sijad
1122 606 1332 647 camelae,
1370 607 1440 636 cui
1474 606 1537 636 lae
1579 610 1688 648 erat,
1727 606 1928 645 accidit.)

1452 665 1543 717 ,(ὸῐθρ
1569 676 1620 710 (εἰ)
1647 666 1733 715 cjx—5
1760 665 1839 702 οὓ
1867 666 1930 707 Ψ)

137 767 168 794 2.
212 765 279 795 Cur
300 774 362 795 non
387 765 583 801 Olnoaz'djmn
605 764 816 800 impedivistis,
843 766 1009 803 quominus
1031 765 1111 793 milei
1131 765 1334 793 contumelias
1352 765 1478 799 diceret,
1502 774 1537 794 re
1558 775 1632 794 vera
1654 775 1788 802 servum,
1807 767 1928 803 oriyine

551 820 733 854 suspectum
758 815 941 858 (nothum),
966 820 1048 847 inter
1070 821 1200 856 optimos
1223 828 1285 847 non
1309 819 1485 848 habendum
1500 820 1515 848 ?

216 889 329 918 Totam
349 891 474 928 gentem
501 886 676 926 vituperat,
690 887 772 925 quod
791 889 892 918 virum
912 898 930 918 a
946 888 1058 928 satyra
1073 897 1133 917 non
1161 888 1346 918 retinuisset
1371 893 1404 918 et
1422 891 1452 918 in
1475 889 1577 919 virum
1593 889 1698 929 ipsum
1720 892 1925 923 contumelias

138 951 222 982 dicit.
276 951 382 981 Servo
416 960 508 990 quum
543 950 645 980 crines
672 950 829 990 occipitis,
858 952 888 981 ni
909 949 1266 991 fallor-,abraderentur
1292 945 1366 981 &att
1394 956 1464 989 ιλμ
1490 952 1675 991 appellatur.
1729 953 1798 983 Hoc
1826 957 1928 985 autem

136 1016 261 1043 nomine
309 1015 337 1043 is
373 1012 535 1053 designari
571 1013 718 1052 videtur,
753 1015 804 1053 qui
838 1013 958 1054 origine
987 1018 1019 1043 et
1045 1022 1105 1042 non
1132 1012 1320 1051 captivitate
1346 1022 1465 1043 servus
1499 1018 1579 1044 erat.
1645 1014 1766 1045 Dicitur
1803 1025 1930 1055 quoque

135 1071 256 1120 0,.)ᾁέΣῖ
283 1079 375 1116 0⁹:²3
402 1074 461 1104 sed
488 1074 527 1104 de
552 1074 786 1115 significatione
815 1075 936 1106 formae
964 1075 1066 1105 dualis
1092 1085 1154 1104 uon
1180 1075 1379 1105 consentiunt
1399 1075 1600 1115 interpretes.
1631 1076 1800 1108 contrario
1829 1087 1930 1109 sensu

133 1135 292 1183 QJHJ>
319 1143 352 1168 et
380 1135 474 1175 kffsxssl
493 1136 561 1182 5355
589 1137 714 1168 dicitur.
741 1138 858 1169 Forma
885 1138 986 1169 dualis
1014 1139 1044 1168 in
1071 1138 1280 1179 sequentibus
1307 1137 1457 1167 versibus
1485 1139 1620 1170 occurrit
1639 1140 1748 1179 (metr.
1770 1140 1929 1181 RedjesJ:

133 1201 234 1231 Nisi
262 1200 359 1230 Abu
380 1216 398 1223 -
425 1200 676 1230 l'Schakwa
713 1200 901 1240 fuisset,
929 1210 1079 1241 pecora
1102 1205 1202 1240 potu
1229 1200 1399 1230 satiata
1424 1210 1503 1230 non
1529 1201 1744 1243 fuissent,
1774 1204 1927 1234 tunica.

134 1262 278 1293 lacera
305 1261 497 1299 indutuS‚
526 1267 571 1292 ut
596 1272 699 1292 caro
728 1271 877 1293 crassa
903 1262 1150 1305 adpareret,
1177 1263 1325 1293 abiens
1356 1273 1477 1303 quum
1505 1273 1616 1303 aqua
1642 1265 1862 1305 occip'itis
1890 1268 1930 1297 in

134 1330 316 1364 utroque
343 1324 494 1354 latere
519 1324 556 1363 (i.
584 1335 612 1354 e.
639 1325 752 1365 sudor)
781 1329 925 1356 manat.
956 1325 1067 1355 Voces
1094 1337 1140 1371 &5
1164 1314 1215 1370 μὲ
1242 1330 1415 1356 occurrunt
1441 1335 1471 1365 p.
1491 1327 1541 1356 ‘ur‘
1559 1336 1592 1356 v.
1611 1326 1643 1357 3.
1670 1328 1794 1358 Vocem
1821 1333 1929 1359 autem

138 1387 228 1417 vario
256 1386 345 1416 modo
371 1387 578 1428 grammatice
604 1387 765 1427 explicant
792 1387 950 1428 dicentes,
978 1392 1032 1417 aut
1057 1396 1133 1417 esse
1158 1388 1226 1417 loco
1253 1387 1461 1427 adpositionis
1488 1388 1578 1418 vocis
1608 1386 1700 1431 [2932
1718 1394 1773 1420 aut
1795 1390 1928 1430 vitupe-

132 1449 229 1479 rando
268 1448 379 1480 Gram.
413 1449 450 1479 T.
485 1450 514 1478 ΙΙ
549 1460 578 1489 p.
614 1450 671 1479 94.
707 1449 788 1480 263.
824 1455 880 1480 aut
916 1452 1016 1480 statui
1051 1449 1212 1489 Ohwaidji
1248 1449 1456 1480 describendo
1495 1450 1663 1481 inservire.
1724 1452 1799 1482 Vox
1832 1450 1927 1490 ῳῑςμο

132 1512 203 1542 mihi
243 1512 373 1552 pluralis
402 1512 501 1543 forma
527 1512 665 1553 videtur,
694 1522 774 1552 quae
802 1512 927 1552 proprie
953 1512 1032 1542 bene
1061 1511 1199 1542 directas
1227 1512 1367 1552 sagittas
1397 1511 1571 1552 designans
1599 1513 1629 1542 in
1655 1516 1792 1553 optimos
1819 1516 1928 1556 gentis

132 1575 285 1604 translata
311 1579 372 1604 est.
413 1575 502 1604 Hanc
529 1575 796 1616 significationem
824 1578 855 1607 in
880 1584 993 1614 versu,
1021 1577 1070 1606 cui
1097 1579 1231 1606 metrum
1259 1575 1381 1614 Redjes
1409 1579 1469 1617 est,
1497 1575 1698 1608 invenimus:
1724 1577 1766 1606 In
1793 1577 1927 1607 medio

131 1636 282 1677 gentis
311 1636 450 1666 Maleo
478 1641 519 1666 et
543 1636 791 1667 Hentselah
818 1628 890 1674 fui,
917 1637 1169 1677 optimorum
1196 1638 1290 1668 eius
1311 1642 1353 1669 et
1379 1640 1537 1670 numeri
1564 1641 1687 1671 vitiis
1715 1644 1926 1676 carentis.

131 1745 164 1774 3.
209 1747 293 1775 Dum
315 1755 369 1774 vos
392 1747 424 1774 in
447 1748 534 1783 [erqo
558 1746 672 1774 cameli
686 1754 768 1782 pone
790 1756 844 1775 vos
866 1748 1061 1784 imposuislis
1084 1747 1266 1784 Solaitnam,
1290 1752 1420 1778 matrem
1443 1750 1657 1780 lllonlaschiri
1684 1755 1716 1781 et
1740 1753 1814 1781 Ebn
1831 1766 1848 1773 -
1865 1753 1928 1782 Al-

510 1802 711 1839 mocaffafum
747 1804 820 1838 post
851 1804 973 1838 leryum
993 1803 1179 1831 insidentem
1201 1806 1231 1831 et
1252 1803 1557 1833 Ebu-Chabbubum.

232 1869 360 1899 Versus
389 1878 516 1907 sensus,
545 1879 639 1909 quum
667 1869 835 1910 ambiguus
864 1870 915 1911 sit,
942 1871 1032 1901 vario
1061 1871 1150 1902 modo
1177 1872 1329 1911 explicari
1357 1876 1474 1912 potest.
1526 1874 1602 1904 Vox
1627 1876 1811 1913 &pa-§sumn
1829 1875 1926 1905 statui

134 1931 304 1971 hominum,
347 1942 480 1972 quorum
509 1932 698 1962 mentionem
726 1932 824 1972 fecit,
862 1932 1071 1963 describendo
1100 1933 1244 1962 inservit.
1296 1933 1366 1962 Hos
1395 1934 1473 1964 alios
1501 1943 1582 1973 pone
1611 1933 1739 1964 dorsum
1767 1934 1926 1965 vehentes

131 2002 240 2023 seeum
268 1994 425 2023 sumsisse
453 1994 542 2035 dicit3
571 1995 641 2036 sed,
673 1995 756 2035 quod
783 1997 871 2033 velit,
901 1995 984 2026 haud
1010 1997 1116 2035 liquet.
1144 1995 1346 2025 Scholiastes
1372 1995 1461 2034 dixit,
1490 1995 1517 2024 si
1543 1995 1586 2025 illi
1613 2005 1631 2025 e
1658 2007 1788 2027 numero
1807 2007 1928 2037 eorum,

132 2058 186 2096 qui
213 2057 323 2095 satyra
350 2057 658 2097 perstringerentur,
676 2063 800 2096 essent,
816 2059 914 2088 verba
941 2058 1053 2088 eodem
1081 2057 1172 2088 modo
1201 2057 1281 2087 dicta
1310 2067 1399 2098 esse,
1427 2067 1488 2097 quo
1516 2057 1622 2088 dicere
1649 2059 1803 2100 solerent,
1824 2070 1927 2100 quen·-

131 2117 199 2147 dam
227 2119 258 2147 in
285 2122 448 2157 postrema
477 2124 572 2158 gente
602 2129 702 2159 esse,
728 2120 777 2150 sin
806 2130 885 2150 vero
913 2132 931 2151 e
958 2129 1089 2150 numero
1117 2130 1224 2150 eorum
1253 2130 1314 2150 non
1342 2125 1463 2160 essent,
1478 2129 1603 2151 sensum
1631 2131 1719 2163 esse,
1738 2131 1794 2151 eos
1822 2122 1860 2152 ab
1886 2122 1926 2152 iis

131 2180 282 2210 auxilium
309 2189 457 2220 rogasse,
487 2186 520 2209 ut
547 2181 575 2209 ei
603 2182 723 2210 similes
751 2182 827 2211 facti
855 2186 976 2220 essent,
1004 2191 1097 2221 quem
1122 2182 1170 2211 vir
1198 2186 1269 2221 post
1295 2191 1332 2210 se
1360 2181 1531 2212 vehentem
1560 2192 1668 2212 secum
1693 2182 1825 2213 duxerit.
1864 2182 1925 2211 Alii

135 2241 252 2279 dicunt,
269 2250 395 2271 sensum
424 2251 511 2279 esse,
538 2250 599 2270 vos
626 2251 675 2270 me
703 2243 813 2281 satyra
843 2243 992 2282 petiistis,
1020 2243 1091 2273 dum
1120 2243 1179 2273 iam
1208 2244 1300 2273 istam
1316 2243 1462 2273 feminam
1481 2249 1513 2273 et
1539 2244 1619 2274 istos
1646 2246 1732 2274 viros
1760 2244 1924 2273 vobiscum

132 2313 214 2343 pone
242 2307 365 2345 tergum
393 2306 564 2343 sumsistis,
581 2304 851 2343 quasiSolaiinam
866 2304 986 2334 abistis
1013 2305 1092 2334 viris
1120 2305 1274 2336 dedecore
1301 2306 1459 2336 adfectam
1489 2316 1565 2337 esse
1592 2307 1673 2337 velit
1700 2311 1754 2336 aut
1781 2306 1924 2336 omnibus

132 2365 192 2395 illis
225 2366 318 2403 simul
357 2366 559 2408 ignominiam
599 2367 785 2407 iniungere,
823 2366 866 2396 ita
899 2371 932 2396 ut
965 2376 1022 2407 eos
1056 2367 1198 2397 derideat
1224 2368 1354 2409 dicens,
1382 2378 1443 2398 vos
1472 2369 1544 2399 mihi
1571 2379 1628 2409 per
1654 2378 1723 2407 θος,
1753 2369 1802 2408 qui
1831 2368 1924 2398 vobis

132 2428 277 2459 dedecori
305 2434 391 2470 sunt,
412 2429 524 2459 bellum
551 2428 685 2458 infertis.
737 2428 799 2458 Alii
827 2427 946 2468 dicunt,
975 2437 1029 2459 eos
1057 2429 1105 2475 ab,
1122 2430 1183 2459 illis
1211 2430 1358 2468 captivos
1387 2430 1489 2463 factos
1517 2440 1599 2471 pone
1619 2435 1742 2471 tergum
1770 2429 1924 2459 abductos

134 2487 311 2521 esse.'Alii
332 2491 467 2531 denique
497 2491 525 2520 in
553 2500 591 2520 eo
622 2490 857 2532 cognationem,
885 2499 945 2529 qua
972 2500 1041 2520 cum
1069 2491 1106 2520 iis
1135 2491 1293 2521 coniuncti
1322 2496 1443 2531 essent,
1461 2492 1578 2524 vident.
1605 2492 1691 2521 Loco
1719 2492 1809 2520 vocis
1826 2490 1922 2528 agkei>

134 2564 163 2593 in
192 2566 349 2595 Mersukii
377 2565 487 2595 codice
513 2548 610 2601 eal-kg>
638 2565 763 2606 legitur.
