2155 2892
886 165 1152 196 —409—

134 265 163 295 1.
209 264 263 299 Ίὶι,
301 274 318 293 o
347 265 422 294 urbs
446 263 602 294 meale!
641 267 735 301 yram
767 264 844 292 nu‘lei
872 273 933 291 ηιιη
964 274 1015 301 es,
1044 272 1145 300 nequo
1175 263 1265 292 locus
1295 263 1448 292 Scliti'ulib
1477 267 1533 292 aut
1564 264 1654 292 loma
1686 264 1806 293 Nokom
1837 265 1914 293 mihi

904 321 999 347 ammi
1020 321 1104 347 stant.
1688 318 1752 359 (ΙΙ.
1775 317 1912 357 609.)

245 390 294 419 Ex
323 390 382 429 iis,
417 399 499 429 quae
530 387 765 428 praemisimus,
799 393 925 426 poetam
953 388 1055 427 putria
1081 387 1195 417 relicta
1225 387 1253 416 in
1284 388 1431 417 Arabiam
1461 388 1584 418 felicem
1613 389 1671 418 iter
1703 389 1821 419 secisse
1848 389 1913 418 sci-

134 461 215 482 mus.
268 452 394 482 Patriae
420 450 578 481 desiderio
606 449 750 479 adfectus
778 449 836 478 sibi
864 454 979 478 terrani
1010 450 1235 480 Jcmnnensem
1266 450 1348 479 liauil
1377 452 1503 489 placere
1531 451 1615 480 dicit.
1643 452 1747 481 Trium
1776 453 1914 482 locorum

133 515 320 544 mentionem
349 514 433 553 fecit,
449 513 591 550 Zamae,
619 512 702 542 urbis
730 512 871 551 capitalis
900 512 1027 551 (conf.
1057 512 1159 545 Abult'.
1188 512 1311 553 Geogr.
1341 523 1369 552 p.
1396 512 1457 552 Ὧς),
1483 513 1633 543 Seiiiiulil)
1662 515 1720 544 loci
1750 516 1913 546 cuiusdam

137 582 169 606 et
206 577 346 607 Nokm
379 577 431 614 (ut
460 576 488 604 in
515 584 612 604 versu
641 575 731 604 metri
761 584 860 604 causa
896 575 1014 604 vocatis
1043 575 1197 606 Dliamma
1224 576 1329 605 addita
1357 572 1414 617 sit)
1447 575 1529 614 quod
1566 576 1670 614 oppidi
1710 577 1914 607 =lemanensis

135 647 249 668 nomen
275 647 360 675 esse,
387 638 416 667 in
444 638 576 668 Kamnsi
604 647 700 677 opere
728 637 872 677 legimus.
939 637 1140 667 Scholiastcs
1169 648 1280 668 vocem
1309 632 1400 675 ἱᾲρ
1428 638 1592 676 explicans
1620 637 1705 678 dicit,
1733 648 1844 668 vocem
1873 633 1906 667 it)

137 703 298 740 respicere
323 700 364 730 ad
390 710 456 730 rem
487 706 518 730 et
547 701 628 731 lianc
656 711 783 731 causam
811 710 898 737 esse,
927 710 981 730 cnr
1009 710 1074 730 vox
1103 700 1266 730 mutationi
1294 700 1430 729 obnoxia
1466 709 1526 729 non
1554 699 1609 738 sit,
1638 709 1730 738 quum
1758 711 1826 730 res
1854 706 1916 731 tam

135 763 338 794 masculinum
366 773 459 803 quam
489 764 667 794 femininum
696 769 758 794 tam
786 764 978 804 singularem
1005 773 1097 803 quam
1125 764 1278 802 pluralem
1296 763 1525 802 complectatur
1551 762 1655 792 conf.
1676 762 1786 793 Gram.
1806 764 1862 793 Ar.
1879 764 1915 793 T.

134 825 171 871 ll²
201 825 273 855 225
301 834 367 865 sqq.
420 827 494 856 Vox
520 829 608 867 &39
636 836 691 865 pro
717 830 793 866 ὁρ
813 825 848 865 ,ὁ
876 830 935 856 est.

135 923 166 951 2.
213 922 282 959 Eyo
307 926 409 951 terras
432 933 492 952 mm
515 924 632 957 amabo,
657 926 689 952 in
712 924 824 962 quibus
844 926 967 959 yenlem
990 922 1084 951 Alius
1108 923 1169 950 ridi
1189 925 1218 950 e!
1239 930 1301 949 non
1325 924 1452 958 lerram,
1476 923 1529 951 ubi
1548 931 1628 958 =qens,-
1649 922 1768 951 li'odom
1791 923 1919 956 habitat,

233 992 266 1021 lu
296 997 409 1023 terram
439 994 563 1032 culpam
591 1002 652 1022 non
680 992 849 1028 transsert;
887 992 945 1022 sed
978 992 1006 1021 in
1037 997 1153 1032 gentes
1181 996 1214 1020 et
1245 991 1291 1020 sic
1319 993 1426 1031 gentis
1454 1001 1532 1021 suae
1560 1001 1695 1022 amorem
1726 992 1918 1022 manifestat.

138 1054 228 1084 Duas
257 1059 372 1095 gentes
407 1056 545 1094 appellat
583 1065 675 1085 unam
703 1055 812 1092 Ahns,
850 1055 931 1094 quod
959 1064 1134 1095 cognomen
1163 1053 1251 1084 Saidi
1279 1054 1306 1083 b.
1337 1054 1443 1083 Maleo
1470 1054 1497 1083 b.
1527 1054 1618 1084 Odod
1645 1060 1725 1095 erat,
1754 1060 1786 1085 et
1813 1065 1831 1085 a
1858 1064 1919 1094 quo

138 1116 301 1154 provincia
329 1116 466 1146 Arabiae
494 1116 594 1146 seticis
623 1126 736 1146 nomen
763 1117 892 1156 accepit.
920 1117 953 1145 In
981 1116 1138 1145 Mersukii
1164 1115 1275 1145 codice
1304 1121 1335 1145 et
1363 1117 1587 1146 commentario
1617 1128 1698 1157 ωε
1724 1116 1853 1157 iegitur,
1869 1117 1921 1156 qui

139 1184 246 1209 auctor
272 1180 377 1220 gentis
405 1180 443 1210 ad
479 1185 607 1221 gentem
635 1180 846 1210 Kais—Aililan
873 1180 1078 1218 pertinentis,
1116 1179 1197 1209 filius
1225 1178 1381 1220 Bagliidlii
1409 1179 1436 1208 b.
1465 1179 1556 1209 Raits
1584 1184 1652 1209 erat
1680 1178 1802 1217 (conf.
1832 1179 1920 1208 Ebu-

139 1240 297 1270 Kotaiball
325 1251 354 1280 p.
382 1242 466 1280 97).
494 1242 635 1272 Alterius
662 1247 768 1272 autem
796 1244 900 1283 gentis
931 1243 960 1271 in
987 1242 1117 1272 Kamusi
1144 1251 1241 1281 opere
1268 1242 1458 1272 mentionem
1486 1242 1676 1282 invenimus,
1696 1243 1741 1271 ita
1760 1246 1795 1270 ut
1815 1241 1921 1271 littera

139 1304 221 1335 Dal
247 1305 351 1335 vocali
374 1305 478 1336 Fatha
504 1306 739 1345 pronuncietur.
793 1306 843 1335 Ab
872 1316 910 1336 eo
937 1306 1030 1344 panni
1058 1304 1248 1335 Kodomitici
1275 1314 1387 1334 nomen
1415 1307 1587 1343 accepisse
1615 1304 1774 1334 dicuntur.

139 1400 171 1430 3.
216 1399 319 1437 Quum
340 1403 429 1431 Deus
449 1404 603 1431 matulina
623 1403 702 1431 nube
723 1405 838 1432 terram
860 1405 980 1441 irriyul,
1005 1405 1133 1432 ηοιιηιέί
1151 1404 1223 1439 ique
1241 1403 1400 1440 stagnante
1419 1411 1473 1430 eas
1495 1399 1627 1438 irriget!

240 1471 291 1501 Ex
315 1471 376 1501 hoc
403 1481 502 1501 versu
528 1472 684 1513 videmus,
711 1482 772 1502 non
800 1473 900 1503 solum
927 1481 1064 1503 amorem
1095 1474 1215 1511 patriae
1244 1481 1315 1501 eum
1343 1471 1570 1510 commovisse,
1589 1480 1701 1500 verum
1731 1472 1825 1500 etiam
1846 1480 1923 1510 pra-

141 1543 215 1563 vam
245 1543 324 1575 erga
352 1534 451 1573 ipsum
480 1534 595 1574 agendi
626 1535 778 1564 rationem
808 1535 978 1565 incolarum
1005 1540 1109 1564 terrac
1135 1533 1340 1564 Jemanensis
1368 1543 1497 1563 causam
1526 1533 1637 1574 fuisse,
1665 1544 1721 1563 cur
1749 1534 1812 1564 ista
1838 1540 1925 1564 terra

140 1596 200 1635 ipsi
230 1595 424 1634 displiceret.
476 1596 575 1626 Poeta
603 1596 676 1626 mihi
703 1596 784 1626 haud
813 1597 892 1626 bene
919 1598 1051 1626 verbum
1076 1606 1153 1642 σωκ
1179 1605 1250 1626 cum
1277 1596 1351 1635 igne
1379 1595 1539 1639 flagrante
1558 1595 1765 1626 coniunxisse
1785 1596 1923 1634 videtur,

141 1668 329 1698 quamquam
363 1659 469 1697 pluvia
495 1668 565 1689 cum
592 1660 665 1700 igne
692 1660 840 1700 coniungi
868 1663 984 1698 potest.
1027 1659 1070 1689 Ut
1096 1660 1160 1689 vim
1187 1658 1269 1699 ignis
1298 1661 1443 1698 augeret,
1468 1666 1537 1686 cum
1565 1666 1604 1686 eo
1631 1658 1760 1688 verbum
1788 1656 1924 1702 ,eij-2423,

143 1731 203 1760 quo
232 1724 317 1762 ignis
343 1726 447 1751 status
476 1722 638 1760 indicatur,
663 1725 842 1752 connexuit.
872 1723 914 1753 Ut
939 1728 1044 1752 autem
1073 1723 1181 1762 pluvia
1212 1728 1327 1752 terram
1357 1721 1472 1760 plantis
1500 1727 1600 1759 ornat,
1626 1724 1675 1752 sic
1703 1722 1785 1763 ignis
1814 1732 1924 1753 omnes

142 1783 266 1823 plantas
294 1784 378 1814 delet
403 1788 433 1813 et
460 1783 720 1823 pulchritudinem
749 1784 837 1815 tollit.

143 1883 175 1912 4.
219 1881 320 1918 Quam
340 1881 478 1917 pulchra
508 1885 611 1910 aulem
640 1885 689 1910 es!
710 1881 801 1910 callis
825 1882 958 1920 Osclmyj
986 1887 1136 1920 tempore,
1163 1893 1222 1922 quo
1248 1886 1380 1922 vespera
1401 1886 1484 1912 renti
1502 1884 1616 1921 friyidi
1634 1885 1717 1921 stant
1745 1886 1775 1911 et
1800 1885 1926 1911 iurenes

794 1936 937 1964 libes-ales
961 1937 1002 1964 ihi
1031 1937 1284 1966 commortmlur!

244 2005 295 2035 Ad
320 2005 442 2035 laudem
470 2010 575 2034 terrae
601 2013 681 2033 suae
709 2009 740 2033 et
767 2004 937 2034 incolarum
968 2006 1091 2034 transit.
1131 2005 1288 2044 Tempore
1316 2006 1415 2035 sterili
1445 2007 1559 2036 liberos
1587 2016 1643 2036 eos
1671 2015 1756 2038 esse.
1784 2007 1927 2046 Tempus

146 2067 254 2098 sterile
282 2072 353 2105 est,
385 2076 445 2106 quo
473 2067 559 2096 venti
590 2066 694 2108 frigidi
721 2067 861 2105 vespera
889 2067 978 2096 flant.
1031 2068 1095 2096 Isto
1124 2072 1266 2106 tempore
1294 2067 1419 2097 Arabes
1445 2068 1598 2098 beneficia
1625 2069 1770 2099 mactatis
1798 2071 1928 2099 camelis

146 2132 175 2160 in
205 2138 362 2170 pauperes
389 2129 536 2159 conferre
558 2129 710 2159 solebant.
765 2129 838 2158 Vox
865 2125 940 2173 ἂψ,
967 2139 1037 2159 nam
1065 2130 1113 2159 sic
1140 2129 1360 2170 corrigendum
1386 2134 1447 2170 est,
1474 2131 1573 2160 statui
1601 2133 1689 2160 venti
1717 2130 1927 2162 describendo

147 2193 292 2224 inservit.
327 2191 442 2220 Eorum
471 2192 621 2221 rationem
650 2191 816 2231 habentes,
846 2201 926 2230 quae
955 2191 1040 2221 initio
1069 2191 1158 2222 huius
1187 2192 1334 2221 carminis
1363 2192 1401 2222 de
1428 2193 1568 2222 auctoris
1597 2193 1698 2232 patria
1729 2193 1813 2223 dicta
1840 2198 1927 2233 sunt,

147 2255 260 2286 vallem
279 2253 410 2292 Oschajj
427 2254 456 2283 in
471 2254 601 2294 regione
611 2253 717 2294 Nedjd
737 2254 830 2283 sitam
852 2263 928 2283 esse
956 2255 1160 2293 putavimu83
1188 2259 1328 2284 attamen
1354 2263 1431 2284 vero
1459 2255 1488 2283 in
1502 2255 1632 2284 Kamusi
1659 2264 1753 2294 opere
1779 2256 1925 2294 legimus:

146 2345 171 2381 fi
192 2318 279 2376 gat,
307 2326 424 2374 omn
451 2326 552 2367 ωε»
578 2323 678 2370 eas-211.
702 2343 730 2377 ὃ
750 2311 858 2373 3426
884 2318 955 2374 [φὴς
975 2328 1076 2369 50³„
1123 2329 1245 2359 „vanis
1263 2328 1394 2368 Oschajj
1419 2329 1509 2359 locus
1537 2329 1566 2358 in
1597 2329 1767 2358 Occidente
1783 2328 1927 2367 (Africa)

149 2397 201 2422 est
227 2397 260 2422 et
285 2391 379 2420 vallis
392 2389 575 2429 Alaschajin
602 2395 634 2420 et
650 2389 772 2429 Oscliijj
802 2391 892 2420 locus
907 2396 993 2423 est«.
1023 2391 1223 2422 Sclioliastes
1250 2402 1363 2423 vocem
1395 2398 1458 2422 tam
1486 2393 1615 2431 primam
1642 2401 1733 2431 qnam
1760 2390 1928 2420 secundam

150 2453 392 2484 declinationem
416 2452 507 2490 sequi
533 2451 621 2481 dixit.
673 2453 706 2481 In
733 2455 877 2493 margine
903 2454 1063 2484 Mersukii
1090 2455 1237 2495 legimns,
1264 2455 1379 2484 vallem
1425 2455 1518 2483 istam
1545 2454 1575 2482 in
1602 2454 1733 2494 regione
1758 2454 1928 2484 Jemamah

151 2516 261 2554 palmis
291 2515 443 2545 consitam
471 2523 557 2544 esse.
609 2513 774 2544 'rebrisius
801 2525 894 2554 quum
921 2516 1159 2557 grammaticum
1187 2515 1321 2545 Alrakki
1349 2515 1600 2556 cognominatum
1633 2515 1671 2544 de
1699 2514 1929 2555 significatione

150 2578 240 2607 vocis
268 2580 366 2614 W
392 2577 670 2616 interrogavisset,
697 2585 780 2616 eum,
799 2585 909 2607 vocem
936 2587 954 2607 a
981 2578 1131 2618 singulari
1148 2575 1255 2613 „4293
1281 2576 1477 2606 derivantem
1497 2576 1651 2606 hominem
1680 2580 1790 2606 ventre
1818 2577 1927 2618 gracili

152 2638 324 2678 praeditum
361 2638 536 2680 significari
563 2638 684 2669 dixisse
719 2641 749 2668 et
778 2648 872 2678 quum
899 2639 968 2679 ipse
993 2639 1033 2669 de
1059 2639 1215 2670 sententia
1243 2638 1473 2679 Abu-l'Alilae7
1500 2648 1614 2668 vocem
1642 2649 1708 2668 eum
1737 2640 1929 2679 significare.
