<?xml version="1.0" encoding="UTF-8"?>
<!DOCTYPE html PUBLIC "-//W3C//DTD XHTML 1.0 Transitional//EN"
    "http://www.w3.org/TR/xhtml1/DTD/xhtml1-transitional.dtd">
<html xmlns="http://www.w3.org/1999/xhtml" xml:lang="en" lang="en">
 <head>
  <title>
</title>
<meta http-equiv="Content-Type" content="text/html;charset=utf-8" />
  <meta name='ocr-system' content='tesseract 3.04.00' />
  <meta name='ocr-capabilities' content='ocr_page ocr_carea ocr_par ocr_line ocrx_word'/>
</head>
<body>
  <div class='ocr_page' id='page_1' title='image "./p2hamassaecarmin02abbiuoft_0355.png"; bbox 0 0 2155 2892; ppageno 0'>
   <div class='ocr_carea' id='block_1_1' title="bbox 870 168 1135 200">
    <p class='ocr_par' dir='ltr' id='par_1_1' title="bbox 870 168 1135 200">
     <span class='ocr_line' id='line_1_1' title="bbox 870 168 1135 200; baseline 0.004 -1"><span class='ocrx_word' id='word_1_1' title='bbox 870 187 909 193; x_wconf 93' lang='lat'><strong>—</strong></span> <span class='ocrx_word' id='word_1_2' title='bbox 966 168 1135 200; x_wconf 70' lang='lat'><strong>343—</strong></span> 
     </span>
    </p>
   </div>
   <div class='ocr_carea' id='block_1_2' title="bbox 111 268 1891 687">
    <p class='ocr_par' dir='ltr' id='par_1_2' title="bbox 111 268 1891 687">
     <span class='ocr_line' id='line_1_2' title="bbox 210 268 1889 313; baseline -0.002 -10"><span class='ocrx_word' id='word_1_3' title='bbox 210 272 408 313; x_wconf 78' lang='lat' dir='ltr'>Adspectum</span> <span class='ocrx_word' id='word_1_4' title='bbox 437 272 519 302; x_wconf 91' lang='lat' dir='ltr'>illum</span> <span class='ocrx_word' id='word_1_5' title='bbox 545 271 693 301; x_wconf 78' lang='lat' dir='ltr'>effecisse</span> <span class='ocrx_word' id='word_1_6' title='bbox 720 270 805 309; x_wconf 85' lang='lat' dir='ltr'>dicit,</span> <span class='ocrx_word' id='word_1_7' title='bbox 832 274 863 299; x_wconf 89' lang='lat' dir='ltr'>ut</span> <span class='ocrx_word' id='word_1_8' title='bbox 892 271 1052 310; x_wconf 76' lang='lat' dir='ltr'>lacrymae</span> <span class='ocrx_word' id='word_1_9' title='bbox 1079 268 1202 298; x_wconf 87' lang='lat' dir='ltr'>abunde</span> <span class='ocrx_word' id='word_1_10' title='bbox 1230 272 1400 298; x_wconf 78' lang='lat' dir='ltr'>manarent.</span> <span class='ocrx_word' id='word_1_11' title='bbox 1454 270 1605 307; x_wconf 82' lang='lat' dir='ltr'>Causam,</span> <span class='ocrx_word' id='word_1_12' title='bbox 1633 280 1688 300; x_wconf 92' lang='lat' dir='ltr'>cur</span> <span class='ocrx_word' id='word_1_13' title='bbox 1715 275 1889 311; x_wconf 88' lang='lat' dir='ltr'>manarent,</span> 
     </span>
     <span class='ocr_line' id='line_1_3' title="bbox 111 332 1890 375; baseline -0.002 -9"><span class='ocrx_word' id='word_1_14' title='bbox 111 345 171 366; x_wconf 90' lang='lat' dir='ltr'>non</span> <span class='ocrx_word' id='word_1_15' title='bbox 204 335 341 375; x_wconf 79' lang='lat' dir='ltr'>addidit3</span> <span class='ocrx_word' id='word_1_16' title='bbox 378 335 433 366; x_wconf 81' lang='lat' dir='ltr'>sed</span> <span class='ocrx_word' id='word_1_17' title='bbox 468 343 550 375; x_wconf 82' lang='lat' dir='ltr'>quae</span> <span class='ocrx_word' id='word_1_18' title='bbox 582 332 694 369; x_wconf 79' lang='lat' dir='ltr'>luerit,</span> <span class='ocrx_word' id='word_1_19' title='bbox 736 342 777 361; x_wconf 78' lang='lat' dir='ltr'>ex</span> <span class='ocrx_word' id='word_1_20' title='bbox 807 332 908 370; x_wconf 90' lang='lat' dir='ltr'>priore</span> <span class='ocrx_word' id='word_1_21' title='bbox 936 341 1033 361; x_wconf 84' lang='lat' dir='ltr'>versu</span> <span class='ocrx_word' id='word_1_22' title='bbox 1060 332 1215 362; x_wconf 82' lang='lat' dir='ltr'>coniicere</span> <span class='ocrx_word' id='word_1_23' title='bbox 1243 332 1323 361; x_wconf 88' lang='lat' dir='ltr'>licet.</span> <span class='ocrx_word' id='word_1_24' title='bbox 1388 332 1432 360; x_wconf 85' lang='lat' dir='ltr'>Sc</span> <span class='ocrx_word' id='word_1_25' title='bbox 1460 341 1526 361; x_wconf 87' lang='lat' dir='ltr'>cam</span> <span class='ocrx_word' id='word_1_26' title='bbox 1555 342 1614 361; x_wconf 92' lang='lat' dir='ltr'>non</span> <span class='ocrx_word' id='word_1_27' title='bbox 1642 338 1801 362; x_wconf 80' lang='lat' dir='ltr'>curantem</span> <span class='ocrx_word' id='word_1_28' title='bbox 1830 332 1890 362; x_wconf 89' lang='lat' dir='ltr'>ad-</span> 
     </span>
     <span class='ocr_line' id='line_1_4' title="bbox 112 394 1890 438; baseline -0.001 -10"><span class='ocrx_word' id='word_1_29' title='bbox 112 399 260 438; x_wconf 78' lang='lat' dir='ltr'>spexisse</span> <span class='ocrx_word' id='word_1_30' title='bbox 287 397 373 428; x_wconf 86' lang='lat' dir='ltr'>dixit.</span> <span class='ocrx_word' id='word_1_31' title='bbox 425 396 499 426; x_wconf 91' lang='lat' dir='ltr'>Inde</span> <span class='ocrx_word' id='word_1_32' title='bbox 527 399 650 434; x_wconf 88' lang='lat' dir='ltr'>poetam</span> <span class='ocrx_word' id='word_1_33' title='bbox 678 395 742 424; x_wconf 84' lang='lat' dir='ltr'>voti</span> <span class='ocrx_word' id='word_1_34' title='bbox 770 399 947 432; x_wconf 84' lang='lat' dir='ltr'>compotem</span> <span class='ocrx_word' id='word_1_35' title='bbox 975 394 1092 425; x_wconf 79' lang='lat' dir='ltr'>sactum</span> <span class='ocrx_word' id='word_1_36' title='bbox 1120 403 1180 423; x_wconf 92' lang='lat' dir='ltr'>non</span> <span class='ocrx_word' id='word_1_37' title='bbox 1200 404 1275 423; x_wconf 85' lang='lat' dir='ltr'>esse</span> <span class='ocrx_word' id='word_1_38' title='bbox 1303 394 1459 424; x_wconf 81' lang='lat' dir='ltr'>videmus.</span> <span class='ocrx_word' id='word_1_39' title='bbox 1526 394 1616 432; x_wconf 77' lang='lat' dir='ltr'>Quae</span> <span class='ocrx_word' id='word_1_40' title='bbox 1645 406 1695 424; x_wconf 74' lang='lat' dir='ltr'>res</span> <span class='ocrx_word' id='word_1_41' title='bbox 1724 405 1818 436; x_wconf 82' lang='lat' dir='ltr'>quum</span> <span class='ocrx_word' id='word_1_42' title='bbox 1846 397 1890 427; x_wconf 88' lang='lat' dir='ltr'>ita</span> 
     </span>
     <span class='ocr_line' id='line_1_5' title="bbox 113 455 1890 500; baseline -0.001 -10"><span class='ocrx_word' id='word_1_43' title='bbox 113 461 171 500; x_wconf 86' lang='lat' dir='ltr'>sit,</span> <span class='ocrx_word' id='word_1_44' title='bbox 208 465 302 500; x_wconf 88' lang='lat' dir='ltr'>poeta</span> <span class='ocrx_word' id='word_1_45' title='bbox 338 467 444 489; x_wconf 85' lang='lat' dir='ltr'>amore</span> <span class='ocrx_word' id='word_1_46' title='bbox 477 461 608 496; x_wconf 84' lang='lat' dir='ltr'>captus,</span> <span class='ocrx_word' id='word_1_47' title='bbox 651 465 745 496; x_wconf 88' lang='lat' dir='ltr'>quum</span> <span class='ocrx_word' id='word_1_48' title='bbox 773 455 813 484; x_wconf 93' lang='lat' dir='ltr'>nil</span> <span class='ocrx_word' id='word_1_49' title='bbox 841 462 996 496; x_wconf 77' lang='lat' dir='ltr'>speraret,</span> <span class='ocrx_word' id='word_1_50' title='bbox 1025 457 1181 495; x_wconf 76' lang='lat' dir='ltr'>lacrymas</span> <span class='ocrx_word' id='word_1_51' title='bbox 1216 457 1351 486; x_wconf 75' lang='lat' dir='ltr'>retinere</span> <span class='ocrx_word' id='word_1_52' title='bbox 1379 467 1440 486; x_wconf 91' lang='lat' dir='ltr'>non</span> <span class='ocrx_word' id='word_1_53' title='bbox 1467 459 1610 496; x_wconf 87' lang='lat' dir='ltr'>potuisse</span> <span class='ocrx_word' id='word_1_54' title='bbox 1637 458 1774 497; x_wconf 86' lang='lat' dir='ltr'>videtur,</span> <span class='ocrx_word' id='word_1_55' title='bbox 1802 464 1835 488; x_wconf 93' lang='lat' dir='ltr'>ut</span> <span class='ocrx_word' id='word_1_56' title='bbox 1861 460 1890 489; x_wconf 93' lang='lat' dir='ltr'>in</span> 
     </span>
     <span class='ocr_line' id='line_1_6' title="bbox 116 518 1891 562; baseline -0.002 -9"><span class='ocrx_word' id='word_1_57' title='bbox 116 524 246 554; x_wconf 78' lang='lat' dir='ltr'>tristitia</span> <span class='ocrx_word' id='word_1_58' title='bbox 280 523 486 562; x_wconf 73' lang='lat' dir='ltr'>lacrymarum</span> <span class='ocrx_word' id='word_1_59' title='bbox 524 529 621 549; x_wconf 87' lang='lat' dir='ltr'>causa</span> <span class='ocrx_word' id='word_1_60' title='bbox 662 524 820 549; x_wconf 79' lang='lat' dir='ltr'>cernatur.</span> <span class='ocrx_word' id='word_1_61' title='bbox 885 520 1012 547; x_wconf 78' lang='lat' dir='ltr'>Statum</span> <span class='ocrx_word' id='word_1_62' title='bbox 1051 522 1158 547; x_wconf 79' lang='lat' dir='ltr'>autem</span> <span class='ocrx_word' id='word_1_63' title='bbox 1186 518 1365 547; x_wconf 85' lang='lat' dir='ltr'>continuum</span> <span class='ocrx_word' id='word_1_64' title='bbox 1401 518 1517 557; x_wconf 80' lang='lat' dir='ltr'>fuisse,</span> <span class='ocrx_word' id='word_1_65' title='bbox 1543 519 1613 548; x_wconf 83' lang='lat' dir='ltr'>inde</span> <span class='ocrx_word' id='word_1_66' title='bbox 1640 525 1782 558; x_wconf 84' lang='lat' dir='ltr'>apparet,</span> <span class='ocrx_word' id='word_1_67' title='bbox 1810 519 1891 559; x_wconf 93' lang='lat' dir='ltr'>quod</span> 
     </span>
     <span class='ocr_line' id='line_1_7' title="bbox 112 578 1889 629; baseline -0.002 -14"><span class='ocrx_word' id='word_1_68' title='bbox 112 586 271 626; x_wconf 80' lang='lat' dir='ltr'>lacrymas</span> <span class='ocrx_word' id='word_1_69' title='bbox 304 584 478 614; x_wconf 84' lang='lat' dir='ltr'>exhaustas</span> <span class='ocrx_word' id='word_1_70' title='bbox 507 592 583 612; x_wconf 87' lang='lat' dir='ltr'>esse</span> <span class='ocrx_word' id='word_1_71' title='bbox 610 582 705 613; x_wconf 84' lang='lat' dir='ltr'>addit.</span> <span class='ocrx_word' id='word_1_72' title='bbox 751 582 824 612; x_wconf 77' lang='lat' dir='ltr'>Vox</span> <span class='ocrx_word' id='word_1_73' title='bbox 856 579 949 617; x_wconf 47' lang='grc' dir='ltr'>Καρὶ</span> <span class='ocrx_word' id='word_1_74' title='bbox 978 581 1044 611; x_wconf 90' lang='lat' dir='ltr'>loco</span> <span class='ocrx_word' id='word_1_75' title='bbox 1070 580 1207 620; x_wconf 88' lang='lat' dir='ltr'>appositi</span> <span class='ocrx_word' id='word_1_76' title='bbox 1230 581 1319 610; x_wconf 83' lang='lat' dir='ltr'>vocis</span> <span class='ocrx_word' id='word_1_77' title='bbox 1346 578 1443 629; x_wconf 54' lang='lat' dir='ltr'>&amp;od-{l</span> <span class='ocrx_word' id='word_1_78' title='bbox 1472 586 1523 611; x_wconf 84' lang='lat' dir='ltr'>est</span> <span class='ocrx_word' id='word_1_79' title='bbox 1548 582 1659 612; x_wconf 85' lang='lat' dir='ltr'>cons.</span> <span class='ocrx_word' id='word_1_80' title='bbox 1690 581 1799 612; x_wconf 87' lang='lat' dir='ltr'>Gram.</span> <span class='ocrx_word' id='word_1_81' title='bbox 1835 583 1889 612; x_wconf 80' lang='lat' dir='ltr'>Ar.</span> 
     </span>
     <span class='ocr_line' id='line_1_8' title="bbox 112 645 366 687; baseline -0.004 -11"><span class='ocrx_word' id='word_1_82' title='bbox 112 647 148 678; x_wconf 90' lang='lat' dir='ltr'>T.</span> <span class='ocrx_word' id='word_1_83' title='bbox 174 648 187 676; x_wconf 90' lang='lat'>1</span> <span class='ocrx_word' id='word_1_84' title='bbox 229 657 258 687; x_wconf 88' lang='lat' dir='ltr'>p.</span> <span class='ocrx_word' id='word_1_85' title='bbox 286 645 366 676; x_wconf 74' lang='lat'><strong>290.</strong></span> 
     </span>
    </p>
   </div>
   <div class='ocr_carea' id='block_1_3' title="bbox 947 788 1047 821">
    <p class='ocr_par' dir='ltr' id='par_1_3' title="bbox 947 788 1047 821">
     <span class='ocr_line' id='line_1_9' title="bbox 947 788 1047 821; baseline 0 -1"><span class='ocrx_word' id='word_1_86' title='bbox 947 788 1047 821; x_wconf 67' lang='lat' dir='ltr'>xl„</span> 
     </span>
    </p>
   </div>
   <div class='ocr_carea' id='block_1_4' title="bbox 114 864 1894 955">
    <p class='ocr_par' dir='ltr' id='par_1_4' title="bbox 114 864 1894 955">
     <span class='ocr_line' id='line_1_10' title="bbox 114 864 1894 911; baseline 0.001 -8"><span class='ocrx_word' id='word_1_87' title='bbox 114 867 351 910; x_wconf 67' lang='lat' dir='ltr'>CotsaJJlr</span> <span class='ocrx_word' id='word_1_88' title='bbox 381 868 425 901; x_wconf 77' lang='lat' dir='ltr'>b.</span> <span class='ocrx_word' id='word_1_89' title='bbox 455 867 925 902; x_wconf 67' lang='lat' dir='ltr'>Ahbd-Alrahman</span> <span class='ocrx_word' id='word_1_90' title='bbox 948 866 993 899; x_wconf 75' lang='lat' dir='ltr'>b.</span> <span class='ocrx_word' id='word_1_91' title='bbox 1017 865 1234 907; x_wconf 76' lang='lat' dir='ltr'>njomah</span> <span class='ocrx_word' id='word_1_92' title='bbox 1259 864 1302 899; x_wconf 82' lang='lat' dir='ltr'>b.</span> <span class='ocrx_word' id='word_1_93' title='bbox 1330 867 1557 901; x_wconf 66' lang='lat' dir='ltr'>chosam·</span> <span class='ocrx_word' id='word_1_94' title='bbox 1581 868 1894 911; x_wconf 72' lang='lat' dir='ltr'>cognomina-</span> 
     </span>
     <span class='ocr_line' id='line_1_11' title="bbox 708 918 1295 955; baseline -0.005 0"><span class='ocrx_word' id='word_1_95' title='bbox 708 924 785 955; x_wconf 77' lang='lat' dir='ltr'>tus</span> <span class='ocrx_word' id='word_1_96' title='bbox 807 921 919 955; x_wconf 73' lang='lat' dir='ltr'>Abu</span> <span class='ocrx_word' id='word_1_97' title='bbox 934 937 953 946; x_wconf 96' lang='lat'>-</span> <span class='ocrx_word' id='word_1_98' title='bbox 968 920 1130 953; x_wconf 78' lang='lat' dir='ltr'>zaeln·</span> <span class='ocrx_word' id='word_1_99' title='bbox 1160 918 1295 953; x_wconf 76' lang='lat' dir='ltr'>dixit.</span> 
     </span>
    </p>
   </div>
   <div class='ocr_carea' id='block_1_5' title="bbox 114 1003 1894 1172">
    <p class='ocr_par' dir='ltr' id='par_1_5' title="bbox 114 1003 1894 1172">
     <span class='ocr_line' id='line_1_12' title="bbox 213 1003 1892 1048; baseline 0.001 -12"><span class='ocrx_word' id='word_1_100' title='bbox 213 1006 324 1044; x_wconf 83' lang='lat' dir='ltr'>Poeta,</span> <span class='ocrx_word' id='word_1_101' title='bbox 351 1007 402 1045; x_wconf 91' lang='lat' dir='ltr'>qui</span> <span class='ocrx_word' id='word_1_102' title='bbox 419 1005 738 1045; x_wconf 82' lang='lat' dir='ltr'>Cotsajjir-Ahssah,</span> <span class='ocrx_word' id='word_1_103' title='bbox 766 1004 847 1044; x_wconf 92' lang='lat' dir='ltr'>quod</span> <span class='ocrx_word' id='word_1_104' title='bbox 874 1003 984 1033; x_wconf 81' lang='lat' dir='ltr'>Assah</span> <span class='ocrx_word' id='word_1_105' title='bbox 1011 1003 1198 1043; x_wconf 84' lang='lat' dir='ltr'>appellatam</span> <span class='ocrx_word' id='word_1_106' title='bbox 1226 1004 1371 1035; x_wconf 85' lang='lat' dir='ltr'>seminam</span> <span class='ocrx_word' id='word_1_107' title='bbox 1400 1015 1498 1044; x_wconf 90' lang='lat' dir='ltr'>saepe</span> <span class='ocrx_word' id='word_1_108' title='bbox 1525 1006 1679 1048; x_wconf 86' lang='lat' dir='ltr'>laudaret,</span> <span class='ocrx_word' id='word_1_109' title='bbox 1705 1008 1892 1047; x_wconf 87' lang='lat' dir='ltr'>appellatur,</span> 
     </span>
     <span class='ocr_line' id='line_1_13' title="bbox 114 1065 1894 1109; baseline 0.001 -11"><span class='ocrx_word' id='word_1_110' title='bbox 114 1077 194 1098; x_wconf 90' lang='lat' dir='ltr'>anuo</span> <span class='ocrx_word' id='word_1_111' title='bbox 212 1068 279 1099; x_wconf 84' lang='lat'>105</span> <span class='ocrx_word' id='word_1_112' title='bbox 299 1074 441 1098; x_wconf 85' lang='lat' dir='ltr'>mortuus</span> <span class='ocrx_word' id='word_1_113' title='bbox 461 1073 522 1097; x_wconf 84' lang='lat' dir='ltr'>est.</span> <span class='ocrx_word' id='word_1_114' title='bbox 552 1067 685 1098; x_wconf 88' lang='lat' dir='ltr'>Ultimus</span> <span class='ocrx_word' id='word_1_115' title='bbox 703 1071 782 1104; x_wconf 88' lang='lat' dir='ltr'>erat,</span> <span class='ocrx_word' id='word_1_116' title='bbox 802 1066 853 1105; x_wconf 89' lang='lat' dir='ltr'>qui</span> <span class='ocrx_word' id='word_1_117' title='bbox 878 1065 969 1095; x_wconf 85' lang='lat' dir='ltr'>simul</span> <span class='ocrx_word' id='word_1_118' title='bbox 994 1070 1090 1105; x_wconf 82' lang='lat' dir='ltr'>poeta</span> <span class='ocrx_word' id='word_1_119' title='bbox 1108 1071 1141 1096; x_wconf 90' lang='lat' dir='ltr'>et</span> <span class='ocrx_word' id='word_1_120' title='bbox 1164 1068 1294 1097; x_wconf 85' lang='lat' dir='ltr'>aliorum</span> <span class='ocrx_word' id='word_1_121' title='bbox 1323 1068 1491 1097; x_wconf 84' lang='lat' dir='ltr'>carminum</span> <span class='ocrx_word' id='word_1_122' title='bbox 1519 1068 1635 1098; x_wconf 78' lang='lat' dir='ltr'>relator</span> <span class='ocrx_word' id='word_1_123' title='bbox 1651 1069 1781 1109; x_wconf 79' lang='lat' dir='ltr'>(Rawi)</span> <span class='ocrx_word' id='word_1_124' title='bbox 1799 1074 1894 1100; x_wconf 85' lang='lat' dir='ltr'>esset.</span> 
     </span>
     <span class='ocr_line' id='line_1_14' title="bbox 115 1127 1208 1172; baseline -0.004 -11"><span class='ocrx_word' id='word_1_125' title='bbox 115 1131 231 1161; x_wconf 87' lang='lat' dir='ltr'>conf.</span> <span class='ocrx_word' id='word_1_126' title='bbox 259 1131 389 1161; x_wconf 82' lang='lat' dir='ltr'>Anthol.</span> <span class='ocrx_word' id='word_1_127' title='bbox 417 1140 517 1172; x_wconf 88' lang='lat' dir='ltr'>gram.</span> <span class='ocrx_word' id='word_1_128' title='bbox 544 1141 573 1170; x_wconf 91' lang='lat' dir='ltr'>p.</span> <span class='ocrx_word' id='word_1_129' title='bbox 604 1130 682 1164; x_wconf 78' lang='lat'>13³,</span> <span class='ocrx_word' id='word_1_130' title='bbox 707 1135 739 1160; x_wconf 83' lang='lat' dir='ltr'>et</span> <span class='ocrx_word' id='word_1_131' title='bbox 765 1127 993 1159; x_wconf 82' lang='lat' dir='ltr'>Ebu-Challik.</span> <span class='ocrx_word' id='word_1_132' title='bbox 1021 1129 1100 1158; x_wconf 87' lang='lat' dir='ltr'>Nro.</span> <span class='ocrx_word' id='word_1_133' title='bbox 1128 1128 1208 1158; x_wconf 85' lang='lat'>557.</span> 
     </span>
    </p>
   </div>
   <div class='ocr_carea' id='block_1_6' title="bbox 116 1237 1683 1280">
    <p class='ocr_par' dir='ltr' id='par_1_6' title="bbox 116 1237 1683 1280">
     <span class='ocr_line' id='line_1_15' title="bbox 116 1237 1683 1280; baseline -0.001 -10"><span class='ocrx_word' id='word_1_134' title='bbox 116 1242 142 1271; x_wconf 84' lang='lat'>1.</span> <span class='ocrx_word' id='word_1_135' title='bbox 192 1240 302 1280; x_wconf 71' lang='lat' dir='ltr'>Velim,</span> <span class='ocrx_word' id='word_1_136' title='bbox 327 1244 357 1269; x_wconf 87' lang='lat' dir='ltr'>el</span> <span class='ocrx_word' id='word_1_137' title='bbox 379 1250 446 1269; x_wconf 83' lang='lat' dir='ltr'>mea</span> <span class='ocrx_word' id='word_1_138' title='bbox 468 1240 612 1269; x_wconf 71' lang='lat' dir='ltr'>voluntas</span> <span class='ocrx_word' id='word_1_139' title='bbox 635 1240 681 1268; x_wconf 84' lang='lat' dir='ltr'>nil</span> <span class='ocrx_word' id='word_1_140' title='bbox 699 1241 834 1277; x_wconf 75' lang='lat' dir='ltr'>prodest,</span> <span class='ocrx_word' id='word_1_141' title='bbox 860 1242 907 1277; x_wconf 78' lang='lat' dir='ltr'>ul,</span> <span class='ocrx_word' id='word_1_142' title='bbox 929 1248 1010 1276; x_wconf 81' lang='lat' dir='ltr'>quae</span> <span class='ocrx_word' id='word_1_143' title='bbox 1032 1241 1065 1267; x_wconf 84' lang='lat' dir='ltr'>in</span> <span class='ocrx_word' id='word_1_144' title='bbox 1087 1240 1190 1267; x_wconf 84' lang='lat' dir='ltr'>am&#39;mo</span> <span class='ocrx_word' id='word_1_145' title='bbox 1212 1237 1446 1276; x_wconf 59' lang='lat' dir='ltr'>Allmdjebtſjae</span> <span class='ocrx_word' id='word_1_146' title='bbox 1466 1241 1538 1273; x_wconf 81' lang='lat' dir='ltr'>sint,</span> <span class='ocrx_word' id='word_1_147' title='bbox 1563 1240 1683 1268; x_wconf 78' lang='lat' dir='ltr'>sciam!</span> 
     </span>
    </p>
   </div>
   <div class='ocr_carea' id='block_1_7' title="bbox 215 1307 1896 1351">
    <p class='ocr_par' dir='ltr' id='par_1_7' title="bbox 215 1307 1896 1351">
     <span class='ocr_line' id='line_1_16' title="bbox 215 1307 1896 1351; baseline 0.002 -12"><span class='ocrx_word' id='word_1_148' title='bbox 215 1308 326 1350; x_wconf 82' lang='lat' dir='ltr'>Optat,</span> <span class='ocrx_word' id='word_1_149' title='bbox 352 1313 397 1346; x_wconf 89' lang='lat' dir='ltr'>ut,</span> <span class='ocrx_word' id='word_1_150' title='bbox 425 1308 475 1349; x_wconf 89' lang='lat' dir='ltr'>qui</span> <span class='ocrx_word' id='word_1_151' title='bbox 503 1308 626 1338; x_wconf 86' lang='lat' dir='ltr'>animus</span> <span class='ocrx_word' id='word_1_152' title='bbox 653 1308 787 1338; x_wconf 85' lang='lat' dir='ltr'>feminae</span> <span class='ocrx_word' id='word_1_153' title='bbox 814 1307 1048 1349; x_wconf 85' lang='lat' dir='ltr'>Alhadjebijjah</span> <span class='ocrx_word' id='word_1_154' title='bbox 1075 1307 1252 1347; x_wconf 82' lang='lat' dir='ltr'>appellatae</span> <span class='ocrx_word' id='word_1_155' title='bbox 1278 1317 1356 1349; x_wconf 86' lang='lat' dir='ltr'>erga</span> <span class='ocrx_word' id='word_1_156' title='bbox 1383 1308 1486 1348; x_wconf 87' lang='lat' dir='ltr'>ipsum</span> <span class='ocrx_word' id='word_1_157' title='bbox 1514 1311 1565 1348; x_wconf 88' lang='lat' dir='ltr'>sit,</span> <span class='ocrx_word' id='word_1_158' title='bbox 1594 1312 1685 1350; x_wconf 86' lang='lat' dir='ltr'>sciat,</span> <span class='ocrx_word' id='word_1_159' title='bbox 1713 1320 1896 1351; x_wconf 88' lang='lat' dir='ltr'>quamquam</span> 
     </span>
    </p>
   </div>
   <div class='ocr_carea' id='block_1_8' title="bbox 115 1367 1897 1463">
    <p class='ocr_par' dir='ltr' id='par_1_8' title="bbox 115 1367 1897 1463">
     <span class='ocr_line' id='line_1_17' title="bbox 115 1367 1897 1412; baseline 0.003 -12"><span class='ocrx_word' id='word_1_160' title='bbox 115 1372 279 1402; x_wconf 82' lang='lat' dir='ltr'>voluntate</span> <span class='ocrx_word' id='word_1_161' title='bbox 314 1380 375 1401; x_wconf 85' lang='lat' dir='ltr'>sua</span> <span class='ocrx_word' id='word_1_162' title='bbox 407 1380 445 1401; x_wconf 89' lang='lat' dir='ltr'>se</span> <span class='ocrx_word' id='word_1_163' title='bbox 472 1371 513 1401; x_wconf 88' lang='lat' dir='ltr'>nil</span> <span class='ocrx_word' id='word_1_164' title='bbox 548 1377 775 1402; x_wconf 81' lang='lat' dir='ltr'>assecuturum</span> <span class='ocrx_word' id='word_1_165' title='bbox 803 1380 889 1410; x_wconf 86' lang='lat' dir='ltr'>esse,</span> <span class='ocrx_word' id='word_1_166' title='bbox 917 1371 997 1400; x_wconf 89' lang='lat' dir='ltr'>bene</span> <span class='ocrx_word' id='word_1_167' title='bbox 1023 1370 1093 1400; x_wconf 87' lang='lat' dir='ltr'>scit.</span> <span class='ocrx_word' id='word_1_168' title='bbox 1145 1369 1255 1400; x_wconf 87' lang='lat' dir='ltr'>Verba</span> <span class='ocrx_word' id='word_1_169' title='bbox 1278 1367 1385 1412; x_wconf 42' lang='lat' dir='ltr'>:iola-,M</span> <span class='ocrx_word' id='word_1_170' title='bbox 1413 1374 1488 1412; x_wconf 43' lang='grc' dir='ltr'>ῥίς</span> <span class='ocrx_word' id='word_1_171' title='bbox 1514 1371 1553 1412; x_wconf 60' lang='lat' dir='ltr'>ta,</span> <span class='ocrx_word' id='word_1_172' title='bbox 1581 1374 1770 1404; x_wconf 88' lang='lat' dir='ltr'>sententiam</span> <span class='ocrx_word' id='word_1_173' title='bbox 1796 1375 1897 1405; x_wconf 74' lang='lat' dir='ltr'>inter-</span> 
     </span>
     <span class='ocr_line' id='line_1_18' title="bbox 115 1431 419 1463; baseline 0 -1"><span class='ocrx_word' id='word_1_174' title='bbox 115 1431 247 1462; x_wconf 82' lang='lat' dir='ltr'>mediam</span> <span class='ocrx_word' id='word_1_175' title='bbox 272 1431 419 1463; x_wconf 82' lang='lat' dir='ltr'>efficiunt.</span> 
     </span>
    </p>
   </div>
   <div class='ocr_carea' id='block_1_9' title="bbox 115 1540 1898 1830">
    <p class='ocr_par' dir='ltr' id='par_1_9' title="bbox 115 1540 1898 1634">
     <span class='ocr_line' id='line_1_19' title="bbox 115 1540 1898 1583; baseline 0.003 -13"><span class='ocrx_word' id='word_1_176' title='bbox 115 1542 148 1570; x_wconf 80' lang='lat'>2.</span> <span class='ocrx_word' id='word_1_177' title='bbox 191 1540 230 1571; x_wconf 72' lang='lat' dir='ltr'>Sa·</span> <span class='ocrx_word' id='word_1_178' title='bbox 249 1541 362 1571; x_wconf 80' lang='lat' dir='ltr'>bonum</span> <span class='ocrx_word' id='word_1_179' title='bbox 384 1549 479 1580; x_wconf 76' lang='lat' dir='ltr'>esset,</span> <span class='ocrx_word' id='word_1_180' title='bbox 505 1544 573 1571; x_wconf 74' lang='lat' dir='ltr'>eius</span> <span class='ocrx_word' id='word_1_181' title='bbox 595 1545 706 1572; x_wconf 79' lang='lat' dir='ltr'>notitia</span> <span class='ocrx_word' id='word_1_182' title='bbox 727 1543 847 1572; x_wconf 65' lang='lat' dir='ltr'>laetitia</span> <span class='ocrx_word' id='word_1_183' title='bbox 873 1552 921 1572; x_wconf 83' lang='lat' dir='ltr'>me</span> <span class='ocrx_word' id='word_1_184' title='bbox 943 1543 1098 1580; x_wconf 74' lang='lat' dir='ltr'>adficeret,</span> <span class='ocrx_word' id='word_1_185' title='bbox 1125 1545 1177 1572; x_wconf 79' lang='lat' dir='ltr'>sin</span> <span class='ocrx_word' id='word_1_186' title='bbox 1207 1543 1340 1577; x_wconf 85' lang='lat' dir='ltr'>malum,</span> <span class='ocrx_word' id='word_1_187' title='bbox 1374 1545 1586 1581; x_wconf 76' lang='lat' dir='ltr'>vituperantes</span> <span class='ocrx_word' id='word_1_188' title='bbox 1605 1546 1743 1583; x_wconf 83' lang='lat' dir='ltr'>feminae</span> <span class='ocrx_word' id='word_1_189' title='bbox 1764 1555 1811 1575; x_wconf 86' lang='lat' dir='ltr'>me</span> <span class='ocrx_word' id='word_1_190' title='bbox 1836 1554 1898 1575; x_wconf 83' lang='lat' dir='ltr'>non</span> 
     </span>
     <span class='ocr_line' id='line_1_20' title="bbox 892 1599 1114 1634; baseline 0 -9"><span class='ocrx_word' id='word_1_191' title='bbox 892 1599 1114 1634; x_wconf 67' lang='lat' dir='ltr'>vituperarent.</span> 
     </span>
    </p>

    <p class='ocr_par' dir='ltr' id='par_1_10' title="bbox 228 1661 1898 1707">
     <span class='ocr_line' id='line_1_21' title="bbox 228 1661 1898 1707; baseline 0.004 -15"><span class='ocrx_word' id='word_1_192' title='bbox 228 1661 391 1701; x_wconf 81' lang='lat' dir='ltr'>Causam,</span> <span class='ocrx_word' id='word_1_193' title='bbox 432 1672 485 1693; x_wconf 87' lang='lat' dir='ltr'>cur</span> <span class='ocrx_word' id='word_1_194' title='bbox 521 1663 580 1694; x_wconf 90' lang='lat' dir='ltr'>hoc</span> <span class='ocrx_word' id='word_1_195' title='bbox 607 1669 707 1705; x_wconf 78' lang='lat' dir='ltr'>optet,</span> <span class='ocrx_word' id='word_1_196' title='bbox 736 1665 831 1698; x_wconf 81' lang='lat' dir='ltr'>addit.</span> <span class='ocrx_word' id='word_1_197' title='bbox 884 1667 929 1696; x_wconf 91' lang='lat' dir='ltr'>Se</span> <span class='ocrx_word' id='word_1_198' title='bbox 956 1666 1049 1696; x_wconf 85' lang='lat' dir='ltr'>istius</span> <span class='ocrx_word' id='word_1_199' title='bbox 1077 1666 1121 1695; x_wconf 89' lang='lat' dir='ltr'>rei</span> <span class='ocrx_word' id='word_1_200' title='bbox 1148 1666 1329 1707; x_wconf 86' lang='lat' dir='ltr'>cognitione</span> <span class='ocrx_word' id='word_1_201' title='bbox 1355 1670 1408 1696; x_wconf 85' lang='lat' dir='ltr'>aut</span> <span class='ocrx_word' id='word_1_202' title='bbox 1434 1666 1555 1696; x_wconf 69' lang='lat' dir='ltr'>laetitia</span> <span class='ocrx_word' id='word_1_203' title='bbox 1581 1666 1742 1697; x_wconf 84' lang='lat' dir='ltr'>adfectum</span> <span class='ocrx_word' id='word_1_204' title='bbox 1769 1669 1806 1697; x_wconf 89' lang='lat' dir='ltr'>iri</span> <span class='ocrx_word' id='word_1_205' title='bbox 1832 1672 1898 1705; x_wconf 87' lang='lat' dir='ltr'>aut,</span> 
     </span>
    </p>

    <p class='ocr_par' dir='ltr' id='par_1_11' title="bbox 119 1724 1896 1769">
     <span class='ocr_line' id='line_1_22' title="bbox 119 1724 1896 1769; baseline 0.003 -17"><span class='ocrx_word' id='word_1_206' title='bbox 119 1724 147 1753; x_wconf 89' lang='lat' dir='ltr'>si</span> <span class='ocrx_word' id='word_1_207' title='bbox 174 1724 276 1763; x_wconf 86' lang='lat' dir='ltr'>ipsum</span> <span class='ocrx_word' id='word_1_208' title='bbox 302 1731 444 1764; x_wconf 85' lang='lat' dir='ltr'>spernat,</span> <span class='ocrx_word' id='word_1_209' title='bbox 464 1735 502 1756; x_wconf 87' lang='lat' dir='ltr'>se</span> <span class='ocrx_word' id='word_1_210' title='bbox 530 1727 704 1766; x_wconf 87' lang='lat' dir='ltr'>quieturum</span> <span class='ocrx_word' id='word_1_211' title='bbox 733 1738 820 1769; x_wconf 86' lang='lat' dir='ltr'>esse,</span> <span class='ocrx_word' id='word_1_212' title='bbox 833 1728 916 1768; x_wconf 92' lang='lat' dir='ltr'>quod</span> <span class='ocrx_word' id='word_1_213' title='bbox 944 1728 1127 1757; x_wconf 87' lang='lat' dir='ltr'>feminarum</span> <span class='ocrx_word' id='word_1_214' title='bbox 1153 1727 1377 1766; x_wconf 82' lang='lat' dir='ltr'>vituperationi</span> <span class='ocrx_word' id='word_1_215' title='bbox 1404 1727 1488 1757; x_wconf 88' lang='lat' dir='ltr'>haud</span> <span class='ocrx_word' id='word_1_216' title='bbox 1505 1729 1637 1767; x_wconf 86' lang='lat' dir='ltr'>amplius</span> <span class='ocrx_word' id='word_1_217' title='bbox 1654 1729 1822 1768; x_wconf 84' lang='lat' dir='ltr'>expositus</span> <span class='ocrx_word' id='word_1_218' title='bbox 1847 1729 1896 1758; x_wconf 88' lang='lat' dir='ltr'>sit.</span> 
     </span>
    </p>

    <p class='ocr_par' dir='ltr' id='par_1_12' title="bbox 117 1786 1897 1830">
     <span class='ocr_line' id='line_1_23' title="bbox 117 1786 1897 1830; baseline 0.002 -15"><span class='ocrx_word' id='word_1_219' title='bbox 117 1786 183 1816; x_wconf 87' lang='lat' dir='ltr'>Sed</span> <span class='ocrx_word' id='word_1_220' title='bbox 210 1787 251 1816; x_wconf 90' lang='lat' dir='ltr'>nil</span> <span class='ocrx_word' id='word_1_221' title='bbox 279 1787 404 1817; x_wconf 83' lang='lat' dir='ltr'>obstare</span> <span class='ocrx_word' id='word_1_222' title='bbox 433 1788 570 1828; x_wconf 88' lang='lat' dir='ltr'>videtur,</span> <span class='ocrx_word' id='word_1_223' title='bbox 591 1791 756 1829; x_wconf 87' lang='lat' dir='ltr'>quominus</span> <span class='ocrx_word' id='word_1_224' title='bbox 783 1790 969 1829; x_wconf 86' lang='lat' dir='ltr'>posterioris</span> <span class='ocrx_word' id='word_1_225' title='bbox 996 1789 1096 1829; x_wconf 86' lang='lat' dir='ltr'>partis</span> <span class='ocrx_word' id='word_1_226' title='bbox 1124 1789 1195 1819; x_wconf 86' lang='lat' dir='ltr'>talis</span> <span class='ocrx_word' id='word_1_227' title='bbox 1218 1799 1335 1819; x_wconf 86' lang='lat' dir='ltr'>sensus</span> <span class='ocrx_word' id='word_1_228' title='bbox 1365 1792 1421 1822; x_wconf 82' lang='lat' dir='ltr'>sit:</span> <span class='ocrx_word' id='word_1_229' title='bbox 1448 1790 1609 1830; x_wconf 74' lang='lat' dir='ltr'>Feminas,</span> <span class='ocrx_word' id='word_1_230' title='bbox 1636 1799 1716 1829; x_wconf 87' lang='lat' dir='ltr'>quae</span> <span class='ocrx_word' id='word_1_231' title='bbox 1744 1791 1825 1821; x_wconf 91' lang='lat' dir='ltr'>illius</span> <span class='ocrx_word' id='word_1_232' title='bbox 1846 1790 1897 1820; x_wconf 85' lang='lat' dir='ltr'>fe-</span> 
     </span>
    </p>
   </div>
   <div class='ocr_carea' id='block_1_10' title="bbox 118 1849 1896 1942">
    <p class='ocr_par' dir='ltr' id='par_1_13' title="bbox 118 1849 1896 1942">
     <span class='ocr_line' id='line_1_24' title="bbox 118 1849 1896 1893; baseline 0.003 -16"><span class='ocrx_word' id='word_1_233' title='bbox 118 1850 219 1878; x_wconf 82' lang='lat' dir='ltr'>minae</span> <span class='ocrx_word' id='word_1_234' title='bbox 239 1849 502 1889; x_wconf 85' lang='lat' dir='ltr'>pulchritudinem</span> <span class='ocrx_word' id='word_1_235' title='bbox 521 1852 675 1892; x_wconf 89' lang='lat' dir='ltr'>noverint,</span> <span class='ocrx_word' id='word_1_236' title='bbox 691 1853 792 1891; x_wconf 88' lang='lat' dir='ltr'>ipsum</span> <span class='ocrx_word' id='word_1_237' title='bbox 813 1855 1052 1892; x_wconf 75' lang='lat' dir='ltr'>vituperaturas</span> <span class='ocrx_word' id='word_1_238' title='bbox 1080 1861 1140 1880; x_wconf 88' lang='lat' dir='ltr'>non</span> <span class='ocrx_word' id='word_1_239' title='bbox 1159 1861 1246 1892; x_wconf 87' lang='lat' dir='ltr'>esse,</span> <span class='ocrx_word' id='word_1_240' title='bbox 1263 1852 1346 1892; x_wconf 89' lang='lat' dir='ltr'>quod</span> <span class='ocrx_word' id='word_1_241' title='bbox 1375 1852 1447 1881; x_wconf 86' lang='lat' dir='ltr'>talis</span> <span class='ocrx_word' id='word_1_242' title='bbox 1467 1852 1613 1893; x_wconf 79' lang='lat' dir='ltr'>feminae,</span> <span class='ocrx_word' id='word_1_243' title='bbox 1633 1853 1695 1882; x_wconf 86' lang='lat' dir='ltr'>etsi</span> <span class='ocrx_word' id='word_1_244' title='bbox 1722 1852 1896 1891; x_wconf 83' lang='lat' dir='ltr'>renuentiS,</span> 
     </span>
     <span class='ocr_line' id='line_1_25' title="bbox 120 1916 409 1942; baseline 0.003 -3"><span class='ocrx_word' id='word_1_245' title='bbox 120 1919 225 1941; x_wconf 87' lang='lat' dir='ltr'>amore</span> <span class='ocrx_word' id='word_1_246' title='bbox 253 1916 409 1942; x_wconf 78' lang='lat' dir='ltr'>teneatur.</span> 
     </span>
    </p>
   </div>
   <div class='ocr_carea' id='block_1_11' title="bbox 120 2018 1901 2113">
    <p class='ocr_par' dir='ltr' id='par_1_14' title="bbox 120 2018 1901 2113">
     <span class='ocr_line' id='line_1_26' title="bbox 120 2018 1901 2063; baseline 0.004 -15"><span class='ocrx_word' id='word_1_247' title='bbox 120 2019 152 2047; x_wconf 86' lang='grc'>3.</span> <span class='ocrx_word' id='word_1_248' title='bbox 197 2018 452 2059; x_wconf 76' lang='lat' dir='ltr'>Quotiescunque</span> <span class='ocrx_word' id='word_1_249' title='bbox 479 2024 581 2049; x_wconf 84' lang='lat' dir='ltr'>aulem</span> <span class='ocrx_word' id='word_1_250' title='bbox 611 2024 658 2051; x_wconf 85' lang='lat' dir='ltr'>tui</span> <span class='ocrx_word' id='word_1_251' title='bbox 690 2024 835 2060; x_wconf 67' lang='lat' dir='ltr'>cogitatio</span> <span class='ocrx_word' id='word_1_252' title='bbox 858 2025 995 2053; x_wconf 84' lang='lat' dir='ltr'>animum</span> <span class='ocrx_word' id='word_1_253' title='bbox 1019 2025 1113 2062; x_wconf 62' lang='lat' dir='ltr'>subit,</span> <span class='ocrx_word' id='word_1_254' title='bbox 1137 2026 1169 2053; x_wconf 82' lang='lat' dir='ltr'>iu</span> <span class='ocrx_word' id='word_1_255' title='bbox 1193 2026 1273 2054; x_wconf 70' lang='lat' dir='ltr'>«luae</span> <span class='ocrx_word' id='word_1_256' title='bbox 1294 2029 1401 2063; x_wconf 83' lang='lat' dir='ltr'>partes</span> <span class='ocrx_word' id='word_1_257' title='bbox 1424 2027 1487 2054; x_wconf 78' lang='lat' dir='ltr'><em>ubil</em></span> <span class='ocrx_word' id='word_1_258' title='bbox 1509 2029 1565 2055; x_wconf 79' lang='lat' dir='ltr'>aul</span> <span class='ocrx_word' id='word_1_259' title='bbox 1587 2036 1634 2055; x_wconf 84' lang='lat' dir='ltr'>me</span> <span class='ocrx_word' id='word_1_260' title='bbox 1657 2036 1820 2056; x_wconf 63' lang='lat' dir='ltr'>excusans</span> <span class='ocrx_word' id='word_1_261' title='bbox 1845 2031 1901 2056; x_wconf 80' lang='lat' dir='ltr'>aut</span> 
     </span>
     <span class='ocr_line' id='line_1_27' title="bbox 878 2079 1146 2113; baseline -0.004 -8"><span class='ocrx_word' id='word_1_262' title='bbox 878 2087 926 2105; x_wconf 88' lang='lat' dir='ltr'>me</span> <span class='ocrx_word' id='word_1_263' title='bbox 956 2079 1146 2113; x_wconf 73' lang='lat' dir='ltr'>vituperans.</span> 
     </span>
    </p>
   </div>
   <div class='ocr_carea' id='block_1_12' title="bbox 123 2142 1899 2312">
    <p class='ocr_par' dir='ltr' id='par_1_15' title="bbox 123 2142 1899 2312">
     <span class='ocr_line' id='line_1_28' title="bbox 228 2142 1899 2186; baseline 0.001 -13"><span class='ocrx_word' id='word_1_264' title='bbox 228 2144 330 2174; x_wconf 79' lang='lat' dir='ltr'>Animi</span> <span class='ocrx_word' id='word_1_265' title='bbox 366 2146 417 2174; x_wconf 90' lang='lat' dir='ltr'>sui</span> <span class='ocrx_word' id='word_1_266' title='bbox 449 2149 563 2175; x_wconf 82' lang='lat' dir='ltr'>statum</span> <span class='ocrx_word' id='word_1_267' title='bbox 598 2146 747 2176; x_wconf 88' lang='lat' dir='ltr'>incertum</span> <span class='ocrx_word' id='word_1_268' title='bbox 781 2146 938 2176; x_wconf 89' lang='lat' dir='ltr'>describit.</span> <span class='ocrx_word' id='word_1_269' title='bbox 990 2145 1156 2185; x_wconf 87' lang='lat' dir='ltr'>Duplicem</span> <span class='ocrx_word' id='word_1_270' title='bbox 1185 2155 1260 2175; x_wconf 88' lang='lat' dir='ltr'>esse</span> <span class='ocrx_word' id='word_1_271' title='bbox 1287 2145 1360 2176; x_wconf 89' lang='lat' dir='ltr'>dicit</span> <span class='ocrx_word' id='word_1_272' title='bbox 1386 2152 1440 2176; x_wconf 87' lang='lat' dir='ltr'>aut</span> <span class='ocrx_word' id='word_1_273' title='bbox 1467 2147 1650 2177; x_wconf 81' lang='lat' dir='ltr'>excusantis</span> <span class='ocrx_word' id='word_1_274' title='bbox 1678 2142 1744 2183; x_wconf 75' lang='lat' dir='ltr'>(p.</span> <span class='ocrx_word' id='word_1_275' title='bbox 1767 2142 1899 2186; x_wconf 68' lang='lat'><strong>567.)</strong></span> 
     </span>
     <span class='ocr_line' id='line_1_29' title="bbox 123 2207 1898 2249; baseline 0.002 -13"><span class='ocrx_word' id='word_1_276' title='bbox 123 2215 281 2244; x_wconf 88' lang='lat' dir='ltr'>amorem,</span> <span class='ocrx_word' id='word_1_277' title='bbox 317 2215 410 2245; x_wconf 91' lang='lat' dir='ltr'>quum</span> <span class='ocrx_word' id='word_1_278' title='bbox 445 2212 531 2237; x_wconf 86' lang='lat' dir='ltr'>tanta</span> <span class='ocrx_word' id='word_1_279' title='bbox 566 2207 700 2238; x_wconf 87' lang='lat' dir='ltr'>feminae</span> <span class='ocrx_word' id='word_1_280' title='bbox 738 2207 933 2247; x_wconf 87' lang='lat' dir='ltr'>pulchritudo</span> <span class='ocrx_word' id='word_1_281' title='bbox 961 2209 1023 2249; x_wconf 85' lang='lat' dir='ltr'>sit,</span> <span class='ocrx_word' id='word_1_282' title='bbox 1062 2214 1094 2238; x_wconf 92' lang='lat' dir='ltr'>ut</span> <span class='ocrx_word' id='word_1_283' title='bbox 1122 2209 1227 2238; x_wconf 88' lang='lat' dir='ltr'>resisti</span> <span class='ocrx_word' id='word_1_284' title='bbox 1254 2218 1315 2238; x_wconf 87' lang='lat' dir='ltr'>non</span> <span class='ocrx_word' id='word_1_285' title='bbox 1343 2210 1446 2248; x_wconf 81' lang='lat' dir='ltr'>possit</span> <span class='ocrx_word' id='word_1_286' title='bbox 1473 2215 1527 2239; x_wconf 86' lang='lat' dir='ltr'>aut</span> <span class='ocrx_word' id='word_1_287' title='bbox 1553 2210 1775 2249; x_wconf 82' lang='lat' dir='ltr'>vituperantis,</span> <span class='ocrx_word' id='word_1_288' title='bbox 1805 2218 1898 2249; x_wconf 89' lang='lat' dir='ltr'>quum</span> 
     </span>
     <span class='ocr_line' id='line_1_30' title="bbox 123 2270 1897 2312; baseline 0 -13"><span class='ocrx_word' id='word_1_289' title='bbox 123 2270 173 2300; x_wconf 89' lang='lat' dir='ltr'>ille</span> <span class='ocrx_word' id='word_1_290' title='bbox 198 2270 297 2300; x_wconf 86' lang='lat' dir='ltr'>stulte</span> <span class='ocrx_word' id='word_1_291' title='bbox 323 2274 410 2311; x_wconf 85' lang='lat' dir='ltr'>agat,</span> <span class='ocrx_word' id='word_1_292' title='bbox 439 2271 489 2310; x_wconf 90' lang='lat' dir='ltr'>qui</span> <span class='ocrx_word' id='word_1_293' title='bbox 516 2271 560 2300; x_wconf 85' lang='lat' dir='ltr'>rei</span> <span class='ocrx_word' id='word_1_294' title='bbox 589 2271 773 2312; x_wconf 85' lang='lat' dir='ltr'>adhaereat,</span> <span class='ocrx_word' id='word_1_295' title='bbox 799 2273 890 2302; x_wconf 87' lang='lat' dir='ltr'>cuius</span> <span class='ocrx_word' id='word_1_296' title='bbox 918 2270 1162 2311; x_wconf 87' lang='lat' dir='ltr'>consequendae</span> <span class='ocrx_word' id='word_1_297' title='bbox 1189 2271 1272 2301; x_wconf 91' lang='lat' dir='ltr'>nulla</span> <span class='ocrx_word' id='word_1_298' title='bbox 1298 2281 1375 2311; x_wconf 88' lang='lat' dir='ltr'>spes</span> <span class='ocrx_word' id='word_1_299' title='bbox 1403 2272 1452 2302; x_wconf 88' lang='lat' dir='ltr'>sit.</span> <span class='ocrx_word' id='word_1_300' title='bbox 1507 2272 1567 2300; x_wconf 80' lang='lat' dir='ltr'>Est</span> <span class='ocrx_word' id='word_1_301' title='bbox 1595 2272 1733 2301; x_wconf 78' lang='lat' dir='ltr'>Arabum</span> <span class='ocrx_word' id='word_1_302' title='bbox 1753 2271 1897 2310; x_wconf 86' lang='lat' dir='ltr'>proprius</span> 
     </span>
    </p>
   </div>
   <div class='ocr_carea' id='block_1_13' title="bbox 102 2330 1899 2422">
    <p class='ocr_par' dir='ltr' id='par_1_16' title="bbox 102 2330 1899 2422">
     <span class='ocr_line' id='line_1_31' title="bbox 124 2330 1899 2374; baseline 0 -14"><span class='ocrx_word' id='word_1_303' title='bbox 124 2330 269 2370; x_wconf 88' lang='lat' dir='ltr'>loquendi</span> <span class='ocrx_word' id='word_1_304' title='bbox 295 2330 427 2371; x_wconf 84' lang='lat' dir='ltr'>modus,</span> <span class='ocrx_word' id='word_1_305' title='bbox 466 2335 497 2361; x_wconf 93' lang='lat' dir='ltr'>ut</span> <span class='ocrx_word' id='word_1_306' title='bbox 533 2334 682 2374; x_wconf 88' lang='lat' dir='ltr'>animam,</span> <span class='ocrx_word' id='word_1_307' title='bbox 711 2343 789 2373; x_wconf 84' lang='lat' dir='ltr'>quae</span> <span class='ocrx_word' id='word_1_308' title='bbox 816 2334 937 2364; x_wconf 85' lang='lat' dir='ltr'>incerta</span> <span class='ocrx_word' id='word_1_309' title='bbox 963 2333 992 2362; x_wconf 91' lang='lat' dir='ltr'>in</span> <span class='ocrx_word' id='word_1_310' title='bbox 1019 2332 1140 2363; x_wconf 85' lang='lat' dir='ltr'>duabus</span> <span class='ocrx_word' id='word_1_311' title='bbox 1168 2333 1264 2363; x_wconf 90' lang='lat' dir='ltr'>rebus</span> <span class='ocrx_word' id='word_1_312' title='bbox 1291 2333 1446 2374; x_wconf 87' lang='lat' dir='ltr'>eligendis</span> <span class='ocrx_word' id='word_1_313' title='bbox 1474 2332 1612 2372; x_wconf 83' lang='lat' dir='ltr'>haereat,</span> <span class='ocrx_word' id='word_1_314' title='bbox 1641 2332 1796 2371; x_wconf 89' lang='lat' dir='ltr'>duplicem</span> <span class='ocrx_word' id='word_1_315' title='bbox 1825 2340 1899 2361; x_wconf 89' lang='lat' dir='ltr'>esse</span> 
     </span>
     <span class='ocr_line' id='line_1_32' title="bbox 102 2391 240 2422; baseline -0.007 0"><span class='ocrx_word' id='word_1_316' title='bbox 102 2391 240 2422; x_wconf 66' lang='lat' dir='ltr'>flicant.</span> 
     </span>
    </p>
   </div>
   <div class='ocr_carea' id='block_1_14' title="bbox 126 2502 1449 2544">
    <p class='ocr_par' dir='ltr' id='par_1_17' title="bbox 126 2502 1449 2544">
     <span class='ocr_line' id='line_1_33' title="bbox 126 2502 1449 2544; baseline 0.001 -13"><span class='ocrx_word' id='word_1_317' title='bbox 126 2503 156 2531; x_wconf 78' lang='lat'>4.</span> <span class='ocrx_word' id='word_1_318' title='bbox 200 2502 285 2531; x_wconf 73' lang='lat' dir='ltr'>Pars</span> <span class='ocrx_word' id='word_1_319' title='bbox 305 2505 373 2532; x_wconf 69' lang='lat' dir='ltr'>eius</span> <span class='ocrx_word' id='word_1_320' title='bbox 395 2505 541 2532; x_wconf 81' lang='lat' dir='ltr'>iniuriam</span> <span class='ocrx_word' id='word_1_321' title='bbox 561 2506 630 2540; x_wconf 81' lang='lat' dir='ltr'>pati</span> <span class='ocrx_word' id='word_1_322' title='bbox 651 2506 681 2533; x_wconf 70' lang='lat' dir='ltr'>ti</span> <span class='ocrx_word' id='word_1_323' title='bbox 701 2509 837 2542; x_wconf 72' lang='lat' dir='ltr'>recusat,</span> <span class='ocrx_word' id='word_1_324' title='bbox 857 2516 935 2544; x_wconf 75' lang='lat' dir='ltr'>pars</span> <span class='ocrx_word' id='word_1_325' title='bbox 959 2509 1018 2536; x_wconf 76' lang='lat' dir='ltr'>etei</span> <span class='ocrx_word' id='word_1_326' title='bbox 1038 2509 1134 2536; x_wconf 74' lang='lat' dir='ltr'>invita</span> <span class='ocrx_word' id='word_1_327' title='bbox 1155 2509 1302 2536; x_wconf 83' lang='lat' dir='ltr'>iniuriam</span> <span class='ocrx_word' id='word_1_328' title='bbox 1327 2507 1449 2541; x_wconf 81' lang='lat' dir='ltr'>accipit.</span> 
     </span>
    </p>
   </div>
   <div class='ocr_carea' id='block_1_15' title="bbox 129 2568 1898 2663">
    <p class='ocr_par' dir='ltr' id='par_1_18' title="bbox 129 2568 1898 2663">
     <span class='ocr_line' id='line_1_34' title="bbox 225 2568 1898 2615; baseline -0.002 -14"><span class='ocrx_word' id='word_1_329' title='bbox 225 2570 315 2609; x_wconf 83' lang='lat' dir='ltr'>Quae</span> <span class='ocrx_word' id='word_1_330' title='bbox 350 2572 378 2602; x_wconf 88' lang='lat' dir='ltr'>in</span> <span class='ocrx_word' id='word_1_331' title='bbox 411 2573 503 2602; x_wconf 88' lang='lat' dir='ltr'>tertio</span> <span class='ocrx_word' id='word_1_332' title='bbox 535 2581 632 2603; x_wconf 86' lang='lat' dir='ltr'>versu</span> <span class='ocrx_word' id='word_1_333' title='bbox 667 2573 809 2615; x_wconf 82' lang='lat' dir='ltr'>dixerat,</span> <span class='ocrx_word' id='word_1_334' title='bbox 843 2575 941 2615; x_wconf 84' lang='lat' dir='ltr'>magis</span> <span class='ocrx_word' id='word_1_335' title='bbox 972 2576 1119 2615; x_wconf 86' lang='lat' dir='ltr'>explicat.</span> <span class='ocrx_word' id='word_1_336' title='bbox 1180 2575 1241 2604; x_wconf 77' lang='lat' dir='ltr'>uic</span> <span class='ocrx_word' id='word_1_337' title='bbox 1268 2579 1373 2603; x_wconf 80' lang='lat' dir='ltr'>autem</span> <span class='ocrx_word' id='word_1_338' title='bbox 1402 2581 1517 2602; x_wconf 84' lang='lat' dir='ltr'>versus</span> <span class='ocrx_word' id='word_1_339' title='bbox 1545 2572 1573 2601; x_wconf 91' lang='lat' dir='ltr'>in</span> <span class='ocrx_word' id='word_1_340' title='bbox 1604 2570 1759 2601; x_wconf 78' lang='lat' dir='ltr'>Mersukii</span> <span class='ocrx_word' id='word_1_341' title='bbox 1787 2568 1898 2600; x_wconf 80' lang='lat' dir='ltr'>codice</span> 
     </span>
     <span class='ocr_line' id='line_1_35' title="bbox 129 2631 335 2663; baseline 0.019 -4"><span class='ocrx_word' id='word_1_342' title='bbox 129 2631 335 2663; x_wconf 79' lang='lat' dir='ltr'>desideratur.</span> 
     </span>
    </p>
   </div>
   <div class='ocr_carea' id='block_1_16' title="bbox 1559 2694 1603 2723">
    <p class='ocr_par' dir='ltr' id='par_1_19' title="bbox 1559 2694 1603 2723">
     <span class='ocr_line' id='line_1_36' title="bbox 1559 2694 1603 2723; baseline 0 0"><span class='ocrx_word' id='word_1_343' title='bbox 1559 2694 1603 2723; x_wconf 70' lang='lat'>44</span> 
     </span>
    </p>
   </div>
  </div>
 </body>
</html>
