2155 2892
924 110 1192 141 —162—

166 212 258 242 verbi
286 212 458 242 subiectum
485 209 593 241 verbis
622 209 779 249 prioribus
808 208 963 241 indicatur
991 210 1115 249 (conf.
1145 209 1256 242 Gram.
1285 210 1340 241 Ar.
1367 209 1404 238 T.
1422 210 1445 238 1.
1474 219 1503 248 p.
1520 210 1633 249 5450.
1684 210 1819 241 Mortem
1845 215 1950 241 autem

166 274 275 304 morbo
301 273 434 303 similem
462 282 551 314 esse,
578 273 670 303 cuius
697 272 869 303 remedium
896 283 986 304 nemo
1013 274 1141 303 noverit
1169 271 1273 303 conf.
1302 273 1440 303 Meidan.
1468 273 1504 302 T.
1532 273 1584 302 111.
1612 273 1646 303 P.
1676 273 1708 302 2.
1737 283 1765 312 p.
1798 272 1874 304 1:39.

894 367 1222 401 Lxxxvnl.

539 434 844 476 Ghowajjah
868 433 908 467 b.
933 433 1127 476 Solmijj
1152 433 1191 467 b.
1215 433 1418 467 Ramah
1441 435 1578 469 (lixit.

168 495 287 533 (Poeta
323 498 398 524 ante
435 494 542 524 Islami
575 499 701 534 tempus
738 493 866 523 vixisse
901 492 1046 533 videtur,
1084 501 1179 532 quum
1213 492 1267 522 filii
1300 494 1369 522 eius
1397 494 1496 524 verba
1523 495 1550 523 in
1577 494 1779 533 proverqum
1807 494 1952 523 venirent

804 555 911 585 conf.
940 556 1032 585 Ham.
1062 565 1095 584 v.
1123 555 1176 585 1²00
1203 556 1309 595 supr.)

266 632 389 661 Nomen
418 630 613 671 Ghowajjah
639 630 826 661 deminutivi
851 631 984 661 formam
1012 631 1102 661 vocis
1128 633 1204 671 2³:553,
1233 635 1346 670 postea
1373 639 1466 668 quam
1492 639 1606 660 nomen
1626 630 1744 661 factum
1772 630 1823 669 sit,
1851 635 1952 659 ortam

168 703 244 724 esse
271 703 380 735 posse,
406 693 600 724 scholiastes
628 692 717 723 dixit.
778 693 834 723 Sic
861 693 994 736 addidit,
1031 693 1114 734 quod
1143 704 1161 724 a
1188 694 1363 723 nominibus
1392 693 1526 722 actionis
1554 693 1739 725 deminutivi
1766 694 1865 723 forma
1893 702 1954 722 non

168 756 340 787 derivatur.
392 757 425 785 In
453 756 586 786 nominis
622 766 712 787 usum
747 757 843 797 igitur
873 761 980 799 antea¹
1004 758 1167 788 transierit
1206 766 1272 787 vox
1298 759 1374 795 Επεὶ,
1411 766 1550 787 necesse
1577 757 1644 788 fuit.
1698 758 1746 788 De
1784 758 1834 796 iis,
1873 766 1952 796 quae

167 821 196 850 in
224 819 353 850 scholiis
381 824 551 859 sequuntur
577 820 680 851 conf.
707 820 817 851 Gram.
847 821 903 849 Ar.
931 821 967 850 Τ.
996 821 1018 850 1.
1046 830 1075 860 p.
1106 819 1175 850 309
1204 829 1250 860 sq.

169 913 240 958 (p.
257 913 391 958 453.)
417 917 443 947 l.
469 916 583 946 Eheu!
606 917 759 946 Omamalz
781 913 944 958 [femina]
964 919 1188 957 profectionem
1212 921 1421 952 annunliarit.
1446 923 1483 949 ut
1503 920 1632 949 trislilia‘
1653 930 1701 949 me
1714 921 1877 958 adficere&
1897 922 1956 949 sed

953 975 982 1001 le
1004 981 1067 1001 non
1092 971 1190 1001 curo!

266 1041 328 1071 Hic
354 1049 479 1080 versuS,
506 1042 569 1082 qui,
597 1041 857 1081 quemadmodum
885 1051 926 1071 ex
952 1041 1199 1072 homoioteleuto
1229 1042 1343 1081 prioris
1371 1042 1561 1073 hemistichii
1597 1043 1708 1073 videre
1741 1044 1830 1082 licet,
1867 1045 1952 1074 initio

169 1104 315 1134 carminis
335 1108 399 1143 est,
427 1103 465 1133 ad
481 1114 547 1134 rem
562 1092 666 1143 ¹ipsam
684 1111 865 1145 praeparat.
894 1106 960 1135 Aut
977 1105 1068 1146 fingit
1096 1109 1191 1144 poeta
1219 1110 1273 1135 aut
1303 1116 1336 1135 re
1363 1115 1442 1135 vera
1469 1104 1512 1134 ita
1539 1114 1576 1134 se
1604 1115 1656 1134 res
1686 1105 1792 1146 habet7
1823 1115 1954 1135 uxorem

168 1171 223 1196 aut
251 1167 384 1196 amicam
416 1165 569 1196 Omamah
597 1166 825 1204 profectionem
853 1167 1026 1199 minitatam
1054 1177 1139 1198 esse.
1194 1169 1263 1198 Hac
1291 1178 1327 1197 se
1356 1169 1459 1207 ipsum
1487 1167 1571 1197 haud
1599 1167 1710 1208 adfligi
1730 1168 1812 1205 dicit,
1840 1168 1955 1207 quippe

168 1228 258 1258 cuius
286 1228 403 1258 animus
429 1228 554 1257 maioris
582 1228 626 1257 rei
653 1228 782 1258 tristitia
811 1228 985 1261 adficiatur.
1012 1230 1047 1259 In
1075 1230 1175 1260 altero
1205 1230 1379 1269 exemplari
1404 1230 1472 1260 loco
1498 1231 1588 1260 vocis
1607 1226 1728 1266 ὁωί>ῑρ
1747 1240 1817 1260 cum
1844 1229 1954 1260 eadem

168 1291 400 1332 significatione
422 1286 526 1333 &5⁹⁴ss
549 1290 674 1330 legitur.
703 1291 817 1321 Mirum
841 1297 905 1329 est,
932 1292 1131 1322 scholiasten
1158 1293 1296 1323 dixisse:
1325 1290 1420 1322 dext
1447 1291 1515 1339 &Aa
1545 1288 1591 1329 {iai
1620 1292 1644 1320 La
1670 1290 1723 1330 eg.)
1751 1290 1810 1321 δὲ.
1848 1293 1955 1322 Verba

167 1349 216 1389 giu
247 1352 270 1381 Lo
295 1351 348 1391 κάρ
376 1351 416 1381 §ts
443 1353 621 1383 invocando
653 1354 811 1384 inservire
846 1355 865 1384 i.
894 1366 921 1385 e.
959 1365 998 1386 ne
1035 1356 1176 1397 accidat,
1213 1356 1297 1396 quod
1335 1365 1429 1396 curo,
1459 1356 1586 1397 legendi
1612 1356 1704 1386 modo
1736 1350 1821 1393 &Silis
1848 1356 1953 1395 potius

168 1419 339 1447 convenire
366 1416 524 1446 videntur.
578 1417 610 1446 In
637 1417 767 1447 scholiis
794 1417 888 1447 alium
914 1418 1039 1459 legendi
1070 1419 1204 1459 modum,
1242 1429 1331 1459 quam
1360 1422 1413 1460 qui
1433 1420 1467 1462 ⁴in
1497 1424 1587 1449 textu
1615 1424 1763 1459 receptus
1791 1420 1856 1460 sit,
1893 1429 1954 1449 ex-

167 1480 289 1521 plicari,
317 1480 447 1518 saepius
474 1479 670 1521 invenimus3
699 1480 756 1510 sed
784 1483 815 1510 in
842 1481 904 1511 hoc
932 1481 1000 1511 loco
1027 1482 1097 1522 ipsa
1116 1483 1305 1522 explicanda
1323 1483 1422 1512 verba
1441 1482 1587 1522 adposita
1605 1487 1689 1512 sunt.
1743 1482 1818 1512 Vox
1834 1478 1955 1518 §Lali->b

168 1547 315 1582 tanquam
343 1543 497 1573 obiectum
526 1552 595 1573 cum
622 1543 721 1573 verbo
749 1541 831 1571 vols
853 1544 1013 1574 cohaeret.
1042 1544 1150 1574 Verba
1169 1550 1274 1575 autem
1291 1541 1340 1580 gbl
1358 1542 1447 1582 [aug
1463 1541 1503 1572 ὼ
1519 1544 1608 1574 vario
1625 1543 1716 1574 modo
1744 1543 1954 1583 explicantur.

166 1607 201 1636 ln
227 1607 384 1636 Mersukii
413 1606 532 1636 codicis
561 1607 703 1647 margine
731 1606 915 1645 particulam
934 1604 957 1635 N)
978 1606 1175 1646 superfluam
1197 1617 1271 1636 esse
1291 1607 1435 1647 legimus.
1462 1607 1648 1636 Mersukius
1671 1606 1766 1637 dixit:
1796 1606 1955 1637 Narrandi

169 1667 291 1698 modum
320 1669 500 1708 relinquens
527 1678 594 1698 eam
628 1669 816 1708 alloquitur3
851 1670 909 1699 sed
944 1671 974 1699 in
1008 1668 1206 1698 iureiurando
1241 1668 1405 1698 ludibrium
1443 1673 1504 1699 est.
1565 1668 1682 1698 Verbis
1717 1674 1823 1698 autem
1851 1666 1905 1698 εἰ.)
1931 1666 1955 1697 ὃ

168 1732 279 1762 eadem
308 1732 386 1762 ratio
415 1735 473 1769 est,
501 1741 581 1770 quac
610 1732 718 1761 verbis
746 1728 828 1768 alita&
856 1742 928 1769 nou,
956 1741 1013 1771 per
1039 1726 1156 1760 Deum!
1184 1736 1215 1761 et
1242 1731 1342 1761 verba
1367 1727 1416 1767 &bi
1435 1728 1457 1758 La
1484 1740 1640 1770 responso
1660 1730 1862 1761 iurisiurandi
1881 1736 1956 1760 sunt

168 1794 187 1824 i.
215 1803 242 1825 e.
270 1804 321 1823 res
350 1793 548 1824 iureiurando
577 1794 762 1823 confirmata
796 1793 906 1824 Gram.
936 1793 991 1825 Ar.
1016 1794 1052 1822 T.
1080 1794 1118 1822 11.
1146 1804 1176 1832 p.
1207 1793 1287 1823 612.
1319 1794 1381 1824 Alii
1408 1794 1615 1832 contendunt,
1642 1804 1712 1824 eum
1738 1794 1893 1824 voluisse:
1922 1798 1954 1824 te

167 1867 229 1886 non
255 1866 329 1887 curo
349 1854 398 1893 glai
418 1855 471 1894 254
491 1854 531 1897 ὅ,
559 1858 603 1886 ita
632 1861 665 1886 ut
684 1856 755 1885 voci
776 1854 799 1884 la
819 1856 930 1886 modus
958 1865 975 1886 a
1004 1857 1214 1897 grammaticis
1229 1854 1291 1885 ϊῴο
1307 1857 1485 1896 appellatus
1513 1857 1630 1896 (conf.
1657 1857 1696 1886 ib.
1713 1867 1741 1896 p.
1758 1857 1953 1894 259,261.)

168 1923 209 1951 sit
239 1927 271 1951 et
298 1922 405 1951 verbis
432 1921 630 1952 iurisiurandi
658 1929 776 1950 sensus
804 1929 865 1948 non
892 1920 976 1949 insit.
1029 1919 1228 1949 Scholiastes
1256 1925 1361 1950 autem
1389 1924 1498 1951 noster
1518 1916 1737 1950 Abu-I’Ahlae
1763 1919 1953 1949 sementiam

169 1985 271 2014 fuisse
297 1985 383 2024 dicit,
413 1985 484 2014 istis
511 1984 620 2013 verbis
651 1980 853 2012 iurisiurandi
880 1990 1010 2011 sensum
1037 1982 1201 2011 contineri.
1264 1983 1334 2012 Hoc
1375 1982 1500 2024 legendi
1534 1982 1626 2012 modo
1665 1982 1803 2012 admisso
1835 1990 1954 2012 versus

169 2047 289 2077 duabus
317 2046 457 2086 partibus
486 2050 630 2083 constat,
664 2055 791 2084 quarum
823 2046 981 2083 posterior
1007 2041 1059 2081 κάρ
1085 2041 1125 2072 >ki
1153 2049 1215 2074 etc.
1244 2054 1262 2074 a
1288 2045 1392 2084 priore
1415 2050 1566 2083 separata
1595 2050 1655 2074 est.
1708 2045 1820 2075 Altero
1848 2050 1953 2075 autem

168 2109 296 2150 legendi
325 2109 416 2138 modo
444 2104 493 2144 μή
523 2107 546 2136 la
572 2102 657 2145 2525&
683 2112 813 2146 recepto
849 2116 900 2136 res
936 2107 1028 2136 aliter
1063 2116 1100 2135 se
1135 2106 1238 2136 habet.
1300 2107 1374 2136 Vox
1407 2100 1492 2143 ᾠῒῑό
1528 2106 1703 2136 invocando
1737 2107 1887 2146 inservit,
1918 2112 1953 2137 ut

169 2180 286 2200 sensus
316 2171 376 2200 sit:
406 2171 494 2199 Deus
522 2175 553 2199 te
581 2164 762 2199 removeat!
791 2169 884 2198 etsie
912 2170 943 2198 in
957 2177 1056 2197 versu
1072 2173 1227 2207 sequente
1241 2169 1398 2198 invenitur
1414 2171 1521 2206 (metr.
1537 2169 1698 2209 'l'liau-il):
1728 2170 1954 2201 Removeat

170 2239 211 2263 te
241 2231 413 2272 (Βοιὼ-Π
444 2241 515 2262 cur
545 2240 640 2269 non,
668 2241 787 2270 quum
816 2239 894 2260 nox
922 2230 1080 2269 primae
1107 2231 1227 2260 lunae
1253 2235 1333 2269 est,
1361 2231 1542 2271 visitas,
1572 2232 1659 2262 dum
1686 2243 1705 2263 a
1731 2232 1881 2262 dtebus
1911 2239 1951 2263 tu

170 2290 443 2336 negligetis?
496 2294 588 2322 Hunc
616 2296 717 2322 autem
744 2292 873 2332 legendi
899 2290 1025 2321 m'odum
1053 2291 1243 2322 scholiastes
1270 2297 1380 2321 noster
1410 2294 1649 2332 praeferendum
1676 2300 1773 2334 putat.
1826 2296 1951 2325 Versus

170 2362 275 2386 antem
302 2357 349 2386 sie
376 2356 570 2386 constitutus
598 2356 697 2385 tribus
726 2356 866 2394 partibus
896 2360 1033 2394 constat,
1070 2364 1201 2393 quarum
1231 2356 1330 2395 prima
1356 2366 1429 2395 pars
1457 2367 1522 2387 rem
1559 2362 1683 2395 narrat,
1722 2358 1865 2388 secunda
1893 2359 1950 2388 Dei

172 2421 401 2450 invocationem
430 2424 462 2449 et
492 2419 585 2448 tertia
613 2427 687 2457 pars
715 2427 732 2447 a
759 2417 900 2447 secunda
927 2418 1074 2447 seiuncta
1101 2418 1200 2447 verba
1225 2413 1275 2453 gisi
1296 2417 1318 2446 t.
1346 2422 1424 2458 (non
1452 2421 1546 2460 curo)
1574 2420 1802 2459 complectitur.

170 2517 201 2544 2.
226 2517 439 2554 Proficiscere,
464 2519 494 2545 si
512 2517 567 2545 libi
588 2517 708 2544 videtur
730 2519 787 2543 aut
807 2514 920 2543 mane!
939 2517 970 2542 et
991 2524 1083 2552 quam
1103 2524 1167 2543 rem
1184 2518 1217 2544 tu
1230 2519 1342 2545 actura
1359 2527 1401 2552 es,
1426 2519 1494 2546 sine
1505 2518 1573 2545 odio
1585 2514 1643 2556 (de
1652 2516 1952 2557 meapmtefacies).

269 2573 313 2614 Se
343 2586 441 2615 minas
471 2587 559 2626 parvi
588 2585 697 2616 facere
724 2583 873 2624 ostendit,
897 2588 942 2624 ut,
970 2592 1050 2622 quae
1078 2583 1168 2625 velit,
1196 2594 1353 2626 peragere
1384 2587 1493 2625 possit.
1522 2586 1721 2616 Scholiastes
1738 2590 1846 2616 noster
1865 2586 1952 2626 dicit,
