2155 2892
887 152 1154 182 -195—

963 245 1091 279 cxl.

423 313 586 348 Uiator
606 310 752 346 Kale!
773 320 800 346 e
821 314 965 354 gente
987 312 1237 345 Ill-abban
1260 311 1469 346 ort-mua
1492 312 1628 346 «lixit.

135 383 162 411 1.
208 381 287 419 Quis
309 383 505 421 liquantibus
526 383 593 419 erit,
616 383 647 410 m*
668 380 784 410 clamor
806 391 941 417 maanus
967 382 1004 409 ab
1027 383 1066 410 iis
1088 381 1217 415 tollitur,
1242 385 1314 418 post
1327 385 1452 410 mortem
1471 382 1667 411 Ebu-Saluti
1684 386 1714 411 et
1735 385 1805 420 qm'n
1827 384 1915 420 equit

717 435 892 472 gracilibus
917 435 1019 472 Imtqis
1042 435 1129 467 collis
1149 435 1328 471 praalais?

236 507 268 535 ln
297 506 364 535 Ebn
389 503 488 534 Sahdi
517 508 616 534 morte
644 504 836 544 deploranda
864 505 993 543 primum
1021 505 1178 543 queritur,
1219 504 1301 544 quod
1328 505 1380 534 illo
1407 508 1528 534 mortno
1557 514 1646 534 nemo
1674 506 1734 543 sit,
1769 508 1819 544 qui
1845 506 1913 536 lites

134 567 257 598 dirimat
287 571 317 598 et
344 568 394 607 qui
421 567 511 607 equis
539 568 708 607 generosis
736 567 880 597 vehatur.
949 566 1130 605 Litignntes
1166 571 1313 605 tanquam
1350 566 1431 595 tales
1460 566 1648 605 descripsit,
1681 568 1729 605 qui
1767 577 1914 605 magnum

134 630 303 660 clamorem
330 629 489 668 tollerent,
519 635 551 659 ut
579 629 755 659 vehemens
782 629 914 667 litigatio
943 634 1200 667 cognosceretur.
1254 628 1467 666 scholiastes,
1496 634 1529 657 ut
1551 638 1662 658 vocem
1705 628 1788 665 §xz-2
1803 640 1913 659 nomen

1678 652 1698 680 ἴ

133 702 210 722 esse
237 692 396 732 probaret,
435 698 551 732 poetae
566 693 766 734 Alalidjdjadj
795 701 921 722 versum
949 692 1113 722 adnotavit
1141 697 1350 731 sequentem,
1379 700 1439 730 quo
1467 690 1579 720 bellum
1608 691 1777 729 descripsit
1805 692 1912 727 (metr.

132 753 290 794 Redjcs):
332 754 513 794 Effecit,
552 762 591 786 ut
620 757 774 786 clamor
802 765 883 786 cuni
910 755 1097 794 strepitu
1135 764 1273 795 niagno
1305 753 1492 784 homines
1533 759 1705 794 tegeret
1745 758 1781 784 et
1820 754 1913 782 eius

132 815 277 854 (belli)
303 818 449 848 mulum
479 819 631 848 timens
659 819 859 849 clamavit
887 824 925 849 et
954 819 1234 848 vehementer
1261 818 1458 849 barrivit.
1501 817 1647 848 Graciles
1664 817 1734 855 eqni
1750 816 1916 846 laudantur

132 879 239 909 coiis.
266 880 369 910 Ham.
397 890 426 920 p.
452 884 484 910 ῚΛ
511 891 543 910 v.
571 881 603 910 2.
656 881 802 922 Longum
833 882 946 913 colluin
977 883 1068 923 equis
1096 881 1178 912 laudi
1207 886 1267 912 est.

129 993 162 1022 2.
208 991 291 1028 Quot
311 993 344 1020 in
367 992 574 1027 consessibus,
601 995 633 1022 in
656 993 768 1031 quibus
790 995 884 1022 ricem
909 994 1082 1022 absentium
1105 995 1229 1021 omnino
1250 994 1386 1030 yessisti,
1412 992 1484 1020 dum
1505 993 1666 1028 principes
1699 989 1765 1028 (Ι).
1789 987 1915 1027 -Ιῖ-Ι.)

766 1047 924 1076 hommum
943 1049 1128 1083 praesentes
1150 1050 1241 1075 erant

232 1116 301 1145 Hoc
328 1115 358 1145 in
388 1124 504 1156 versu,
542 1116 595 1155 qui
623 1124 691 1146 cnm
719 1115 862 1155 proxime
889 1119 1046 1156 sequente
1074 1125 1172 1147 sensu
1199 1115 1364 1153 cohaeret,
1393 1115 1506 1145 mortni
1537 1115 1756 1145 anctoritatem
1786 1119 1817 1143 et
1844 1115 1914 1143 elo-

132 1179 292 1219 quentiam
319 1178 349 1208 in
375 1178 531 1208 hominum
557 1178 766 1208 consessibus
794 1178 910 1208 laudat.
975 1179 1005 1207 ls
1033 1178 1210 1208 absentium
1239 1181 1307 1209 iura
1333 1177 1534 1215 defendebat,
1573 1177 1645 1206 ‹lum
1674 1177 1829 1216 principes
1857 1175 1916 1205 ad-

132 1248 233 1273 eraut.
285 1242 392 1273 Casus
419 1242 582 1284 genitivus
611 1244 704 1272 vocis
731 1243 834 1282 „xpm-
860 1252 877 1271 e
905 1242 1061 1281 particula
1085 1257 1121 1281 9,
1161 1251 1241 1281 quae
1269 1242 1336 1271 loco
1364 1241 1456 1271 vocis
1481 1252 1527 1286 ῳ)
1555 1245 1624 1278 est,
1665 1238 1789 1278 pendet.
1843 1239 1915 1268 Vox

129 1304 222 1342 ’ἐμοῦ
253 1305 399 1336 mantiae«
429 1305 542 1336 eodem
569 1305 673 1343 modo,
699 1314 761 1346 quo
787 1302 885 1344 'ei-3596,
914 1306 966 1335 cui
991 1305 1103 1335 eadem
1129 1304 1321 1345 significatio
1347 1309 1409 1343 est,
1438 1303 1607 1344 principem
1634 1300 1802 1342 significat.

130 1389 161 1420 3.
184 1390 262 1420 Rem
285 1397 429 1420 sermone
449 1388 538 1417 ham}
557 1388 690 1418 obscuro
711 1390 744 1417 in
765 1388 891 1417 tuendis
912 1389 1033 1418 iuribus
1055 1391 1085 1417 et
1107 1390 1199 1419 corde
1220 1389 1373 1427 intrepido
1392 1398 1458 1418 rem
1481 1389 1567 1417 clare
1589 1385 1786 1425 exposuisti!

230 1460 329 1490 Hisce
355 1459 464 1489 verbis
490 1468 607 1489 versus
635 1458 747 1498 prioris
774 1467 890 1489 sensus
917 1459 1094 1498 completus
1123 1458 1167 1488 fit.
1228 1460 1351 1490 Vocem
1385 1455 1474 1504 obn—5
1514 1458 1659 1499 (lingua)
1686 1465 1741 1497 pro
1769 1463 1916 1485 sermone

131 1521 239 1562 posuit
266 1526 299 1552 et
326 1521 356 1551 in
382 1521 500 1551 Corani
526 1521 596 1551 loco
623 1520 696 1551 Sur.
728 1521 782 1561 14,
811 1521 842 1551 4.
871 1521 941 1561 ipsa
968 1521 1087 1561 legatio
1116 1520 1240 1551 nomine
1265 1518 1351 1566 Ula-J
1379 1521 1557 1562 insignitur.

130 1613 163 1641 4.
208 1610 311 1647 Quum
333 1612 394 1640 viri
413 1610 556 1639 debilitas
579 1609 723 1639 lanceam
745 1609 834 1638 vilem
857 1612 968 1649 reddit,
990 1610 1214 1640 Ebu-Samius
1238 1610 1362 1640 hastam
1384 1611 1458 1639 duri
1480 1609 1559 1646 liqui
1579 1612 1685 1639 moret.

232 1681 266 1710 In
294 1679 392 1710 rebus
420 1678 611 1717 difficilibus,
638 1679 668 1709 in
693 1679 805 1719 quibus
833 1680 883 1711 aiii
910 1681 1046 1710 animum
1066 1681 1225 1719 abiiciunt,
1253 1680 1362 1710 durum
1378 1689 1415 1709 se
1429 1678 1605 1718 sortemque
1623 1678 1743 1718 probat.
1771 1677 1917 1706 Lanceae

102 1738 109 1742 “
131 1744 321 1774 mentionem
347 1743 431 1784 fecit,
458 1748 494 1773 ut
519 1744 623 1774 virum
649 1753 687 1773 se
713 1743 780 1774 aliis
806 1752 868 1773 nou
894 1743 1094 1780 submittere,
1122 1741 1332 1782 significaret.
1395 1742 1514 1772 Poetae
1545 1741 1676 1780 saepius
1704 1740 1798 1769 talem
1825 1739 1917 1768 animi

131 1807 266 1837 indolem
294 1805 454 1846 probaturi
479 1805 619 1836 lanceam
647 1810 900 1837 commemorant.
952 1806 1009 1836 Sic
1035 1804 1165 1836 Sohaim
1193 1805 1221 1834 b.
1252 1803 1532 1844 W'atsilRijahita
1551 1804 1628 1833 dixit
1649 1806 1755 1841 (metr.
1773 1801 1915 1839 u'afir):

132 1869 326 1899 Lanceae
353 1872 528 1897 nostrae
555 1871 703 1898 cortex
730 1866 832 1897 dura
856 1866 1001 1904 laedit,
1031 1867 1185 1897 collum
1213 1867 1323 1897 socii
1351 1876 1394 1897 ea
1421 1867 1686 1897 vehementer
1716 1864 1913 1895 extendit.

132 1930 250 1960 Melius
279 1930 403 1961 Ahmru
431 1931 461 1961 b.
489 1929 636 1961 Celthum
664 1929 695 1959 in
720 1930 882 1960 Moauaka
906 1938 938 1958 v.
968 1930 1013 1959 57
1041 1939 1088 1969 sq.
1115 1938 1181 1959 rem
1210 1929 1390 1969 descripsit.

953 2015 1103 2049 exn.

646 2082 977 2125 Alnaheghah
1000 2080 1244 2122 njatnuta
1267 2080 1403 2114 dlxit.

231 2157 280 2188 De
308 2161 403 2197 poeta
426 2156 531 2188 conf.
557 2156 647 2186 Ham.
679 2166 710 2196 p.
737 2154 813 2185 fl‘vx.
865 2154 909 2184 Ibi
938 2154 1038 2184 altera
1075 2163 1148 2193 pars
1182 2153 1325 2184 eiusdem
1362 2153 1510 2183 carminis
1544 2163 1619 2183 esse
1660 2153 1808 2192 videtur,
1847 2162 1916 2182 nam

132 2229 213 2251 unus
242 2228 360 2250 versus
387 2218 469 2249 idem
496 2222 556 2249 est.

132 2291 161 2320 1.
204 2291 370 2326 Nescisme,
396 2299 444 2319 me
463 2289 630 2320 Maliaribo
647 2293 806 2328 privatum
829 2299 899 2319 esse
920 2293 951 2319 et
973 2289 1063 2318 liode'e
1088 2298 1188 2326 neque
1211 2292 1244 2318 tet
1269 2298 1368 2327 neque
1388 2298 1444 2326 eqo
1467 2299 1500 2317 eo
1520 2291 1668 2328 fruimur.

231 2359 409 2401 Coniugem
436 2358 598 2399 alloquens
630 2369 668 2390 se
701 2360 806 2400 ipsum
834 2364 866 2388 et
893 2358 1058 2400 coniugem
1088 2358 1149 2388 [ilio
1186 2368 1245 2388 sno
1283 2365 1384 2388 morte
1413 2359 1556 2396 privatos
1585 2366 1656 2387 esse
1684 2356 1832 2395 queritur.
1887 2356 1918 2385 ln

132 2431 214 2453 voce
238 2420 278 2460 kg}
306 2423 412 2454 littera
437 2422 504 2453 Alis
526 2421 760 2453 homoioteleuti
787 2432 887 2452 causa
914 2421 1022 2451 addita
1049 2426 1108 2451 est.

133 2509 166 2538 2.
208 2508 256 2538 Et
276 2510 350 2537 ante
372 2517 442 2537 eum
472 2506 517 2536 W
515 2505 684 2535 ahrcalzum
706 2508 807 2541 amisi,
832 2507 887 2544 qui
904 2507 1008 2544 frater
1029 2513 1118 2533 meus
1141 2506 1284 2533 uterinus
1308 2506 1377 2532 erat
1398 2505 1583 2539 (iuncusque
1604 2504 1760 2530 sincerus.

231 2576 302 2617 Filii
327 2585 410 2607 mors
439 2576 557 2606 maiore
586 2574 714 2605 tristitia
742 2578 864 2613 poetam
893 2574 1016 2613 adficit,
1043 2572 1124 2612 quod
1155 2578 1249 2603 antea
1276 2572 1405 2602 fratrem
1433 2570 1605 2610 amiserat,
1643 2576 1677 2600 ut
1704 2569 1788 2600 nulla
1815 2569 1920 2599 solatii

135 2647 233 2669 causa
259 2643 446 2670 remaneret.
498 2639 611 2670 Frater
639 2647 679 2669 ex
706 2638 816 2668 eadem
843 2642 942 2669 matre
970 2642 1062 2668 natus
1089 2638 1213 2667 sincera
1239 2635 1373 2665 amicitia
1399 2635 1430 2664 ei
1457 2634 1583 2664 deditus
1620 2633 1733 2664 suerat.
1794 2632 1920 2662 Nomen
