2155 2892
904 157 947 164 —
1002 139 1077 170 474
1128 155 1171 163 -·-

146 250 258 271 vocem
289 249 414 270 raucam
442 248 459 269 e
485 243 598 269 ventre
626 238 731 277 modo,
752 237 819 279 'quo
846 248 964 279 caprae
991 238 1176 269 ruminando
1190 239 1517 279 herbasprotrudant
1533 243 1566 270 et
1591 239 1681 270 corvi
1697 249 1809 272 vocem
1825 240 1934 281 edant,

146 304 298 342 proferre.
353 302 481 332 Corvos
509 311 589 331 aves
619 301 765 332 Chaffani
793 301 976 342 appellavit.
1005 300 1141 332 Chaffan
1168 310 1279 330 nomen
1305 301 1364 331 loci
1391 311 1491 340 prope
1519 300 1633 331 Curam
1663 301 1804 332 leonibus
1831 303 1935 333 abun-

145 364 246 394 dantis
273 368 332 393 est.
386 364 457 394 1100
484 362 609 393 in'loeo
638 364 678 394 ob
704 364 802 395 multa
829 363 988 395 cadavera
1015 374 1033 394 a
1060 364 1204 393 leonibus
1232 364 1345 397 relicta.
1369 361 1459 394 eorvi
1486 361 1675 403 frequentes·
1686 362 1807 394 ‘fuisse-³
1820 365 1935 395 viden-

144 421 214 463 tur,
247 431 281 456 ut
318 431 413 466 poeta
448 429 570 457 nomine
597 427 670 456 avis
697 426 844 457 Chaffani
870 436 1000 456 corvum
1029 426 1199 466 designare
1228 429 1349 466 posset.
1403 427 1488 457 Num
1519 435 1661 466 corvum,
1689 424 1935 465 qued-infelicis

144 497 272 529 quoque
297 487 410 519 ominis
437 491 491 530 sit,
510 489 686 528 appellarit,
706 498 762 528 pro
790 494 879 519 certo
899 489 982 519 haud
1001 488 1134 518 affirmo.
1164 489 1367 519 Scholiastes
1380 488 1555 529 adnotavit,
1572 489 1600 518 si
1626 489 1731 519 littera
1746 489 1815 518 Alif
1837 489 1936 527 (quae

144 552 173 580 in
200 551 337 581 litteram
362 551 404 581 Ja
430 556 549 581 mutata
577 553 646 590 est)
677 552 784 582 addita
819 553 861 581 sit
893 561 955 581 non
988 556 1136 591 tanquam
1162 551 1301 582 feminini
1327 552 1464 592 signum,
1493 561 1607 583 vocem
1636 561 1705 582 cum
1724 552 1932 582 Nunnatione

143 613 404 652 pronuntiandam
433 623 519 643 esse.
572 613 766 644 Femininum
802 624 907 655 genus
942 618 1045 644 autem
1081 615 1110 643 ei
1137 614 1249 644 eodem
1278 614 1382 653 modo,
1410 613 1471 653 quo
1498 617 1571 645 voci
1597 617 1694 658 hqd-52,
1723 614 1828 644 datum
1856 623 1934 643 esse

143 677 296 714 (feminini
324 679 418 718 signo
446 677 530 707 haud
557 677 663 707 addito
685 672 741 706 aut
767 677 839 705 dum
867 673 944 724 siju
970 680 1003 705 ut
1030 678 1113 717 ⁵225·st
1141 675 1284 715 dieitur).
1313 676 1473 714 Quosdam
1501 687 1578 708 esse
1605 679 1723 715 dieunt,
1746 678 1798 718 qui
1823 687 1936 708 vocem

142 739 213 768 sine
238 739 456 779 Nunnatione,
485 744 517 769 ut
544 739 649 769 littera
676 738 742 768 Alis
767 738 908 769 feminini
934 739 1061 778 signum
1089 740 1142 776 sit,
1168 738 1347 769 adhibeant.
1411 739 1646 770 Grammaticus
1673 740 1849 771 Sibawaihi
1877 749 1935 770 se·-

142 807 286 840 quentem
313 811 453 842 versum,
478 802 508 831 in
536 811 597 840 quo
624 803 695 831 voci
721 801 928 831 masculinum
958 810 1062 841 genus
1093 805 1154 837 est,
1184 801 1352 831 adnotavit
1380 803 1491 839 (metr,
1519 802 1682 844 Hesedj]:
1710 804 1758 833 Et
1785 813 1938 843 caprae

143 863 458 904 decerpentes,
487 873 590 903 quae
618 865 833 894 interrae
859 864 1061 894 vertices
1086 863 1380 902 adscendunt,
1408 864 1588 905 nigrae.-

141 962 173 990 3.
217 962 314 998 Dijafi
332 961 460 995 incolae,
485 964 648 999 praeputio
670 962 818 999 praediti,
841 963 935 1000 quasi
958 971 1065 991 eorum
1087 963 1193 989 orator
1215 960 1277 988 alto
1300 961 1363 995 die,
1394 961 1468 989 dum
1489 962 1628 1002 merdam
1648 963 1804 998 excernit,
1823 965 1936 1000 qus-tet.

254 1031 321 1059 Aut
358 1031 472 1061 initium
506 1041 625 1061 versus
653 1041 725 1063 cum
751 1040 835 1061 voce
863 1028 955 1075 5255
984 1031 1145 1075 cohaeret,
1173 1034 1207 1060 ut
1235 1039 1292 1059 eos
1319 1039 1389 1060 cum
1417 1030 1513 1072 Dijafi
1539 1030 1652 1061 incolis
1678 1036 1852 1072 comparet,
1874 1037 1935 1071 ‚aut

142 1093 318 1122 subiectum
347 1097 386 1136 β
414 1093 565 1123 omissum
591 1096 652 1134 est,
666 1099 702 1123 ut
728 1094 789 1133 ipsi
807 1093 903 1135 Dijafi
931 1094 1052 1124 incolae
1080 1094 1153 1123 sint.
1181 1092 1257 1123 Vox
1282 1088 1384 1134 high),
1407 1102 1487 1132 quae
1512 1093 1641 1133 pluralis
1667 1093 1933 1134 significationem

142 1155 259 1184 habere
287 1155 394 1196 debet,
422 1165 441 1185 a
467 1164 552 1185 voce
577 1152 666 1194 Qip,
693 1155 818 1185 nomine
845 1156 953 1195 oppidi
987 1156 1017 1185 in
1050 1156 1146 1198 Syria
1190 1161 1245 1186 aut
1282 1156 1518 1195 Mesopotamia
1544 1165 1562 1185 a
1588 1155 1790 1185 Nabathaeis
1817 1155 1934 1195 Syriae

141 1217 284 1256 habitati,
313 1227 331 1247 a
358 1227 419 1256 quo
447 1223 480 1247 et
507 1218 617 1248 cameli
645 1222 677 1247 et
704 1218 801 1259 gladii
827 1219 1040 1259 cognominati
1067 1222 1142 1248 suut
1171 1219 1287 1257 (Ram)
1315 1218 1460 1247 derivata
1486 1221 1544 1248 est.
1573 1217 1616 1248 Ut
1643 1227 1700 1247 eos
1724 1218 1850 1248 Arabes
1873 1227 1934 1248 non

142 1290 217 1323 esse
246 1280 420 1322 significet,
449 1290 506 1310 eos
534 1282 700 1320 praeputio
728 1280 890 1320 praeditos
918 1280 1104 1312 describit.v
1134 1280 1328 1322 Significare
1353 1290 1475 1320 quoque
1501 1285 1620 1320 potest,
1650 1289 1704 1310 eos
1732 1280 1934 1319 Christianos

142 1344 258 1375 fuisse.
297 1344 364 1373 Eos
392 1347 497 1374 autem
524 1344 607 1383 turpi
633 1342 726 1372 modo
753 1343 919 1382 loquentes
948 1343 1202 1385 significaturus,
1230 1344 1330 1383 ipsum
1359 1353 1468 1373 eorum
1497 1349 1653 1374 oratorem
1682 1345 1701 1372 i.
1718 1353 1747 1373 e.
1772 1352 1857 1383 eum,
1883 1343 1936 1382 qui

141 1405 286 1436 facundia
313 1405 472 1448 excellet3
499 1406 553 1436 tali
579 1405 669 1436 modo
697 1394 873 1435 sermonem
895 1405 1038 1448 proferre
1066 1405 1153 1445 dicit,
1173 1407 1266 1447 quasi
1293 1407 1322 1437 in
1349 1406 1485 1437 cacando
1514 1411 1636 1447 gustet.
1665 1406 1806 1438 Verbum
1827 1402 1937 1436 §0212AE

141 1467 294 1509 gustandi
330 1467 596 1508 significationem
623 1468 738 1509 habet3
778 1468 837 1498 sed
863 1468 917 1498 tali
945 1468 1054 1506 modo,
1096 1473 1131 1498 ut
1163 1469 1269 1509 lingua
1302 1469 1458 1508 superiori
1496 1469 1601 1507 palato
1637 1467 1719 1497 illisa
1754 1468 1793 1497 ob
1820 1467 1934 1496 bonum

142 1534 269 1570 gustum
292 1539 388 1560 sonus
416 1531 570 1561 audiatur.
624 1530 724 1560 Poeta
752 1536 871 1569 autem,
899 1536 934 1561 ut
960 1531 1068 1571 gentis
1096 1530 1256 1571 pigritiam
1284 1530 1444 1571 designet,
1459 1530 1542 1566 dicit,
1563 1539 1620 1559 eos
1649 1530 1774 1568 semper
1794 1530 1825 1559 in
1849 1531 1935 1560 lecto

143 1596 328 1621 cunctantes
356 1591 481 1622 demum
508 1601 656 1634 surgere,
684 1602 776 1631 quum
805 1597 867 1622 tam
895 1593 1025 1624 cacandi
1053 1594 1246 1625 necessitate
1273 1601 1363 1632 quarn
1391 1592 1474 1622 fame
1503 1596 1704 1633 cogerentur.

939 1717 1119 1759 xxxa

605 1787 884 1825 'suman-ts
906 1792 945 1825 n.
970 1780 1292 1826 Ansina-,anan
1317 1791 1453 1825 anxit.

231 1862 291 1892 Hic
311 1870 327 1891 e
350 1867 446 1902 gente
465 1861 763 1896 Cinanah-Balkain
781 1864 879 1894 virum
893 1869 1019 1906 egente
1039 1865 1181 1905 Balkain,
1193 1864 1243 1895 cui
1269 1864 1498 1896 nomenlhkal
1525 1864 1553 1894 b.
1572 1864 1744 1904 Haschem,
1762 1865 1933 1904 vituperat.

144 1925 203 1953 Hie
230 1918 319 1968 lhkal
349 1924 378 1952 in
408 1929 536 1964 gentem
565 1924 709 1955 Ciuanah
737 1931 921 1965 sequentem
948 1936 1079 1956 versum
1108 1927 1188 1957 dixit
1203 1928 1310 1965 (metr.
1328 1926 1478 1974 Basith):
1510 1925 1623 1957 Gens
1652 1926 1838 1957 Cinanah
1865 1937 1934 1958 ne-

144 1996 217 2025 que
245 1979 289 2015 ἰιιΙ
311 1987 415 2016 bono
444 1987 587 2023 bonum
615 1997 747 2026 neque
775 1988 813 2017 in
844 1989 949 2018 malo
978 1989 1121 2018 malum
1149 1993 1225 2018 est.
1254 1990 1306 2028 (ln
1333 1989 1490 2018 Mersukii
1516 1988 1628 2019 codice
1655 1988 1705 2020 hie
1722 1999 1840 2019 versus
1860 1995 1933 2019 tan-

143 2058 234 2088 quam
261 2058 378 2078 versus
406 2049 562 2079 Hamasae
590 2050 619 2078 in
646 2055 769 2080 textum
797 2055 947 2090 receptus
968 2052 1046 2091 est).

142 2147 171 2175 l.
214 2146 301 2175 Num
322 2154 403 2182 qens
422 2155 523 2182 parva
545 2149 662 2183 sperat,
687 2156 763 2175 suos
783 2156 899 2184 parvos
919 2148 1030 2176 bomem
1054 2148 1219 2179 adlaturos
1239 2158 1318 2181 esse,
1341 2152 1546 2187 posteaquam
1582 2151 1637 2179 tibi
1653 2152 1762 2188 numni
1781 2152 1849 2179 eius
1872 2152 1932 2179 im-

880 2206 1023 2240 potentes
1039 2204 1195 2239 suerant?
1832 2200 1834 2202 ¹

259 2268 359 2298 Poeta
398 2273 523 2308 gentem
557 2268 724 2308 alloquitur
758 2269 887 2310 dicens,
914 2281 1007 2310 quum
1041 2276 1190 2311 potentes
1217 2272 1311 2302 fidem
1339 2272 1541 2315 fefellissent,
1569 2275 1699 2305 stultum
1726 2283 1802 2304 esse
1829 2273 1858 2303 in
1892 2273 1930 2303 iis

140 2339 230 2370 spem
259 2339 388 2371 ponere,
416 2331 468 2369 qui
497 2331 673 2372 peragendi
699 2335 895 2371 potestatem
923 2343 985 2363 non
1010 2334 1174 2365 haberent.
1203 2336 1276 2365 Vox
1295 2347 1380 2381 ast>
1408 2337 1481 2367 mihi
1509 2337 1609 2368 forma
1630 2332 1823 2367 deminutiva
1838 2338 1931 2366 vocis

139 2403 207 2439 6>
239 2394 356 2433 (gens)
385 2402 462 2422 esse
488 2394 633 2433 videtur,
668 2404 761 2434 quam
802 2399 898 2434 poeta
929 2395 1108 2436 despectus
1135 2408 1236 2428 causa
1261 2399 1411 2430 adhibuit.
1474 2401 1598 2431 Suffixa
1625 2401 1754 2442 generis
1782 2400 1931 2441 feminini,

139 2459 268 2496 gentem
293 2454 480 2496 significari,
506 2456 688 2491 ostendunt,
733 2456 850 2488 Gentis
877 2466 992 2488 nomen
1019 2459 1177 2499 proprium
1206 2469 1278 2491 esse
1305 2471 1366 2491 non
1394 2466 1482 2501 puto.
1523 2460 1633 2493 'Alter
1663 2461 1790 2503 legendi
1818 2462 1931 2492 modus

141 2517 219 2565 kk>
241 2535 303 2569 est,
331 2534 366 2559 ut
391 2530 479 2560 verbi
507 2531 660 2561 obiectum
688 2534 739 2563 sit.
766 2533 836 2563 Hoc
865 2538 996 2572 recepto
1024 2537 1117 2573 poeta
1131 2534 1233 2564 virum
1255 2535 1433 2576 alloquitur.
1464 2536 1681 2566 Abu-Hilalus
1697 2535 1831 2576 denique
1854 2521 1931 2573 Cyn>

142 2591 256 2632 legens
284 2593 392 2632 gentis
420 2601 534 2623 nomen
561 2603 638 2624 esse
665 2594 754 2628 dixit.
