2155 2892
906 107 1153 137 ..48-

138 215 204 242 toto
233 210 370 241 carmine
407 208 572 246 exscripto
608 207 761 247 quasdam
795 205 1015 237 adnotationes
1054 206 1234 237 adiecerint.
1297 206 1458 236 Nonnulla
1495 210 1598 235 autem
1637 206 1748 236 horum
1784 206 1841 236 iam
1880 205 1920 235 ad

139 283 257 303 versus
286 273 323 302 ab
350 271 419 310 ipso
447 269 608 309 adscripta
634 275 720 309 suut,
748 274 783 300 ut
810 280 851 300 ex
878 269 1076 311 negligentia
1102 273 1193 300 ortae
1219 269 1427 308 repetitiones
1465 266 1629 298 habendae
1662 268 1732 298 sint.
1784 269 1855 298 Nos
1882 267 1922 297 ad

141 335 286 376 singulos
316 341 434 363 versus
463 341 516 361 res
544 334 714 373 graviores
742 332 982 372 adscripsimus.

967 426 1109 460 xlll-

562 491 701 527 Dixit
723 492 915 527 sowaicl
937 491 1242 527 Aluum-atsid
1265 489 1538 525 llaretsita.

241 566 317 596 Vox
342 563 439 609 0⁸3le
469 565 598 604 pluralis
627 565 814 606 irregularis
840 565 973 594 nominis
1001 565 1135 595 actionis
1153 565 1233 608 «λ’-ᾖ·
1252 569 1312 593 est.
1342 563 1467 593 Arabes
1495 567 1600 593 autem
1629 571 1722 601 quum
1750 562 1926 592 nominibus

142 628 276 659 actionis
304 637 405 666 neque
432 627 561 656 formam
589 626 774 657 deminutivi
801 637 903 666 neque
931 628 1061 666 pluralis
1087 627 1273 667 irregularis
1312 625 1408 666 dent,
1447 634 1560 655 vocem
1587 625 1722 666 nonnisi,
1760 631 1928 666 postquam

144 700 257 720 nomeu
285 689 400 720 factum
428 694 530 728 esset,
560 689 688 719 formam
717 689 846 728 pluralis
874 689 1061 729 irregularis
1089 689 1271 729 accepisse,
1297 687 1500 718 statuendum
1528 693 1588 718 est.
1639 687 1832 718 Almaratsid
1859 688 1928 716 sine

145 753 239 784 dubio
267 761 443 794 cognomen
471 756 551 791 erat,
579 760 640 790 quo
670 755 764 789 poeta
792 751 830 780 ab
857 752 966 782 occiso
995 751 1148 781 Sowaido
1175 752 1437 793 distinguebatur.
1467 752 1529 781 Alii
1555 748 1653 797 &3553
1680 751 1804 781 habent.

148 862 178 892 1.
201 862 264 891 Per
285 863 379 889 vitam
400 860 521 889 meam!
540 862 678 889 nuncius
698 862 796 888 occisi
816 859 956 890 Sowaidi
976 861 1136 890 clamavit:
1158 861 1268 900 Eques
1290 864 1391 890 vester
1415 859 1547 890 cecidit!

247 929 362 960 Mortis
389 931 528 959 nuntium
557 934 705 967 tanquam
732 938 864 969 gravem
893 934 925 960 et
951 930 1158 971 adfligentem
1185 930 1308 960 duabus
1336 930 1432 959 rebus
1461 930 1620 970 designat,
1650 938 1722 968 una,
1750 929 1831 969 quod
1847 929 1931 969 dicit,

148 992 294 1023 altissima
322 1000 403 1020 voce
430 991 594 1020 clamatum
621 999 708 1029 esse,
735 991 848 1035 attera,
875 992 957 1031 quod
985 1003 1054 1022 eum
1081 993 1189 1034 gentis
1216 993 1354 1031 equitem
1376 992 1525 1031 appellat.
1567 991 1652 1020 Ante
1675 990 1933 1021 Mohammedem

148 1056 175 1085 si
202 1054 274 1094 quis
300 1054 349 1083 vir
376 1053 509 1094 insignis
537 1057 677 1083 mortuus
705 1058 786 1094 erat,
815 1062 894 1092 equo
921 1054 1045 1084 vehens
1073 1055 1182 1084 verbis
1208 1052 1279 1100 &315
1306 1053 1368 1083 »tad
1395 1057 1424 1083 in
1442 1055 1600 1084 montibus
1621 1053 1685 1083 alta
1702 1062 1784 1083 voce
1803 1057 1933 1084 mortem

150 1116 335 1147 annuntiare
365 1115 490 1145 solebat
517 1115 624 1145 conf.
653 1115 772 1146 Caahb.
801 1116 829 1146 b.
858 1115 983 1146 Sohair.
1011 1116 1116 1147 adnot.
1148 1127 1176 1156 p.
1208 1116 1285 1146 143.
1314 1122 1346 1147 et
1374 1116 1511 1146 Meidan.
1539 1116 1577 1145 ad
1606 1116 1642 1146 C.
1670 1116 1728 1156 22,
1757 1115 1813 1145 58.
1847 1116 1935 1145 Loco

148 1180 239 1208 vocis
265 1172 382 1224 ῥυῑό,
411 1187 472 1217 qua
499 1178 638 1217 optimus
665 1178 772 1218 gentis
801 1187 898 1217 eques
924 1178 1124 1219 designatur,
1152 1178 1266 1219 legitur
1293 1187 1421 1218 quoque
1448 1174 1583 1214 ⁹2>oe
1610 1178 1778 1217 (princeps
1794 1178 1934 1216 vester).

150 1240 235 1269 Ante
260 1249 373 1269 vocem
404 1238 444 1284 Οἱ
475 1240 670 1278 praepositio
697 1251 731 1277 ῳ
758 1239 876 1270 omissa
902 1244 963 1270 est.

150 1350 182 1379 2.
205 1347 317 1379 Certe!
336 1358 437 1378 verua·
458 1358 511 1387 es;
534 1352 564 1378 et
584 1349 692 1377 dicens
714 1350 812 1378 simul
828 1350 996 1387 perficiens
1021 1345 1151 1388 (erat),
1176 1350 1244 1387 qui,
1276 1351 1307 1377 si
1333 1349 1458 1377 verbum
1483 1349 1619 1382 dicebat,
1652 1358 1735 1387 aqua
1758 1351 1793 1377 u!
1816 1358 1832 1377 e
1851 1351 1936 1377 terra

874 1407 1025 1439 manaret,
1051 1403 1211 1442 efficiebat.

234 1473 335 1504 Poeta
360 1473 461 1504 verba
488 1478 644 1504 mortuum
673 1474 811 1514 equitem
839 1473 986 1512 optimum
1012 1473 1065 1502 vel
1092 1475 1262 1512 principem
1293 1471 1394 1502 fuisse
1421 1470 1610 1500 confirmans
1637 1469 1732 1511 addit,
1752 1479 1823 1500 eum
1842 1471 1938 1501 talem

154 1535 268 1575 fnisse,
295 1537 349 1575 qui
375 1535 459 1565 dicta
488 1535 666 1575 perficeret.
720 1535 797 1566 Cum
816 1535 899 1572 viro,
928 1535 978 1574 qui
997 1538 1127 1573 puteum
1154 1534 1310 1564 effodiens
1336 1533 1375 1564 ad
1403 1542 1505 1572 aquae
1532 1533 1758 1573 scaturiginem
1782 1533 1937 1573 pervenit,

152 1592 219 1634 (p.
241 1592 365 1634 382.)
393 1607 462 1628 eum
493 1599 627 1628 confert.
680 1598 902 1628 Accusativus
933 1595 1034 1639 botta,
1064 1607 1124 1637 qno
1148 1602 1255 1627 status
1282 1597 1425 1627 nuntium
1453 1595 1641 1635 perferentis
1669 1595 1870 1635 describitur,
1897 1604 1939 1624 ex

151 1660 270 1689 omisso
299 1658 373 1692 :ab
400 1660 518 1699 pendet
545 1661 564 1689 i.
592 1670 619 1690 e.
649 1661 774 1690 locutus
804 1671 853 1701 es,
881 1660 953 1691 dum
981 1670 1083 1690 verax
1111 1669 1158 1690 es.
1211 1658 1431 1688 Accusativus
1458 1657 1629 1686 verborum
1645 1654 1938 1694 &ctfflffl-§ilcum

153 1729 236 1751 voce
262 1716 387 1765 Ἀίηῑέ
417 1722 655 1762 coniungendus
684 1727 745 1761 est,
773 1727 807 1753 ut
834 1733 852 1753 e
879 1723 1033 1771 parti-cula
1059 1725 1096 1767 Οἱ
1124 1721 1270 1761 pendeat.
1323 1720 1524 1750 Scholiastes
1552 1719 1641 1756 dixit,
1670 1718 1804 1747 vocibus
1828 1727 1939 1748 casum

153 1783 380 1813 nominativum
409 1784 473 1814 dari
503 1794 612 1824 posse,
642 1789 675 1814 ut
702 1785 879 1815 subiectum
900 1788 961 1826 ,⁷⁹²⁷
989 1785 1035 1814 cui
1066 1784 1250 1823 praedicato
1272 1784 1346 1820 sint,
1373 1784 1525 1812 omissum
1546 1785 1688 1822 putetur;
1716 1780 1939 1811 accusativum

153 1855 231 1875 vero
259 1846 499 1885 praeferendum
519 1834 604 1876 *esse
633 1845 715 1890 (sine
743 1848 858 1887 dubio,
887 1846 968 1887 quod
1005 1845 1219 1886 praedicatum
1254 1846 1384 1875 articulo
1422 1844 1584 1875 definitum
1619 1854 1680 1874 non
1718 1853 1794 1873 esse
1829 1840 1938 1882 solet).

154 1906 283 1936 Poetam
321 1913 427 1937 autem
465 1908 504 1938 de
538 1908 647 1938 verbis
682 1909 779 1938 occisi
815 1909 994 1948 loquentem
1033 1908 1157 1939 nonnisi
1193 1909 1274 1938 bona
1300 1909 1401 1938 verba
1428 1908 1446 1939 i.
1475 1917 1502 1938 e.
1535 1908 1693 1947 promissa
1718 1905 1940 1936 beneficiorum

152 1968 310 2006 voluisse,
338 1978 380 1998 ex
404 1970 618 2010 sequentibuS‚
645 1971 675 1999 in
703 1970 812 2009 quibus
840 1971 909 2000 eius
939 1971 1023 2001 facta
1051 1981 1122 2002 cum
1151 1981 1231 2011 aqua
1256 1971 1343 2010 putei
1372 1970 1553 2010 contulerit,
1582 1970 1739 2000 coniicere
1767 1969 1848 1999 licet.

140 2077 186 2106 ’3.
215 2077 272 2106 Vir
294 2080 367 2106 erat
385 2080 505 2115 primae
527 2080 707 2111 iuventutis,
731 2082 821 2109 cuius
840 2082 956 2119 faciem
979 2084 1067 2110 aetas
1089 2082 1228 2110 nondum
1250 2083 1439 2114 nunciaverat,
1470 2082 1635 2117 praeterea
1665 2080 1748 2117 quod
1778 2080 1812 2106 in
1839 2079 1940 2114 capite

669 2134 773 2163 album
797 2134 863 2163 leve
883 2137 986 2163 instar
1004 2135 1151 2173 fulminis
1174 2137 1263 2162 nocte
1277 2134 1430 2171 obscura.

257 2202 404 2233 Occisum
433 2206 577 2241 tanquam
604 2202 749 2233 iuvenem
777 2203 895 2242 primae
922 2204 1039 2233 aetatis
1067 2204 1215 2243 plenique
1242 2203 1365 2243 vigoris
1395 2201 1583 2240 descripsit,
1620 2205 1650 2232 et
1676 2210 1768 2240 quum
1795 2201 1825 2229 in
1860 2199 1942 2230 facie

158 2270 191 2296 et
218 2266 321 2306 capite
338 2266 436 2305 prima
464 2264 641 2294 senectutis
667 2264 779 2295 indicia
808 2271 1009 2305 apparerent,
1032 2265 1142 2295 horum
1172 2266 1359 2295 mentionem
1388 2265 1467 2294 fecit.
1519 2264 1661 2294 Verbum
1689 2267 1770 2303 wis:
1790 2263 1819 2292 in
1840 2262 1942 2302 Djeu—

160 2332 236 2361 barii
264 2330 375 2361 codice
401 2328 566 2359 vocalibus
592 2328 708 2367 primae
735 2328 856 2358 formae
882 2330 1068 2359 instructum
1106 2329 1303 2367 invenimus,
1341 2330 1370 2358 in
1397 2329 1529 2358 Kamusi
1563 2336 1659 2366 opere
1694 2330 1806 2364 quarta
1843 2325 1942 2355 forma

159 2392 307 2423 adnotata
334 2396 396 2423 est.
448 2392 483 2421 ln
510 2390 666 2420 Mersukii
693 2390 803 2420 codice
830 2390 900 2420 loco
928 2391 1020 2420 vocis
1047 2394 1145 2431 Uul-23
1169 2391 1287 2431 legitur
1313 2394 1410 2431 σὴρ-ξι·
1437 2391 1616 2428 (austerum
1645 2387 1818 2425 reddidit),
1852 2393 1885 2417 et
1912 2388 1942 2416 in

158 2455 377 2483 commentario
404 2453 568 2492 utriusque
594 2451 676 2482 modi
704 2452 783 2482 ratio
811 2452 911 2482 fuisse
950 2453 1086 2483 videtur.
1149 2454 1241 2483 Haec
1273 2463 1351 2482 vero
1391 2463 1457 2483 vox
1494 2450 1698 2490 sequentibus
1737 2448 1833 2478 tat>
1857 2463 1944 2489 ύμ-

159 2516 256 2545 minus
283 2520 357 2554 apta
382 2520 443 2545 est.
496 2516 604 2545 Verba
630 2513 728 2544 {itm-Li>
754 2528 836 2555 ἐν
863 2515 1082 2554 exceptionem
1109 2513 1266 2555 efficiunt,
1303 2515 1330 2544 in
1358 2523 1419 2553 qua
1446 2522 1495 2543 res
1533 2516 1666 2550 excepta
1699 2521 1717 2541 a
1750 2512 1852 2551 priore
1890 2511 1940 2541 di-

161 2587 250 2607 versa
277 2582 326 2606 est
358 2574 477 2624 (el-xiiia
502 2575 632 2620 -LQn-l)
661 2577 768 2608 conf.
798 2576 923 2608 Gram.
951 2577 1013 2606 Ar.
1040 2576 1077 2605 Τ.
1107 2577 1144 2606 11.
1173 2587 1202 2617 p.
1235 2577 1334 2616 5653
1374 2576 1432 2607 sed
1466 2584 1560 2614 quum
1588 2574 1674 2604 initio
1703 2583 1818 2604 versus
1847 2577 1941 2612 poeta
