2155 2892
921 119 1190 151 —260-

957 264 1149 299 XXIII.

869 331 1082 376 Quidam
1104 330 1241 364 «lixit.

157 405 184 434 1.
230 404 280 432 Ne
302 413 335 432 re
358 406 530 440 occupatus
552 404 608 440 sis,
632 412 693 440 quta
717 411 827 430 carere
845 405 943 439 poles,
969 409 1044 429 neve
1065 401 1193 428 sincera
1215 402 1331 428 monita
1353 400 1406 428 des
1429 401 1493 428 nisi
1513 401 1549 434 ei,
1576 402 1630 438 qui
1648 410 1684 429 ea
1706 399 1844 438 accipit!

268 472 380 502 Rebus
413 472 571 502 inutilibus
608 480 734 510 operam
766 470 842 500 dare
876 480 937 500 non
965 470 1135 507 debemus,
1170 478 1301 508 quarum
1336 468 1418 498 duae
1444 467 1505 498 hoc
1532 469 1562 499 in
1588 479 1686 499 versu
1713 474 1938 508 proponuntur.

156 537 231 567 Vox
260 533 329 581 5³³.ss
356 537 387 565 in
415 544 512 564 versu
540 534 782 574 generaliorem,
812 542 903 572 quam
930 542 995 562 vox
1022 529 1092 576 01:50
1119 531 1380 572 significationem
1407 530 1540 568 habeat,
1574 541 1707 562 necesse
1740 538 1802 565 est.
1869 533 1944 563 Vox

154 600 246 643 (μάλλ’,
273 597 407 627 vocibus
434 595 532 633 *alm
561 600 593 625 et
609 595 727 636 2²⁴5b?
754 595 950 634 explicatur,
988 599 1020 624 ut
1045 595 1192 624 diversas
1221 593 1340 633 negotii
1367 597 1473 631 partes
1501 594 1682 635 significare
1710 597 1821 634 possit.
1858 596 1944 627 Fieri

155 664 283 700 potest,
317 662 350 689 ut
378 663 440 688 tam
473 668 547 698 reS,
582 667 661 696 qnae
695 658 798 696 ipsum
835 667 928 697 quain
965 667 1018 687 res
1045 666 1125 695 quae
1155 654 1233 684 alios
1261 654 1298 683 ad
1333 654 1434 693 ipsum
1462 664 1522 685 non
1552 658 1748 695 pertinentes
1783 664 1942 699 spectant,

155 721 389 763 significentur.
443 721 614 750 Actsamus
640 721 669 749 b.
697 720 780 749 Zaifi
809 720 903 758 (obiit
930 723 1046 749 octavo
1075 717 1169 757 fugae
1197 725 1278 745 anno
1306 715 1411 745 conf.
1440 717 1578 747 Meidan.
1606 720 1696 758 app.)
1724 720 1819 750 dixit:
1858 721 1942 750 Pru-

154 783 280 813 dentiae
306 788 420 812 cautae
448 786 509 822 est,
537 790 587 810 res
615 790 784 821 peragere,
814 790 897 820 quae
924 789 1021 809 curae
1047 782 1175 809 nostrae
1202 779 1391 810 commissae
1418 785 1503 817 sunt,
1532 790 1584 810 res
1612 783 1799 822 relinquere,
1827 784 1940 823 quibus

153 854 264 875 carere
290 853 462 883 possumus
483 843 603 882 (conf.
634 843 773 872 Meidan.
795 843 833 875 C.
863 842 896 882 6,
920 842 1016 881 172).
1046 841 1204 871 Suffixum
1232 842 1324 871 vocis
1351 838 1413 879 ixl-3³&
1431 841 1470 872 ad
1497 852 1610 873 nomen
1638 846 1713 895 &ui
1742 845 1939 876 referendum

156 910 217 947 est,
246 906 328 946 quod
355 906 453 935 verbo
480 908 614 950 Usu-‘2:2¹2'
641 905 804 935 indicatur.

152 1004 183 1032 2.
226 1003 276 1032 Ne
293 1005 502 1041 propiitquum
525 1003 668 1036 deseras,
701 1004 947 1041 quotiescunque
973 1004 1181 1041 infortunium
1207 1005 1237 1031 ei
1256 1006 1439 1041 supervenit
1459 1007 1489 1032 et
1510 1007 1543 1033 in
1560 1006 1674 1042 proelii
1699 1016 1806 1043 campo
1829 1010 1937 1035 contra

745 1065 814 1083 eum
834 1056 957 1090 dimica,
982 1058 1036 1094 qm?
1056 1066 1124 1085 cum
1146 1066 1180 1084 eo
1200 1056 1345 1094 puymrl!

263 1126 472 1165 propinquum
504 1124 714 1155 deserendum
742 1134 803 1154 non
832 1134 928 1163 esse3
966 1124 1025 1154 sed
1052 1134 1175 1154 summo
1203 1134 1274 1155 cum
1301 1126 1438 1164 periculo
1461 1126 1711 1165 defendendum,
1745 1129 1834 1168 plura
1860 1138 1938 1168 pro-

151 1189 263 1219 verbia
289 1188 427 1219 docuere
454 1187 537 1218 conf.
565 1186 704 1216 Meidan.
733 1187 769 1216 T.
796 1187 838 1215 111
862 1187 897 1216 P.
926 1187 958 1217 2.
984 1197 1013 1226 p.
1046 1187 1114 1217 172
1143 1196 1189 1226 sq.

151 1286 183 1315 3.
227 1287 277 1316 Ne
296 1288 472 1324 propinquo
499 1293 651 1322 qeneroso
682 1280 842 1322 (petenti)
864 1292 929 1311 rem
952 1284 1096 1320 Aeneae&
1121 1293 1194 1312 nam
1211 1285 1314 1322 frater
1340 1288 1413 1313 [mes
1433 1285 1502 1314 est!
1527 1286 1570 1315 Tu
1592 1289 1713 1323 nescis,
1738 1297 1779 1316 an
1799 1289 1939 1325 fortasse

873 1337 909 1364 ab
932 1346 966 1364 eo
986 1339 1144 1373 petiturus
1168 1339 1223 1367 sis.

250 1407 321 1437 Hoc
347 1407 377 1436 in
405 1416 514 1446 versu,
542 1408 596 1446 qui
626 1406 655 1436 in
684 1406 841 1436 Mersukii
870 1405 979 1435 codice
1007 1405 1218 1448 desideratur,
1247 1414 1351 1438 monet
1380 1413 1484 1449 poeta5
1513 1419 1551 1438 ne
1578 1410 1644 1449 quis
1673 1410 1847 1450 propinquo
1874 1420 1937 1451 ge-

151 1477 264 1499 neroso
292 1479 355 1499 rem
382 1469 511 1508 petitam
546 1469 695 1510 deneget,

958 1603 1134 1637 xxffv.

151 1679 220 1723 (p.
244 1679 372 1724 515.)
685 1670 950 1716 Blanthsur
973 1683 1018 1716 1».
1044 1682 1241 1716 Sohaim
1265 1682 1400 1716 «lixit.

250 1765 378 1795 Poetam
408 1765 447 1795 ad
474 1770 602 1805 gentem
629 1765 708 1795 Thai
737 1766 908 1805 pertinere,
938 1776 955 1795 e
983 1776 1098 1796 versus
1118 1766 1248 1797 secundi
1276 1767 1406 1807 legendi
1427 1766 1517 1796 modo
1544 1766 1651 1796 coniici
1679 1772 1795 1806 potest.

149 1863 175 1892 1.
220 1862 262 1891 Ob
284 1863 384 1891 cibum
407 1863 592 1900 hospitalem
614 1863 676 1892 loci
697 1863 818 1891 incolas
840 1873 902 1891 mm
923 1866 1116 1900 peren-inqu,
1140 1865 1213 1892 dum
1236 1864 1270 1891 ab
1291 1873 1396 1891 eorum
1421 1866 1623 1891 commeulam
1643 1863 1732 1900 ploro
1754 1867 1784 1892 et
1800 1864 1933 1901 ploran-

828 1920 875 1945 tes
896 1917 939 1944 cu!
962 1917 1118 1953 ploratum
1144 1919 1256 1945 eoecilo.

266 1985 497 2016 Continentiam
523 1995 613 2016 suam
641 1986 760 2026 laudat,
789 1991 823 2015 ut
850 1986 980 2015 aliorum
1000 1985 1083 2015 haud
1110 1996 1340 2026 generosorum
1368 1986 1468 2015 cibum
1496 1985 1679 2024 hospitalem
1708 1986 1788 2017 haud
1814 1987 1930 2026 cupiat.

148 2049 223 2078 Non
250 2048 345 2088 igitur
371 2049 539 2088 accidere,
559 2053 593 2078 ut
620 2053 675 2078 aut
701 2048 831 2078 tristitia
858 2047 1004 2078 adfectus
1032 2051 1074 2078 sit
1098 2054 1152 2078 aut
1179 2049 1230 2087 qui
1258 2049 1360 2087 ipsum
1386 2048 1544 2086 hospitem
1572 2057 1632 2076 non
1660 2048 1739 2077 bene
1758 2049 1931 2089 exceperit,

149 2121 220 2141 eum
248 2111 359 2150 satyra
388 2111 559 2150 vituperet.
605 2111 818 2147 Scholiamtes,
848 2120 940 2150 quum
968 2110 1026 2140 hac
1053 2111 1082 2140 in
1110 2121 1143 2140 re
1171 2111 1310 2150 plorandi
1339 2110 1426 2139 locus
1455 2119 1514 2139 non
1542 2109 1595 2149 sit,
1623 2114 1748 2148 poetam
1775 2109 1931 2139 tristitiam

148 2182 295 2213 magnam
323 2173 362 2202 ob
390 2182 479 2211 spem
509 2172 627 2202 irritam
654 2172 790 2202 indicare
817 2172 962 2201 voluisse
988 2172 1161 2202 adnotavit.
1223 2171 1284 2209 Qui
1313 2175 1416 2201 aulem
1444 2170 1555 2209 plorat,
1582 2171 1712 2200 aliorum
1740 2176 1772 2200 et
1797 2173 1930 2200 maxime

149 2234 333 2264 seminarum
360 2233 520 2273 lacrymas
547 2233 704 2263 concitare
732 2238 850 2272 potest.
903 2233 995 2262 Voce
1020 2231 1144 2278 &5³:455
1172 2238 1283 2273 poetae
1317 2242 1444 2262 uxorem
1472 2233 1614 2272 aliasque
1640 2243 1748 2263 secum
1777 2232 1930 2263 habentes

148 2298 281 2327 seminas
308 2296 529 2337 intelligendas
549 2301 635 2334 puto.
689 2295 813 2324 Littera
838 2295 907 2325 Alis
931 2296 969 2325 ob
998 2295 1242 2326 homoioleutum
1269 2294 1374 2325 addita
1401 2300 1461 2324 est.

148 2408 179 2435 2.
224 2406 262 2436 Si
281 2409 428 2443 yenerosi
448 2407 558 2435 divites
578 2408 662 2439 sunt,
683 2406 725 2433 ad
744 2414 822 2443 quos
844 2406 943 2442 venio,
964 2415 1008 2434 ea,-
1030 2406 1130 2439 rebus,
1147 2416 1227 2444 quas
1244 2404 1416 2443 possident,
1441 2407 1562 2433 tantum
1583 2402 1661 2431 milui
1680 2403 1810 2440 sufficit,
1825 2411 1931 2440 quan-

868 2462 934 2488 tum
954 2460 1033 2487 milii
1052 2462 1131 2488 satis
1155 2463 1212 2488 esl-

248 2528 484 2558 Continentiam
513 2537 605 2558 suam
632 2533 789 2568 tempore,
816 2537 878 2568 quo
905 2527 944 2558 ad
963 2528 1081 2558 divites
1110 2538 1288 2569 generosos
1316 2529 1415 2569 venit,
1442 2528 1583 2568 pluribus
1610 2526 1750 2566 exponit.
1777 2526 1823 2557 Se
1836 2527 1931 2557 rebus

150 2588 212 2627 ipsi
245 2591 436 2620 necessariis
458 2595 638 2621 contentum
666 2600 750 2620 esse.
803 2592 877 2622 Vox
907 2589 940 2620 w
967 2602 1008 2622 ex
1035 2589 1072 2636 Οἱ
1101 2596 1133 2621 et
1161 2587 1191 2619 k»
1212 2590 1390 2630 composita
1408 2594 1468 2620 est.
1523 2589 1630 2629 Poeta,
1651 2589 1681 2617 ni
1707 2587 1807 2629 fallor,
1828 2593 1929 2618 metro
