2155 2892
864 172 1135 203 —551—

203 275 319 305 Brevis
346 283 455 305 serino
482 274 626 304 laudatur
653 271 764 304 conf.
792 272 887 302 Meid.
915 273 951 303 T.
980 272 1020 301 ΙΙΙ
1045 271 1079 301 P.
1098 270 1129 300 2.
1147 280 1176 310 p.
1210 270 1288 301 173.
1318 273 1350 301 ln
1379 271 1505 302 laudato
1534 282 1704 312 pancorum
1732 274 1900 305 verborum

107 347 205 370 causa
232 339 260 367 in
289 337 408 377 pudore
435 342 495 376 est,
523 346 583 366 non
618 336 647 365 in
674 335 803 368 morbo,
841 344 902 373 quo
943 334 1128 372 impeditur.
1172 334 1337 372 quominus
1367 336 1521 374 loquatur.
1587 336 1726 366 Siniilcni
1756 336 1901 376 loquendi

104 400 229 430 modum
259 404 352 439 poeta
380 399 408 428 in
434 397 640 437 sequentibus
667 397 776 426 verbis
804 396 945 426 adhibuit
973 396 1245 434 (nictr.Bcsitli):
1277 397 1473 436 Vespera
1503 407 1578 427 cos
1607 398 1653 427 ob
1682 400 1900 438 generosi-

104 468 229 492 tatem
257 465 463 502 aegrotos
493 465 627 500 putas.
694 460 776 490 Voci
803 469 886 503 ὕφει»
915 460 1089 500 aegroti
1119 459 1386 499 significationem
1414 470 1501 497 esse,
1531 471 1548 491 e
1574 462 1781 500 sequi-utilius
1811 463 1901 494 metri

104 523 227 563 Redjes
255 525 402 554 versibus
431 523 598 553 videmus:
627 524 669 552 Si
699 527 908 563 aegrotos
936 523 1160 560 scribitis3
1189 530 1266 562 cgo
1295 531 1399 551 sanc
1427 529 1638 561 aegrotus
1666 533 1764 553 suni.
1807 525 1901 554 l’cr-

106 593 287 617 noctnns
316 588 352 616 in
381 587 607 617 daemones
635 593 844 617 sonantes
873 586 1033 621 incido;
1062 586 1222 615 circum
1253 594 1308 614 inc
1336 586 1444 614 varii
1472 586 1649 623 generis
1677 586 1900 616 daemones

105 647 264 678 ludunt.
294 650 392 679 Poeta
420 649 633 679 Ebu-Aluntur
660 649 737 679 dixit
765 648 871 691 (metr.
889 648 1054 687 '1‘hawil):
1085 647 1187 687 Tibi,
1216 656 1233 676 o
1263 647 1374 676 Deus
1404 645 1624 676 veritatis!
1652 646 1902 677 ‹lt-siderium

106 720 232 740 menni
265 711 512 751 manifesto.
551 712 596 741 ad
627 718 665 741 te
699 711 957 750 confugiens
990 715 1030 739 et
1074 710 1249 749 timens,
1290 719 1336 738 ne
1365 709 1547 738 morbum
1579 718 1708 738 ruenni
1739 709 1903 747 longum

107 782 208 802 esse
235 769 373 802 sinus!
403 775 476 804 Vox
503 775 598 806 z-zjw
625 776 708 804 oculi
736 775 921 805 caecitatem
949 773 1108 813 designat.
1137 772 1191 801 Sic
1222 771 1250 800 in
1278 781 1376 801 versu
1406 776 1561 809 sequente
1590 772 1697 808 (metr.
1735 770 1903 806 Thau-in:

107 833 194 864 Uno
222 835 342 865 oculo
371 836 501 877 ploro,
529 846 641 876 quem
682 837 874 867 caecitas
911 834 1014 865 liaud
1053 834 1219 864 adfecit
1246 838 1282 863 ct
1312 834 1479 871 altero,
1518 843 1636 873 quein
1665 842 1795 862 casus
1824 833 1904 862 l'or-

108 901 238 927 tunae
266 897 455 928 adflixit.

910 993 1110 1026 xxvn.

636 1059 778 1092 Lana
802 1059 1172 1101 ‚itanc-lujanjjah
1189 1061 1217 1095 ¹)
1241 1057 1378 1091 inxit.

226 1129 350 1159 Nomen
378 1130 508 1160 Laila
535 1131 697 1161 inventum
725 1136 757 1161 et
785 1130 866 1161 haud
896 1130 1074 1161 derivatum
1103 1134 1233 1169 putant3
1261 1129 1318 1159 sed
1347 1129 1415 1158 lieri
1444 1138 1542 1168 posse
1570 1127 1687 1160 dicunt.
1716 1135 1749 1158 ut
1777 1139 1795 1158 c
1825 1137 1906 1158 voce

110 1187 183 1227 :Na-..5
212 1191 315 1228 nme,
344 1201 404 1230 quo
431 1193 555 1222 nomina
582 1195 707 1232 propria
736 1198 979 1232 connnuteutur‚
1009 1198 1109 1222 ortum
1139 1193 1189 1222 sit.
1254 1192 1343 1221 Voce
1375 1190 1463 1228 ,λῇὸῖ
1501 1196 1605 1219 autem
1645 1191 1747 1228 picum
1777 1190 1906 1220 viridem

112 1254 246 1292 (quippe
274 1255 363 1282 cuius
392 1253 476 1283 color
501 1255 614 1283 naevis
641 1254 807 1284 distinctus
834 1255 875 1284 sit
901 1251 998 1292 λέ)
1025 1254 1186 1294 designari
1213 1253 1330 1283 dicunt.
1359 1254 1414 1282 Sic
1441 1253 1468 1281 in
1495 1261 1591 1281 versu
1612 1252 1720 1290 (nictr.
1742 1252 1908 1290 Thau-10:

112 1315 223 1344 Avis
253 1324 343 1344 inea
370 1315 410 1344 in
439 1325 485 1345 ea
513 1321 662 1345 contra
700 1321 739 1345 te
777 1316 871 1355 pica
899 1325 978 1345 non
1006 1320 1083 1345 est.
1136 1315 1221 1344 Num
1250 1323 1315 1343 vox
1341 1311 1429 1352 ,λῇὸὶ
1459 1315 1560 1352 picum
1588 1313 1719 1342 viridem
1750 1313 1909 1354 designet,

113 1375 256 1406 dubitare
283 1376 367 1416 licet,
395 1377 509 1416 quippe
536 1377 646 1407 eadem
676 1378 746 1407 avis
775 1380 963 1418 cognomine
991 1377 1119 1407 dorsa
1162 1380 1388 1416 amputans
1416 1371 1530 1421 „4:215
1556 1371 1642 1421 &1220
1669 1376 1854 1415 appelletur,
1879 1375 1910 1406 id

113 1437 195 1476 quod
221 1438 250 1467 in
279 1439 350 1477 pico
378 1438 468 1468 viridi
497 1439 580 1468 haud
608 1440 766 1468 convenit.
829 1440 871 1469 Iis
907 1440 1002 1480 igitur
1036 1437 1276 1469 assentiendum
1311 1442 1409 1477 puto,
1438 1437 1491 1476 qui
1518 1436 1648 1466 eandem
1678 1446 1754 1466 esse
1781 1446 1819 1467 ac
1847 1444 1911 1483 ἦ.»

115 1500 303 1540 appellatam
350 1510 443 1530 avem
478 1501 608 1540 dicunt,
649 1511 708 1541 qua
746 1511 827 1532 voce
854 1505 955 1541 picam
983 1501 1156 1543 significari
1183 1505 1270 1539 puto.
1324 1501 1406 1530 Avis
1446 1501 1528 1529 malo
1567 1501 1658 1529 omini
1685 1504 1736 1529 est
1772 1500 1910 1538 (conf.

114 1563 210 1592 Meid.
243 1562 280 1593 C.
311 1562 365 1603 13,
398 1563 505 1603 127.)
560 1563 686 1594 Corvus
714 1574 838 1604 quoque
867 1565 947 1594 malo
975 1566 1070 1594 omini
1098 1568 1167 1592 erat
1193 1561 1302 1592 conf.
1333 1572 1362 1601 p.
1386 1563 1466 1594 415,
1506 1563 1626 1591 vocem
1655 1562 1758 1591 ululae
1789 1571 1912 1600 quoque

115 1626 227 1655 malum
255 1635 347 1655 omen
375 1635 451 1656 esse
479 1632 592 1666 putant
631 1626 734 1657 conl.
769 1636 880 1657 vocem
916 1630 1025 1656 Qum.
1091 1627 1264 1656 Praeterea
1290 1626 1320 1655 in
1347 1626 1488 1665 pluribus
1517 1626 1634 1664 rebus,
1669 1634 1746 1664 quas
1774 1626 1823 1654 hic
1851 1624 1912 1655 loci

116 1696 298 1728 recensere,
324 1687 416 1717 nimis
447 1689 576 1729 longum
606 1688 698 1727 foret,
727 1689 853 1718 Arabes
881 1689 996 1719 malum
1024 1698 1113 1719 omen
1141 1688 1262 1718 vident.

119 1783 144 1813 1.
165 1783 192 1814 0
216 1785 403 1813 admissarie
424 1785 578 1823 ignobilis,
604 1789 699 1823 caput
721 1788 898 1824 Insteclens,
923 1789 959 1815 ul
977 1787 1082 1822 yemis
1104 1785 1235 1822 Hidjasi
1256 1794 1369 1822 aqmen
1391 1787 1526 1813 mislnm
1548 1782 1676 1812 ducas!
1696 1781 1756 1822 (1).
1781 1780 1845 1813 '2⁰
1854 1777 1911 1823 Ι.)

217 1853 345 1883 Poetria
373 1853 549 1884 Ahmruum
576 1854 604 1883 b.
636 1854 782 1884 Alclialih
811 1855 996 1885 laudaturus
1025 1855 1123 1894 primo
1151 1864 1249 1884 versu
1277 1855 1379 1883 virum
1407 1854 1500 1883 alium
1530 1853 1682 1892 increpat,
1711 1852 1764 1892 qui
1792 1852 1832 1881 illi
1860 1853 1912 1881 in-

119 1915 230 1944 fensus
259 1920 338 1944 erat.
404 1915 493 1945 Illum
521 1916 623 1945 virum
654 1925 720 1946 cum
748 1917 867 1946 camelo
895 1916 1084 1946 admissario
1104 1917 1228 1956 ignobili
1246 1926 1451 1955 comparasse
1481 1916 1619 1954 videtur,
1640 1917 1691 1954 qui
1719 1914 1912 1944 camelorum

118 1984 234 2017 agmen
262 1975 374 2006 ducere
401 1977 480 2006 vult·
535 1977 566 2006 ln
595 1977 772 2016 posteriore
800 1986 917 2007 versus
947 1983 1036 2016 parte
1063 1978 1147 2006 illum
1175 1978 1378 2016 comparandi
1407 1977 1532 2007 modum
1562 1977 1695 2014 reliquit.
1748 1976 1814 2005 Sed
1844 1976 1914 2006 voci

119 2043 195 2085 ιιιλκ
221 2039 376 2078 triplicem
403 2038 669 2080 significationem
696 2041 724 2069 in
753 2049 850 2070 versu
876 2040 967 2070 tribui
994 2049 1104 2079 posse,
1132 2039 1326 2070 scholiastes
1354 2040 1525 2070 adnotavit.
1555 2040 1689 2069 Primum
1711 2039 1779 2067 voci
1814 2047 1913 2077 poc-

120 2099 307 2140 nitentis,
328 2101 478 2131 tristis
506 2101 772 2143 significationem
794 2102 912 2140 tribuit,
925 2102 996 2132 dum
1023 2103 1075 2132 alii
1103 2102 1194 2131 vocis
1214 2098 1285 2148 fel*
1306 2102 1573 2142 significationem
1602 2101 1774 2130 cohaerere
1804 2103 1913 2138 putant

120 2170 189 2192 cum
205 2163 339 2192 vocibus
359 2160 455 2206 flexa-l
479 2160 542 2200 til-,ape
568 2163 689 2204 (aquae
707 2165 902 2204 corruptae),
930 2173 1010 2203 quae
1039 2165 1090 2194 diu
1117 2169 1298 2203 steterunt3
1327 2170 1391 2194 tum
1420 2164 1506 2204 dicit,
1534 2173 1648 2193 vocem
1668 2168 1745 2208 fou-
1765 2171 1912 2202 magnum

120 2223 340 2254 admissarium
366 2225 519 2264 impetum
537 2225 707 2256 facientem
734 2235 793 2256 seu
810 2227 918 2256 initum
946 2226 1148 2266 adpetentem
1174 2226 1367 2267 significare,
1385 2226 1518 2266 deniqne
1547 2234 1660 2255 vocem
1689 2227 1733 2254 rei
1761 2224 1911 2257 deditum,

119 2285 247 2316 avidum
275 2285 447 2327 designare
473 2287 555 2317 dicit.
607 2287 682 2317 Inde
710 2288 771 2318 dici
800 2292 874 2334 βλ*
899 2289 963 2326 ,λέ
990 2292 1021 2319 et
1047 2290 1148 2335 ΓΜ
1173 2281 1236 2326 ,λέ
1274 2287 1358 2317 haud
1383 2296 1563 2329 generosus
1591 2286 1822 2323 admissarius,
1862 2284 1912 2322 qni

120 2350 150 2378 in
177 2349 367 2378 camelarum
394 2358 509 2389 agmen
536 2349 723 2387 immittitur,
751 2355 827 2388 tum,
854 2350 882 2379 si
909 2350 980 2379 illae
1007 2360 1126 2380 marem
1154 2354 1318 2389 appetunt,
1347 2349 1507 2379 retinetur.
1574 2346 1633 2384 Qui
1660 2355 1752 2384 quun»
1781 2345 1913 2375 multum

120 2411 249 2450 barriat,
276 2413 306 2440 in
334 2411 505 2450 proverbio
533 2410 660 2441 dicitur:
689 2412 780 2442 Sicut
807 2412 949 2442 barriens
977 2412 1116 2442 camelus
1143 2414 1174 2442 in
1202 2412 1327 2441 stabulo
1358 2409 1474 2448 (Meid.
1503 2408 1539 2439 C.
1570 2408 1628 2445 22,
1660 2407 1745 2445 51.).
1806 2406 1914 2436 Verba

122 2471 188 2517 ml)
214 2470 308 2514 255OE
333 2472 526 2503 scholiastes
554 2483 623 2503 cum
651 2474 841 2513 proverbiali
867 2474 1013 2514 loquendi
1039 2475 1144 2516 modo,
1175 2479 1209 2504 ut
1235 2473 1307 2504 mihi
1331 2472 1482 2511 videtur,
1518 2470 1600 2500 haud
1642 2473 1729 2499 recte
1763 2469 1913 2499 contulit:

145 2594 172 2621 1)
189 2594 297 2618 Poetria
315 2594 428 2625 insignis
449 2594 537 2619 lslami
556 2598 681 2625 tempore.
716 2597 857 2627 Regnanie
877 2596 974 2620 Ahbd—
987 2597 1120 2620 Almalico
1139 2597 1164 2619 b.
1193 2597 1312 2619 Moru-an
1333 2594 1490 2624 grandaeva
1509 2594 1574 2618 erat.
1593 2591 1679 2616 conf.
1708 2589 1914 2615 Citab-Ala-

193 2644 306 2675 gtiani.
326 2647 347 2669 Α
367 2647 448 2675 poeta
464 2645 576 2670 Taubah
595 2646 618 2671 b.
640 2645 800 2677 Alhomajjir
817 2650 905 2670 amata
923 2650 981 2670 erat
1000 2648 1075 2672 num.
1095 2644 1152 2671 ov‘t.

1430 2700 1475 2729 70
