2155 2892
892 120 1165 150 —124‘

146 222 177 252 5.
201 221 358 258 Beneficia
381 229 439 247 sna
462 220 524 254 ipsi
544 220 637 246 risam
663 219 813 255 reddunt;
837 221 886 246 es!
907 228 943 246 ac
966 220 1002 251 si,
1028 219 1113 256 quod
1131 218 1186 246 illa
1209 218 1423 254 ‹livukqantmu
1450 219 1656 246 resuscitatus
1677 220 1726 246 sil.

246 288 408 319 Beneficia
436 288 505 317 eius
534 297 629 327 quum
659 288 687 317 in
715 287 869 317 hominum
897 297 953 316 ore
981 297 1110 326 semper
1137 289 1213 326 siut,
1242 292 1389 317 mortuus
1416 297 1476 316 non
1498 296 1574 315 esse
1593 287 1730 316 videtur.
1783 288 1816 316 In
1840 296 1935 317 versu

148 352 272 392 quidam
300 354 469 380 verborum
498 351 588 380 lusus
616 355 678 385 est,
707 360 798 389 quum
828 355 924 389 poeta
951 359 1052 380 voces
1074 350 1137 393 :ak-,i
1166 354 1198 379 et
1220 350 1329 393 „aaa
1356 349 1542 379 adhibuerit.
1570 349 1697 379 Nomini
1725 349 1859 379 actionis
1872 351 1937 393 sir-3

149 421 202 447 aut
229 416 352 456 passivi
392 415 587 456 significatio
623 414 789 444 tribuenda
826 418 878 443 est
904 412 1030 450 (Grani.
1060 413 1115 441 Ar.
1144 412 1180 440 Τ.
1210 412 1246 442 ll.
1277 422 1305 450 p.
1340 408 1435 453 164.)
1461 415 1527 451 aut7
1563 411 1589 440 si
1619 412 1716 440 activi
1744 411 1936 452 significatio

148 485 209 519 est,
239 478 391 508 suffixum
420 475 532 508 obiecti
559 478 660 508 locum
688 482 786 515 tenet,
814 481 847 506 ut
874 476 917 505 sit
945 484 1000 514 pro
1029 472 1069 513 QX
1097 471 1191 514 Uati-ll
1212 475 1276 517 jai
1302 488 1344 511 ψη
1374 473 1477 512 »quod
1505 474 1646 503 homines
1674 483 1712 503 ea
1739 474 1937 514 (livulgantu.

149 541 336 571 Mersukius
372 541 411 570 de
451 542 580 570 mortuis
610 540 808 570 resuscitatis
846 544 909 569 tam
947 541 1072 578 primam
1110 547 1200 577 quam
1238 541 1381 575 quartam
1409 535 1497 565 verbi
1525 535 1653 566 formam
1682 535 1822 565 adhiberi
1851 535 1938 565 dixit.

150 604 302 643 Quartam
330 605 560 645 elegantiorem
589 602 735 642 loquendi
762 601 887 632 modum
914 610 1000 630 esse.

149 703 182 733 ⁶.
206 702 393 731 Hominibus
412 704 541 739 propter
562 710 632 729 eum
656 700 831 728 conunum's
856 699 962 726 luctus
982 700 1048 734 est;
1070 699 1103 725 in
1124 696 1261 734 qualibet
1285 696 1371 723 domo
1393 696 1543 732 planclus
1565 698 1595 723 et
1619 697 1759 732 suspiria
1786 698 1869 723 sunt.

250 771 298 802 Ob
324 781 443 801 summa
471 770 539 800 eius
569 770 679 799 merita
706 777 816 798 omnes
846 767 989 797 homines
1021 770 1180 795 mortuum
1208 765 1339 805 lugent,
1380 769 1413 793 ut
1449 769 1596 803 tanquam
1623 764 1767 794 mulieres
1796 765 1943 804 lugentes

151 835 190 866 ad
218 835 287 865 eius
316 834 411 864 funus
435 838 524 863 stare
551 833 721 862 videantur
749 835 781 860 et
809 830 837 859 in
864 829 1004 868 qualibet
1033 828 1125 858 domo
1154 827 1297 866 planctus
1324 827 1529 867 gemitusque
1545 825 1722 855 audiantur.
1751 827 1825 855 Vox
1858 825 1944 862 stila

151 896 299 927 mulieres
327 895 476 936 designat
503 895 532 923 iu
563 895 643 923 bono
671 897 702 923 et
729 894 807 924 malo
836 892 1078 923 couvenientes.
1131 891 1200 921 Hoc
1220 891 1250 919 in
1271 899 1370 919 versu
1391 889 1542 918 mulieres
1561 888 1708 929 lugentes
1725 889 1942 930 designantur.

151 958 200 988 De
228 958 277 988 his
304 956 407 987 conf.
435 957 527 985 Ham.
557 956 593 984 T.
622 956 659 985 11.
690 965 720 994 p.
753 955 806 984 17.
840 954 919 984 110.

152 1056 182 1084 7.
208 1054 256 1085 ΟΙι
277 1053 414 1083 mirum!
433 1053 473 1082 In
492 1055 583 1092 fossa
607 1057 743 1091 quatuor
765 1053 861 1082 ulnas
883 1053 977 1090 Ionqa
999 1056 1030 1081 e!
1052 1053 1189 1090 quinque
1205 1051 1380 1088 spithamas
1397 1049 1461 1078 lala
1476 1058 1565 1077 mons
1579 1049 1664 1077 allus
1678 1057 1874 1085 maquusque
1888 1051 1942 1076 est.

250 1129 398 1167 Miratur,
426 1128 511 1167 quod
539 1132 648 1157 tantus
676 1127 723 1156 vir
751 1127 780 1156 in
808 1126 955 1166 sepulcro
983 1126 1086 1156 locum
1114 1125 1241 1155 habeat.
1294 1124 1373 1154 Cum
1401 1128 1527 1163 monte,
1555 1132 1617 1162 quo
1645 1122 1806 1161 potentia,
1834 1121 1945 1161 honor,

151 1190 336 1232 magnitudo
365 1194 397 1220 et
429 1190 528 1219 tutela
555 1190 710 1220 indicatur
738 1189 842 1219 conf.
870 1190 981 1219 Ham.
1010 1199 1040 1228 p.
1068 1191 1093 1218 ol
1121 1199 1152 1218 V.
1185 1188 1214 1217 1.
1246 1198 1273 1226 p.
1303 1186 1340 1216 tt?
1366 1197 1397 1216 v.
1420 1188 1450 1217 4.
1479 1197 1508 1226 p.
1531 1188 1566 1216 tto
1584 1196 1616 1215 v.
1646 1185 1675 1214 l.
1704 1195 1732 1224 p.
1759 1184 1811 1214 Μ’*
1837 1195 1868 1214 v.
1903 1184 1944 1222 ¹.‚

153 1259 207 1284 ste
235 1255 285 1284 vir
314 1258 519 1292 comparatus
547 1257 605 1284 est.
661 1254 702 1284 Ut
729 1259 835 1284 autem
868 1263 1000 1292 parvum
1035 1253 1172 1292 sepulcri
1205 1251 1342 1290 spatium
1377 1250 1584 1291 designaret,
1619 1250 1687 1279 eius
1721 1248 1945 1289 longitudinem

155 1317 419 1356 atitudinenzque
449 1316 621 1355 descripsit.
675 1315 873 1345 Scholiastes
902 1319 1004 1353 putat,
1034 1319 1160 1354 poetam
1190 1313 1321 1342 formam
1342 1311 1400 1359 ἐς)
1420 1312 1616 1349 adhibuisse,
1644 1311 1727 1351 quod
1747 1320 1858 1340 nomen
1876 1304 1946 1359 ὁὸ

154 1381 285 1421 generis
316 1379 455 1409 feminini
482 1380 544 1421 sitj,
573 1378 630 1408 sed
658 1380 764 1409 immi>
800 1388 871 1408 eum
898 1378 1039 1416 dixisse,
1072 1381 1107 1407 ut
1130 1386 1196 1405 vox
1216 1378 1279 1420 54⁴²*
1309 1374 1436 1417 generis
1466 1374 1627 1404 masculini
1656 1374 1849 1413 suppleatur.
1903 1372 1946 1402 Ut

154 1446 262 1472 autem
289 1443 406 1471 montis
434 1441 702 1481 comparationem
730 1445 913 1479 exornaret,
942 1440 1101 1470 adiectiva
1130 1437 1214 1476 fil
1242 1443 1275 1468 et
1294 1434 1369 1483 5⁰³5
1395 1436 1521 1467 addidit.

947 1536 1152 1569 LXVII.

156 1603 296 1637 Dixit
318 1599 490 1637 Nan-fu·
512 1604 552 1637 l».
575 1603 797 1637 {Pausian
823 1604 863 1636 1».
887 1602 1081 1636 'ramim
1189 1602 1229 1634 fl».
1253 1600 1396 1634 'raim
1420 1599 1569 1633 Anah
1594 1599 1634 1632 h.
1657 1598 1946 1632 'l'sahlabah

480 1667 506 1690 e
531 1661 789 1699 poctarum
813 1657 972 1699 gentis
996 1658 1128 1690 Beer
1153 1656 1191 1689 h.
1216 1655 1385 1697 ”sajet
1408 1663 1629 1688 numero.

157 1723 224 1768 (lb
249 1722 381 1767 4320
486 1729 604 1760 Gentis
633 1731 713 1759 Beer
741 1731 770 1759 iu
798 1731 930 1770 regione
958 1730 1126 1760 Chorasan
1157 1728 1296 1766 optimus
1326 1730 1419 1765 poeta
1447 1730 1578 1756 mortem
1607 1726 1714 1755 fratris
1749 1726 1799 1754 sui
1838 1724 1949 1754 lhtban

157 1791 311 1830 deplorat.
366 1792 464 1821 Poeta
490 1796 631 1830 tempore
660 1792 897 1831 Omajjadarum
926 1796 980 1821 aut
1007 1792 1265 1821 Ahbbasidarum
1295 1792 1420 1821 vixisse
1451 1796 1546 1830 puto,
1582 1800 1674 1829 quum
1702 1799 1784 1830 gens
1812 1790 1894 1818 Beer
1921 1789 1948 1817 b.

158 1853 269 1893 Wajel
296 1854 326 1883 in
352 1857 436 1884 terra
465 1854 631 1884 Chorasan
660 1854 757 1884 sedes
788 1854 940 1884 habuisse
979 1854 1137 1887 videatur,
1199 1854 1400 1884 Scholiastes
1437 1864 1550 1884 nomen
1586 1853 1698 1883 Nabar
1730 1852 1948 1891 explicaturus

159 1924 288 1945 versum
315 1916 440 1956 adtulit,
468 1917 497 1946 iu
525 1926 587 1956 quo
618 1917 748 1956 pluralis
776 1918 825 1960 λῆμ’
861 1916 1018 1945 invenitur
1047 1916 1157 1954 (metr.
1186 1918 1346 1957 Re(ljes):
1382 1917 1543 1947 Intrita
1584 1916 1722 1945 noctis
1759 1920 1950 1954 ternpore

160 1981 199 2006 et
228 1977 381 2008 intrita
407 1978 489 2008 diei
518 1984 712 2018 tempore.
766 1978 914 2019 Regulae
941 1984 1049 2008 autem
1084 1982 1275 2020 convenire,
1312 1979 1464 2019 pluralem
1502 1979 1590 2008 vocis
1617 1978 1681 2023 )l..g-i
1715 1988 1776 2007 non
1810 1978 1949 2014 formari,

159 2049 252 2078 quum
281 2041 456 2072 nominibus
492 2043 626 2072 aetionis
664 2052 701 2072 ea
738 2044 768 2072 in
805 2052 838 2071 re
875 2042 987 2072 similis
1015 2042 1066 2071 sit.
1121 2041 1262 2071 Eandem
1290 2042 1442 2071 rationem
1476 2041 1548 2069 voci
1575 2038 1630 2078 &25
1658 2050 1757 2070 seusu
1784 2041 1951 2080 oppositae

159 2110 244 2132 esse.
298 2102 402 2131 Huius
432 2104 523 2132 vocis
551 2103 675 2133 dualem
705 2104 734 2132 in
761 2104 868 2132 verbis
896 2109 1011 2142 poetae
1038 2105 1172 2134 inveniri
1200 2105 1407 2144 sequentibus
1435 2104 1541 2141 (metr.
1570 2104 1700 2142 Sarih):
1736 2105 1822 2144 Ego
1850 2113 1948 2143 quo-

161 2164 410 2204 tiescunque
449 2175 526 2195 nox
561 2166 717 2204 duplex
755 2170 819 2195 est
857 2170 897 2195 et
935 2175 1064 2206 agaso
1103 2167 1359 2197 camelorum
1399 2167 1598 2205 (canens)
1635 2166 1735 2197 duas
1775 2167 1949 2207 linguas

160 2226 199 2255 in
227 2236 293 2256 ore
321 2228 398 2257 huc
423 2227 531 2256 illuc
558 2234 712 2257 versat
739 2233 771 2258 et
800 2233 936 2269 poetam,
965 2228 1047 2267 quod
1074 2239 1140 2258 rem
1171 2235 1267 2259 totam
1294 2229 1324 2257 in
1352 2233 1473 2267 partem
1506 2228 1711 2268 transferret,
1738 2228 1861 2258 dualem
1892 2231 1951 2260 ad-

159 2287 296 2317 hibuisse
325 2288 435 2328 modo,
475 2298 537 2328 quo
565 2298 666 2329 genus
701 2290 730 2318 in
760 2290 901 2328 speciem
938 2291 1165 2321 transferretur
1197 2292 1227 2320 in
1265 2291 1374 2321 verbis
1402 2288 1514 2335 &nh-3
1540 2292 1620 2322 οὐ
1655 2290 1796 2320 »duabus
1829 2292 1950 2322 vicibus

159 2351 271 2380 steti«.
299 2351 453 2380 Maiorem
481 2357 586 2380 tamen
614 2351 890 2391 grammaticorum
917 2355 1051 2393 partem,
1079 2362 1193 2383 vocem
1211 2352 1276 2400 st&
1301 2354 1453 2393 pluralem
1468 2354 1598 2394 habere7
1616 2362 1766 2398 negasse.
1795 2354 1828 2382 In
1842 2355 1949 2384 verbis

161 2412 278 2442 Corani
306 2410 393 2455 (Sur.
410 2412 468 2453 37,
487 2413 622 2451 137.)«.
651 2413 720 2443 Vos
747 2414 892 2443 transitis
922 2413 961 2443 ad
988 2425 1045 2444 eos
1067 2420 1210 2455 tempore
1230 2416 1384 2445 matutino
1405 2421 1438 2445 et
1457 2425 1513 2454 per
1531 2419 1688 2453 noctem«,
1716 2424 1830 2444 nornen
1850 2416 1948 2446 totius

160 2477 189 2504 in
218 2479 337 2515 partem
365 2477 550 2506 translatum
581 2486 676 2517 esse,
715 2487 809 2516 quum
839 2478 908 2507 fieri
937 2487 998 2506 non
1029 2477 1152 2517 possit,
1193 2481 1224 2507 ut
1258 2487 1314 2516 per
1347 2482 1444 2506 totam
1480 2482 1625 2513 noctem,
1661 2485 1740 2514 quae
1777 2479 1948 2517 cogitetur,

161 2543 336 2568 transeant.
396 2540 652 2578 metaphoricum
687 2550 763 2570 esse
796 2540 942 2580 loquendi
980 2540 1115 2569 modum.
1179 2540 1259 2570 Cum
1300 2550 1383 2570 voce
1415 2539 1472 2584 ‚kg-'²
1500 2545 1531 2569 et
1558 2535 1613 2575 M
1649 2538 1797 2579 coniungi
1830 2538 1949 2570 formas

160 2600 366 2639 comparativi
392 2598 453 2643 5455
482 2606 514 2630 et
541 2598 628 2638 3235.
682 2600 930 2632 Grammaticum
967 2586 1154 2637 Sibawaihs
1178 2601 1307 2643 dixisse,
1346 2603 1374 2632 in
1413 2611 1473 2631 usu
1507 2609 1621 2630 vocum
1657 2599 1715 2644 ,kg-i
1743 2604 1775 2629 et
1800 2598 1855 2637 M
1884 2610 1949 2631 rem
