2155 2892
891 123 1161 154 —510—

138 227 172 254 2.
223 226 277 253 Vir
301 226 381 252 enim
404 225 458 255 est,
485 223 540 260 qni
560 220 639 249 lacle
661 229 742 257 puro
765 224 916 258 tanquam
939 222 1088 249 interiore
1111 223 1250 258 corporis
1274 220 1454 247 vestimento
1478 220 1581 248 ulitur
1604 223 1635 248 et
1657 220 1807 258 hospitem
1829 223 1935 260 gladio

901 274 1012 302 educto
1044 277 1173 312 excipit.

240 345 318 375 Viro
346 344 508 384 perfidiam
540 348 650 374 contra
676 342 818 373 viatores
849 343 967 383 obiicit,
997 348 1031 372 ut
1058 353 1138 374 unus
1169 345 1261 375 alteri
1288 345 1469 375 cautionem
1499 345 1714 387 commendet,
1733 347 1759 375 si
1779 347 1847 377 eius
1875 347 1934 378 ha·

143 407 278 437 bitaculo
307 407 501 445 propinquus
532 405 584 436 sit.
637 405 804 443 Locorum,
832 415 914 445 quae
943 407 1212 447 commemoravit,
1240 408 1351 438 notitia
1379 409 1451 438 mihi
1479 418 1539 437 non
1569 414 1631 438 est.
1697 409 1731 437 In
1758 409 1934 447 posteriore

143 479 240 500 versu
267 469 413 509 gulosum
442 477 512 498 eum
541 478 616 498 esse
645 468 730 506 dicit,
758 473 792 498 nt
819 468 903 498 lacte
930 478 1009 507 puro
1037 478 1074 498 se
1113 469 1301 511 ingurgitet.
1356 470 1431 500 Vox
1465 468 1577 521 &ipah
1614 480 1708 510 quum
1744 470 1794 500 lac
1825 480 1937 510 purum

142 531 316 573 significet,
344 533 417 561 voci
443 527 569 570 Qasxll,
598 530 648 560 cui
676 531 787 561 eadem
819 532 911 561 lactis
944 530 1027 560 haud
1054 531 1143 561 mixti
1170 530 1360 571 significatio
1388 536 1451 571 est,
1467 531 1507 561 nil
1523 534 1598 561 novi
1612 532 1651 561 ea
1669 530 1778 561 addita
1801 531 1935 570 accedit,

143 598 176 624 ut
204 594 326 623 nonnisi
355 593 579 634 significationi
607 593 842 624 confirmandae
870 594 1035 623 inserviat.
1064 594 1130 623 Lac
1161 594 1218 623 sibi
1250 594 1356 623 facere
1383 593 1563 624 interiorem
1592 599 1730 634 vestem,
1759 593 1834 623 dicit
1867 594 1938 634 sig-

143 658 427 697 nificaturus‚eum
456 656 541 686 lacte
566 661 713 685 ventrem
741 656 865 685 omnino
894 655 1034 694 explere.
1069 655 1124 684 Sic
1150 658 1252 684 antem
1280 653 1392 691 efficit,
1422 659 1455 684 ut
1482 656 1523 684 nil
1551 655 1609 684 nisi
1637 654 1778 695 gladium
1808 654 1934 693 habeat,

141 729 202 759 quo
230 719 388 758 hospitem
416 718 554 757 excipiat
575 719 595 747 i.
625 727 655 746 e.
681 727 752 747 eum
779 716 885 757 gladio
913 716 1076 746 invadere.
1105 717 1194 746 Loco
1224 717 1315 746 vocis
1345 714 1427 760 8..)λέ
1454 717 1483 746 in
1510 717 1667 747 Mersukii
1696 717 1805 746 codice
1841 715 1937 756 luxae·

145 779 333 812 Indicum
360 781 489 821 legitur,
517 790 599 819 quae
627 789 692 810 vox
720 781 748 809 in
776 780 921 820 margine
949 779 1069 810 codicis
1096 780 1231 810 Tebrisii
1259 781 1378 819 scripta
1405 783 1466 809 est.
1501 779 1621 809 Similis
1649 778 1797 817 loquendi
1823 778 1935 808 modus

143 846 172 874 in
203 848 316 883 poetae
351 843 624 883 Abu-WVadjrah
659 852 757 873 versu
785 843 946 872 invenitur
973 844 1081 882 (metr.
1111 842 1261 882 BasithJ:
1294 844 1392 887 025³?-
1431 840 1523 887 54qu
1551 842 1600 887 ρξε’
1619 842 1684 884 k353
1709 836 1729 868 ὅ
1755 839 1842 883 ύλᾲοζᾶῐ
1870 837 1936 868 όῖὀ

143 896 245 942 ἳοοᾼὶ
272 903 361 949 ἐὶῡὶίϊ
391 914 503 951 ρας-ιω.
531 907 612 936 Illa
638 905 939 946 hospitalitas,
965 915 1038 934 non
1065 905 1354 944 hospitalitas
1385 904 1555 946 gentis,
1583 913 1700 943 quam
1727 902 1935 941 hospitem

143 979 260 1000 sunm
289 967 499 1012 (scuticis)
528 972 688 1000 contort
716 978 754 1010 s,
782 968 916 998 novis
944 970 1228 1007 excipientem
1256 968 1353 998 vidi.

962 1124 1113 1157 Lxll.

893 1190 1036 1224 Alius
1059 1189 1192 1222 dixit.

141 1258 168 1286 1.
220 1257 333 1286 lf'ilitas
359 1259 391 1286 in
413 1257 514 1286 media
535 1260 629 1294 yeule
651 1258 747 1287 Banu
761 1275 777 1282 -
792 1259 889 1296 Rijah
916 1261 1087 1287 iumentum
1119 1268 1211 1287 sunm
1232 1259 1436 1296 procumbere
1457 1259 1553 1287 iussit
1574 1260 1604 1286 et
1626 1260 1701 1291 tum,
1724 1266 1759 1285 se
1780 1257 1852 1285 inde
1874 1265 1937 1285 non

815 1313 1012 1349 prodiluram
1036 1322 1114 1347 esse,
1139 1314 1262 1341 iuravit.

243 1380 406 1410 Vilitatem
436 1388 603 1418 personam
633 1380 690 1409 iter
719 1379 864 1410 facientis
893 1390 1009 1421 gerere
1038 1380 1141 1421 fingit,
1169 1389 1250 1419 quae
1275 1381 1399 1410 camelo
1426 1380 1551 1410 vehens
1580 1379 1712 1411 advenit
1731 1384 1762 1410 et
1781 1380 1810 1409 in
1840 1385 1938 1420 gente

144 1442 332 1473 domicilium
360 1442 505 1472 collocat.
533 1442 576 1472 Ut
606 1442 665 1472 iter
693 1442 824 1483 faciens,
852 1443 876 1473 si
907 1442 991 1482 apud
1020 1442 1153 1481 aliquem
1181 1443 1352 1473 devertere
1380 1443 1462 1484 vult,
1489 1444 1640 1473 carnelum
1667 1444 1697 1473 in
1724 1453 1831 1483 genua
1858 1453 1935 1482 pro-

140 1507 289 1537 cumbere
315 1507 412 1545 iubet,
427 1511 462 1536 ut
489 1506 674 1543 descendat,
692 1506 737 1536 sic
764 1507 917 1537 vilitatem
939 1509 1090 1546 agentem
1119 1504 1278 1535 describit.
1305 1505 1348 1535 Ut
1375 1510 1478 1535 autem
1494 1505 1534 1534 ibi
1563 1506 1741 1534 continuam
1761 1505 1932 1535 stationem

143 1578 211 1598 eam
238 1568 355 1598 habere
381 1568 508 1609 indicet,
538 1578 606 1598 eam
634 1569 738 1598 iurare
766 1568 849 1598 dicit.
880 1568 980 1598 Vocis
995 1561 1047 1620 Zbl
1065 1567 1194 1606 primam
1222 1566 1354 1596 formam
1373 1566 1523 1596 usitatam
1550 1575 1611 1595 non
1635 1575 1723 1607 esse,
1744 1566 1937 1597 scholiastes

141 1629 233 1669 dicit,
273 1630 388 1668 quippe
425 1639 464 1659 ex
492 1639 603 1660 vocum
632 1639 763 1659 numero
791 1630 844 1669 sit,
872 1630 962 1659 cuins
990 1629 1094 1658 vicem
1123 1629 1203 1658 aliae
1232 1637 1332 1657 voces
1365 1627 1530 1667 expleant3
1569 1627 1627 1657 sed
1657 1628 1687 1656 in
1716 1626 1837 1657 scholio
1867 1636 1937 1657 cum

143 1693 311 1722 Mersukio
339 1695 414 1735 ²⁵5³>ss
441 1694 497 1720 aas:
523 1691 638 1732 &unx-wi
665 1690 688 1720 la
716 1691 883 1731 legendum
910 1695 998 1730 puto.
1051 1689 1160 1719 Verba
1188 1701 1249 1733 μβ
1276 1687 1295 1717 3
1322 1693 1397 1719 sunt
1424 1698 1481 1727 pro
1510 1701 1573 1734 μβ
1599 1685 1619 1717 Ἃ
1641 1687 1679 1734 Οἱ
1699 1689 1751 1730 &⁸²
1777 1694 1809 1720 et
1839 1689 1938 1720 iuris-

143 1755 263 1785 iurandi
292 1763 446 1793 responso
474 1754 653 1784 inserviunt
681 1753 810 1794 (Gram.
840 1753 895 1782 Ar.
925 1753 961 1781 Τ.
989 1753 1018 1781 II
1045 1762 1076 1791 p.
1109 1751 1220 1791 612).

141 1853 173 1880 2.
216 1850 271 1880 Sic
294 1852 395 1879 omnis
416 1852 524 1885 viator,
549 1852 796 1888 quotiescunque
817 1850 859 1878 ad
875 1852 970 1888 finem
989 1851 1140 1886 pervenit,
1166 1849 1318 1877 subsistit.

256 1919 384 1959 Fingit,
422 1919 575 1948 vilitatem
616 1922 764 1959 tanquam
801 1927 931 1957 scopum
959 1918 1098 1958 itineris,
1136 1918 1187 1947 ubi
1217 1917 1383 1958 subsistat,
1411 1916 1493 1947 illam
1522 1919 1652 1957 gentem
1678 1914 1737 1944 sibi
1778 1914 1934 1956 elegisse.

142 1981 243 2011 Poeta
268 1981 435 2010 Albohtori
463 1981 493 2010 in
520 1981 613 2011 laude
641 1981 722 2011 huno
749 1991 882 2011 versum
909 1981 1050 2011 imitatus
1080 1983 1130 2010 est
1157 1979 1265 2018 (metr.
1288 1979 1439 2019 Camel):
1475 1980 1622 2009 Nonne
1649 1977 1809 2007 vidisti
1851 1977 1938 2018 glo-

141 2042 237 2072 riam
264 2043 415 2072 sellam
442 2051 562 2073 suam
592 2043 833 2081 proiecisse
859 2045 901 2073 in
927 2041 1314 2084 genteThalhahet
1336 2044 1416 2071 tum
1436 2040 1533 2071 inde
1556 2049 1634 2069 non
1661 2035 1937 2070 secessisse?

951 2181 1134 2215 LXIII.

893 2246 1035 2280 Alius
1059 2246 1197 2281 dixit.

142 2313 169 2341 1.
215 2312 317 2349 Quum
339 2313 452 2342 mulier
473 2323 490 2341 e
508 2317 601 2350 ⁸‹Jenle
624 2315 708 2343 Beer
726 2324 859 2351 puerum
880 2318 1011 2352 peperit,
1037 2325 1054 2344 o
1078 2326 1171 2354 quam
1193 2316 1261 2345 vilis
1283 2319 1342 2346 iste
1363 2327 1444 2355 puer
1467 2318 1538 2348 est!

256 2381 393 2412 Gentem
421 2382 504 2412 Beer
531 2382 717 2424 perstringit
754 2382 882 2423 dicens,
910 2393 1053 2423 omnem,
1082 2394 1173 2424 quem
1201 2385 1318 2416 femina
1345 2387 1452 2427 gentis
1480 2387 1573 2417 istius
1601 2397 1732 2427 puerum
1760 2386 1856 2416 enixa
1881 2386 1933 2424 sir,

141 2444 235 2473 vilem
262 2453 348 2473 esse.
402 2444 527 2473 Arabes
555 2454 625 2475 cum
653 2446 829 2476 invocando
855 2455 988 2475 sensum
1015 2445 1187 2476 admirandi
1218 2447 1423 2488 coniungere,
1439 2448 1632 2479 scholiastes
1658 2451 1813 2487 sequente
1832 2457 1931 2477 versu

141 2507 254 2546 probat
282 2507 391 2545 (metr.
418 2507 583 2547 Tliawil):
622 2508 648 2538 Ο
676 2503 870 2548 poetam!
909 2507 1034 2538 hodie
1075 2510 1109 2538 ei
1136 2509 1310 2539 similis
1337 2515 1467 2549 poeta
1493 2519 1571 2539 non
1599 2514 1678 2550 est,
1702 2509 1928 2549 Djerirus3

142 2568 276 2598 sedin
303 2573 432 2609 gente
460 2568 610 2599 Colaib
637 2570 854 2600 humilitas
881 2574 968 2600 est.
