2155 2892
886 125 1134 155 -77-

159 227 249 257 Haeo
276 231 382 256 autem
410 226 507 256 verba
533 225 662 264 addidit,
689 229 723 254 ut
750 224 979 254 necessitatem
999 223 1237 264 hospitalitatis,
1263 232 1357 261 quum
1385 223 1492 252 cameli
1519 231 1721 262 summopere
1749 221 1871 262 fatigati
1891 221 1944 251 via

159 300 294 331 pergere
322 299 382 319 non
411 294 555 329 possent,
581 287 778 318 ostenderet.
807 286 951 327 Ungulas
980 287 1084 316 laesus
1113 286 1267 316 habentes
1295 286 1436 315 camelos
1463 287 1647 325 appellavit,
1676 291 1709 315 ut.
1738 295 1853 326 magna
1880 285 1943 314 dis-

1352 337 1359 359 S

159 352 317 393 {initiaque
346 354 458 382 itinera
477 351 579 381 fuisse
597 349 759 378 indicaret.
789 349 865 379 Post
892 350 1023 380 verbum
1036 355 1109 390 „9³43
1128 350 1283 379 obiectum
1297 347 1373 394 35&
1390 352 1441 378 aut
1455 348 1553 378 sitnile
1572 349 1644 387 qnid
1661 348 1867 387 supplendum
1881 353 1943 378 est.

157 451 189 479 2.
214 449 240 479 O
264 448 399 479 Aludda!
418 451 447 476 te.
469 449 589 475 mortuo
612 447 644 474 in
670 448 730 474 rita
753 446 842 474 nulla
866 447 1009 483 voluptas
1031 450 1079 475 est
1099 449 1129 475 et
1153 448 1251 474 amico
1274 446 1310 474 ob
1332 447 1466 474 tunicum
1490 444 1611 472 mellum
1634 446 1794 481 ynudimn.

257 517 426 548 Maximam
453 524 488 546 se
515 516 663 545 iacturam
680 525 808 554 passum
830 526 906 545 esse
926 515 1039 546 indicat
1057 525 1107 553 co,
1135 515 1219 555 quod
1236 514 1323 551 dicit,
1353 524 1473 544 omnem
1495 514 1693 553 voluptatem
1723 508 1786 549 (p.
1810 508 1944 549 403.)

158 589 175 610 e
201 579 268 610 vitu
294 577 466 608 evanuisse
494 581 669 616 tantopere,
699 582 729 606 ut
757 577 876 606 amicus
904 580 1005 607 arnico
1033 587 1093 606 non
1115 578 1248 616 amplius
1269 576 1409 617 gandeat
1476 575 1648 606 Poste-riori
1670 575 1749 613 parti
1777 575 1804 603 si
1826 584 1943 603 sensus

157 646 262 671 rectus
289 641 384 679 inest,
413 643 505 679 poeta
533 639 573 668 nil
599 638 783 679 significare
811 644 932 680 potest,
961 641 1019 669 nisi
1047 639 1141 680 qnod,
1168 649 1260 679 quum
1289 639 1360 668 talis
1391 644 1561 678 tantusque
1590 639 1638 667 vir
1666 642 1766 667 morte
1794 638 1943 676 abreptus

158 703 209 740 sit,
235 702 362 742 quilibet
389 702 521 741 amicuS,
550 711 588 730 ue
617 702 717 732 amico
746 705 845 732 morte
873 703 1027 744 privetur,
1056 705 1171 733 timeat.

156 799 191 829 3.
214 797 241 828 O
263 798 400 828 Aludda!
423 798 560 828 Tristitia
582 808 650 827 mea
671 799 706 826 ob
729 802 757 827 te
779 799 856 828 let-fs
878 802 1003 828 nonest
1023 803 1053 828 et
1065 801 1228 836 patientia,
1253 800 1284 827 si
1301 799 1379 827 milti
1396 801 1596 835 contittqeret.
1621 798 1758 835 pulchra
1779 806 1840 826 mm
1853 801 1942 825 esset.

258 868 378 908 Magno
405 868 500 908 igitur
528 877 670 898 moerore
696 877 734 897 se
761 868 872 898 confici
900 874 932 898 et
958 869 986 899 si
1014 870 1041 898 in
1070 873 1155 898 tanto
1192 868 1385 908 infortunio,
1425 867 1506 907 quod
1543 870 1683 907 reparari
1722 876 1782 896 non
1819 872 1944 906 posset,

159 930 272 960 solatio
300 929 471 965 frueretur,
504 930 563 959 hoc
589 929 670 959 levis
697 929 791 959 animi
818 929 910 959 laude
937 930 1066 970 dignum
1093 940 1153 960 non
1181 940 1267 960 esse.

953 1012 1160 1045 xxxn.

633 1078 772 1112 Idem
795 1079 965 1113 eodem
989 1081 1144 1113 metro
1170 1080 1310 1112 utens
1333 1079 1470 1113 dixit.

161 1148 189 1179 1.
216 1147 264 1178 Ac
286 1150 316 1177 sa·
336 1158 392 1186 eqo
414 1152 444 1177 et
465 1148 613 1178 Alalezlda
635 1151 725 1176 noctu
745 1149 882 1186 profecti
905 1158 966 1177 non
989 1151 1088 1177 simus
1111 1151 1141 1177 et
1162 1151 1330 1177 emaciatos
1354 1146 1550 1189 (camelos),
1581 1150 1693 1187 quibus
1721 1149 1833 1178 leniter
1860 1149 1944 1178 cele-

614 1204 751 1240 riterque
773 1203 938 1231 incedendi
958 1204 1068 1231 modus
1091 1206 1146 1237 est,
1173 1212 1234 1231 not!
1255 1203 1498 1240 propulerimus,

260 1271 367 1301 Morte
393 1275 536 1310 ereptum
564 1271 621 1300 sibi
646 1273 789 1311 amicum,
818 1280 949 1310 quocum
977 1277 1023 1301 tot
1051 1276 1198 1311 tantaque
1225 1272 1336 1302 itinera
1366 1272 1498 1313 fecerit,
1537 1273 1688 1311 queritur.
1744 1272 1945 1303 Consortium

163 1336 296 1366 omnium
324 1336 478 1366 sublatum
506 1344 594 1375 esse,
622 1336 712 1374 quasi
741 1336 857 1365 nullum
884 1335 942 1375 ipsi
970 1344 1039 1365 cum
1066 1344 1103 1364 eo
1131 1345 1266 1375 unquam
1294 1335 1422 1364 suisset.
1483 1336 1628 1365 Litterae
1654 1349 1690 1376 ὁ
1719 1336 1748 1365 in
1778 1345 1859 1364 voce
1885 1332 1945 1372 „35

161 1397 253 1428 metri
279 1406 379 1427 causa
407 1397 531 1426 vocalis
559 1396 633 1426 data
661 1401 719 1426 est.

161 1483 193 1512 2.
216 1480 383 1520 Sellas-que
405 1485 531 1510 nostras
553 1483 585 1509 in
607 1482 728 1510 deserto
751 1485 855 1511 terrae
878 1484 1013 1512 incultae
1036 1493 1096 1513 ηοη
1117 1486 1344 1521 proice-erimus
1365 1488 1396 1513 et
1415 1486 1548 1514 mediam
1571 1488 1691 1513 noctem
1722 1494 1784 1513 non
1806 1487 1946 1514 intrave-

716 1540 824 1573 rimus,
850 1539 973 1576 quando
997 1535 1061 1578 [ad
1078 1537 1193 1579 finem)
1216 1539 1397 1568 inclinabat.

261 1605 351 1644 Quae
377 1606 408 1636 in
434 1606 537 1646 priore
563 1615 662 1636 versu
689 1606 825 1647 dixerat,
853 1617 890 1636 ea
920 1608 949 1636 in
977 1607 1035 1637 hoc
1062 1612 1166 1649 magis
1195 1612 1375 1639 exornavit.
1438 1609 1539 1639 Poeta
1571 1618 1664 1648 quum
1692 1609 1722 1638 in
1752 1607 1947 1638 anteceden-

164 1668 248 1699 tibus
274 1677 388 1698 nomen
414 1668 525 1698 mortui
552 1669 622 1698 sine
647 1669 777 1700 articulo
804 1670 1015 1707 adhibuisset,
1043 1670 1072 1700 in
1101 1671 1159 1701 hoc
1187 1681 1282 1702 versu
1310 1680 1441 1701 causam
1469 1671 1592 1701 articuli
1620 1671 1761 1710 exponit.
1822 1670 1948 1698 Nomen

163 1731 284 1771 origine
311 1740 371 1760 sua
396 1730 597 1765 adiectivum,
626 1736 660 1761 ut
687 1721 791 1776 cys-*225
819 1733 941 1771 aliaque
969 1733 1094 1762 nomina
1120 1742 1207 1763 esse.
1260 1733 1430 1762 Adiectiva
1458 1733 1521 1772 illa,
1549 1742 1642 1772 quum
1670 1732 1791 1761 nomina
1808 1730 1947 1769 propria,

162 1794 221 1824 sua
247 1794 358 1823 natura
386 1792 526 1833 definita,
556 1793 644 1834 fiant>
671 1795 740 1823 sine
766 1795 898 1824 articulo
926 1795 1067 1825 adhiberi
1094 1805 1204 1834 posse,
1232 1804 1290 1824 nec
1314 1804 1375 1824 non
1399 1800 1530 1834 propter
1553 1794 1784 1824 adjectivorum
1804 1797 1948 1820 naturam

163 1864 230 1886 cum
256 1856 387 1886 articulo
415 1859 572 1898 coniungi.
625 1857 660 1885 Si
688 1857 817 1887 articulo
846 1858 1030 1888 destitutum
1058 1862 1107 1888 est
1133 1867 1256 1897 nomen,
1285 1858 1437 1887 adiectivi
1466 1856 1699 1898 significatione
1726 1855 1848 1884 abiecta
1867 1863 1948 1882 non-

164 1918 224 1947 nisi
249 1927 405 1957 personae
432 1928 450 1948 a
476 1919 611 1949 caeteris
639 1919 697 1948 hoe
725 1920 849 1949 nomine
876 1920 1119 1960 distinguendae
1147 1920 1300 1960 inservit>
1337 1921 1386 1949 sin
1414 1930 1492 1950 vero
1521 1919 1686 1949 articulum
1723 1918 1838 1958 habet,
1878 1926 1947 1946 cum

165 1979 286 2009 nomine
312 1979 460 2010 adiectivi
486 1980 681 2021 significatio
707 1981 872 2011 coniuncta
898 1987 960 2021 est,
989 1987 1021 2011 ut
1049 1983 1139 2021 quasi
1167 1982 1320 2021 duplicem
1347 1983 1408 2012 vim
1434 1982 1550 2012 lrabeat
1577 1987 1609 2011 et
1637 1981 1770 2011 indolem
1791 1988 1948 2020 personae

165 2046 313 2082 tanquam
343 2051 517 2083 cognomen
545 2043 636 2073 simul
672 2044 830 2085 designet.
891 2044 1089 2073 Scholiastes
1120 2044 1303 2085 adnotavit,
1340 2050 1467 2084 poetam
1504 2043 1543 2073 ad
1572 2053 1663 2073 usum
1690 2044 1816 2084 linguae
1843 2042 1949 2081 aptius

166 2103 271 2133 dicere
297 2104 440 2142 potuisse
464 2101 582 2150 Udo),
622 2108 692 2144 quia
720 2105 800 2135 duae
828 2106 928 2135 sellae
965 2105 1095 2135 duarum
1132 2115 1337 2144 personarum
1369 2105 1636 2146 significarentur.
1687 2106 1777 2135 Hunc
1803 2102 1949 2142 loquendi

165 2166 287 2196 modum
324 2167 353 2196 in
381 2166 506 2196 Corano
533 2168 605 2198 Sur.
635 2169 692 2208 66,
721 2179 752 2198 v.
782 2169 812 2198 4.
839 2178 915 2198 esse
945 2167 1072 2207 (Gram.
1102 2169 1158 2198 Ar.
1186 2169 1222 2197 T.
1250 2169 1287 2198 11.
1316 2178 1344 2207 p.
1378 2168 1444 2200 142
1473 2168 1550 2207 sq.).
1609 2168 1687 2196 Post
1723 2167 1854 2196 verbum
1891 2167 1948 2208 χορ

166 2228 376 2268 supplendum
403 2234 452 2258 est
480 2226 586 2258 Lanu-ila
612 2235 643 2260 et
670 2231 845 2260 subiectum
873 2231 961 2260 verbi
987 2236 1064 2269 ,μμ
1092 2241 1171 2261 nox
1198 2236 1262 2269 est,
1290 2231 1362 2261 dum
1389 2240 1455 2261 vox
1472 2238 1569 2267 φρ
1592 2229 1776 2259 adverbium
1798 2227 1949 2265 temporis

168 2296 229 2321 est.
281 2290 517 2322 Grammaticus
544 2292 770 2324 Abu-l'llasan
796 2294 995 2325 Alachfasch
1023 2304 1152 2324 versum
1180 2300 1369 2334 sequentem
1398 2294 1582 2332 adnotavit,
1619 2293 1648 2321 in
1675 2300 1735 2331 quo
1762 2300 1827 2319 vox
1855 2296 1951 2326 φρ

170 2355 293 2385 nonnisi
326 2355 461 2394 tempori
494 2355 656 2386 indicando
689 2357 844 2388 inserviat
871 2359 982 2397 (metr.
1010 2357 1154 2397 Muttito:
1195 2357 1298 2387 viro
1333 2355 1559 2386 consilium
1598 2359 1684 2392 est,
1723 2361 1798 2391 quo
1839 2351 1950 2380 vivit

170 2428 238 2459 per
264 2421 445 2458 spatium
473 2420 695 2460 temporis,
724 2430 801 2460 quo
827 2431 898 2461 pes
922 2430 1020 2451 crus
1059 2420 1183 2450 ducit.
1251 2420 1340 2448 Loco
1371 2420 1460 2447 vocis
1494 2420 1598 2456 &0⁵43
1633 2416 1664 2444 in
1698 2414 1854 2444 Mersnkii
1892 2422 1948 2443 co-

171 2481 241 2511 diee
265 2475 311 2520 gli
337 2486 397 2514 est,
447 2481 481 2510 In
506 2490 606 2511 versu
633 2486 745 2520 poetae
780 2483 878 2513 nostri
913 2492 979 2512 vox
1017 2482 1085 2511 loco
1123 2481 1301 2512 definiendo
1336 2481 1493 2510 inservire
1521 2484 1640 2518 potest,
1681 2482 1711 2508 ut
1738 2486 1854 2508 sensus
1887 2478 1949 2507 sit:

171 2545 201 2574 A
236 2546 290 2575 via
320 2543 522 2575 deflectimus
560 2550 592 2574 et
628 2545 678 2574 ubi
714 2555 776 2575 nox
809 2546 989 2585 inclinavit,
1027 2555 1098 2576 eum
1134 2554 1173 2575 ea
1206 2544 1436 2574 inclinavimus.
1499 2542 1533 2570 lu
1567 2541 1698 2571 'l'ebrisii
1733 2540 1843 2570 codice
1870 2539 1950 2569 alter

171 2606 294 2648 legendi
323 2606 432 2638 modus
457 2607 535 2645 Μ
561 2618 640 2653 ϋρ
668 2608 906 2648 superscriptus
934 2613 995 2638 est.
