2155 2892
895 164 1161 194 -519—

137 263 170 294 4.
194 262 247 292 Ad
262 271 355 300 quam
371 263 619 300 quotiescunque
637 261 825 289 necessitate
837 263 966 289 coactus
979 260 1125 288 aditurus
1141 261 1233 297 venit,
1247 259 1367 296 duplici
1378 261 1432 288 sili
1444 260 1589 297 adseclas
1601 261 1689 289 redit.
1715 257 1923 300 (lt-(380.)

234 332 359 372 Aquam
389 333 486 361 istam
513 340 575 360 non
601 335 662 360 tam
690 329 831 359 inutilem
860 338 936 358 esse
963 329 1122 366 describit,
1149 337 1241 367 quam
1269 334 1447 359 nocentem.
1511 329 1620 369 Fingit
1647 334 1700 360 aut
1735 340 1836 369 aquae
1863 329 1923 359 ad-

131 400 260 436 spectu,
287 405 381 436 quam
409 395 516 424 bibere
543 402 603 423 non
631 392 746 432 possit,
774 392 854 422 sitim
882 393 994 432 angeri
1021 395 1075 422 aut
1102 391 1183 430 aqua
1209 391 1297 420 salsa
1317 396 1349 420 et
1369 391 1532 431 corrupta,
1551 387 1642 430 quam
1663 392 1770 421 bibere
1791 396 1922 422 coactus

130 462 232 487 esset.
286 456 378 495 Quod
407 461 501 497 poeta
530 459 604 495 post
631 463 742 484 vocem
769 453 832 491 sk?-
862 454 1131 494 praepositionem
1159 461 1227 482 cuin
1254 451 1372 481 suffixo
1401 452 1526 490 omisit,
1562 451 1592 480 id
1619 452 1774 491 quandam
1801 452 1922 493 legenti

131 520 307 549 molestiam
333 524 432 556 creat,
459 518 574 557 quippe
601 527 696 558 quum
725 517 980 556 praepositiones
1009 516 1114 555 plures
1142 514 1280 554 suppleri
1309 515 1445 554 possint,
1475 521 1508 546 ut
1535 526 1653 546 seusus
1681 517 1848 556 ambiguus
1868 515 1924 545 fiat

131 581 240 611 conl.
258 580 368 612 Gram.
386 579 663 619 Ar.'1'.11p.347
679 589 725 618 sq.
757 579 958 608 Scholiastes
984 578 1071 618 dicit,
1099 587 1118 607 a
1144 583 1238 617 poeta
1266 586 1381 607 vocem
1407 576 1475 614 ⁵242:
1504 581 1656 608 omissam
1684 588 1771 615 esse,
1800 580 1860 616 ita,
1889 583 1923 609 ut

131 643 263 683 primum
296 643 588 683 praepositionem,
630 648 693 672 tum
730 642 883 672 suffixum
918 642 946 671 in
982 642 1089 681 phrasi
1123 643 1291 671 coniuncta
1327 638 1424 678 (ii-Lm)
1459 640 1618 669 abiecerit.
1686 641 1719 669 ln
1748 649 1829 669 voce
1857 639 1922 676 at?

131 713 267 747 quatuor
294 716 346 737 res
375 707 561 736 coniunctas
590 706 734 746 inveniri,
762 715 876 735 vocem
904 707 1103 735 coniunctam
1129 698 1278 746 (dy-23⁴0),
1307 702 1454 739 verbum,
1482 701 1656 731 subiectum
1697 704 1727 730 et
1758 702 1920 731 obiectum.

132 767 194 806 Qui
221 772 326 799 autem
355 768 624 808 praepositionem
651 777 720 798 cum
747 768 867 797 suffixo
894 767 922 796 in
949 766 1053 806 phrasi
1081 765 1251 795 coniuncta
1280 764 1381 804 amici,
1410 763 1525 793 licitum
1555 762 1667 801 habet,
1703 762 1730 792 ei
1765 772 1827 792 rem
1861 773 1923 793 non

131 834 194 860 tam
218 830 313 870 longe
341 828 546 868 repetendam
571 838 654 859 esse.
708 829 904 868 Ebu-Djinni
933 829 1160 870 grammaticus
1188 826 1277 867 dixit,
1306 827 1368 856 hoc
1395 826 1424 855 in
1453 826 1522 855 loco
1550 834 1661 855 vocem
1688 813 1784 864 &⁸5³³
1813 825 1922 855 eodem

132 892 243 933 modo,
285 902 346 932 quo
382 902 493 922 vocem
523 890 562 930 la,
590 902 608 922 a
634 893 852 933 grammaticis
886 895 1013 936 &2290-«202
1042 889 1066 919 Lo
1092 890 1284 930 appellatam
1315 888 1426 920 conf.
1455 889 1566 919 Gram.
1597 890 1653 919 Ar.
1682 889 1718 918 Τ.
1750 890 1762 918 1
1791 899 1820 928 p.
1851 890 1918 919 541

133 963 204 985 cum
229 959 386 994 sequente
414 954 512 984 verbo
541 954 640 985 locum
669 955 803 984 nominis
831 955 967 985 actionis
997 963 1152 993 occupare
1180 962 1298 994 posse,
1338 957 1372 982 ut
1400 961 1573 992 pronomen
1599 952 1638 982 ad
1667 952 1767 991 ipsam
1796 951 1921 982 rediens

134 1014 226 1045 desit.
251 1015 307 1046 Sic
334 1016 436 1046 locum
465 1015 583 1046 Corani
610 1015 684 1045 Sur.
714 1015 771 1054 42,
799 1015 845 1045 22
873 1015 1006 1045 inveniri
1032 1015 1116 1045 dicit.

135 1113 167 1143 5.
190 1112 246 1143 Sit
268 1111 374 1150 Mana
396 1114 428 1141 in
452 1113 589 1142 restibus
611 1116 671 1149 est,
693 1122 788 1152 quum
810 1114 950 1150 adparet,
975 1122 1048 1141 nam
1070 1116 1171 1142 vestes
1193 1115 1262 1142 eius
1283 1113 1437 1141 dedecora
1459 1111 1630 1141 occultant.

135 1180 169 1209 6.
192 1180 238 1209 ΕΙ
258 1182 288 1208 si
311 1179 472 1209 leilano
495 1182 608 1208 misero
631 1180 800 1218 aliqnando
823 1181 908 1208 mula
931 1180 1141 1217 adparuisset,
1162 1181 1303 1218 profecto
1327 1188 1389 1207 non
1411 1180 1566 1207 dixisset:
1590 1179 1678 1207 Haec
1700 1178 1778 1206 milli
1798 1181 1882 1206 sunl.

237 1248 517 1288 Comparationem
543 1250 573 1279 in
601 1250 762 1279 mulierem
791 1252 822 1279 et
851 1254 977 1288 poetam
1005 1248 1276 1278 Dsu-l‘Rommah
1303 1248 1447 1287 adplicat.
1477 1248 1627 1287 Corporis
1656 1253 1762 1286 partes
1789 1246 1924 1276 feminae

136 1316 199 1341 tam
228 1310 339 1340 foedas
362 1320 450 1351 esse,
480 1315 524 1349 ut,
554 1312 582 1341 si
611 1317 706 1352 poeta
731 1312 848 1342 nudum
875 1321 943 1342 eam
971 1314 1210 1350 conspexisset,
1238 1311 1448 1341 abhorruerit.
1501 1310 1664 1340 Posterior
1682 1314 1786 1340 autem
1805 1317 1925 1338 versus

134 1372 209 1402 mihi
236 1373 433 1412 potissimum
461 1383 559 1403 causa
587 1374 689 1404 fuisse
717 1374 854 1414 videtur,
883 1384 939 1404 cur
968 1383 1086 1403 versus
1118 1378 1233 1413 poetae
1265 1373 1539 1403 Dsu-1·Rommah
1570 1382 1632 1402 non
1660 1371 1924 1410 adiudicaverint,

137 1443 208 1464 nam
236 1438 331 1473 poeta
358 1434 629 1465 Dsu-l'Rommah
655 1445 692 1466 se
718 1439 867 1466 miserum
897 1435 1087 1467 Ghailanum
1115 1435 1332 1475 adpellaturus
1359 1444 1420 1464 nou
1449 1434 1578 1464 fuisset.
1639 1434 1727 1463 Loco
1755 1434 1926 1463 verborum

137 1504 178 1545 tex
208 1506 237 1536 ll>
264 1508 379 1548 legitur
407 1518 533 1549 quoque
561 1498 631 1540 uti.
687 1510 778 1548 Quae
805 1520 872 1540 vox
898 1511 923 1541 si
951 1520 970 1540 a
997 1510 1096 1540 verbo
1123 1507 1157 1538 §Sl
1197 1510 1377 1547 derivatur,
1414 1509 1511 1539 statui
1539 1507 1749 1538 describendo
1777 1507 1924 1547 inservit,

137 1575 172 1601 ut
199 1580 317 1600 sensus
345 1571 404 1600 sit:
433 1570 595 1610 profecto!
623 1581 684 1601 nou
712 1572 860 1613 dixisset,
889 1571 961 1602 dum
988 1582 1026 1602 se
1054 1572 1211 1602 retinebat
1238 1571 1258 1600 i.
1286 1581 1314 1600 e.
1342 1571 1510 1610 poenitens
1538 1580 1640 1600 rerum
1670 1569 1925 1609 praeteritarum.

138 1645 202 1675 Alii
229 1646 352 1684 volunt,
378 1654 493 1675 vocem
521 1635 586 1683 '2453‘
600 1655 676 1676 esse
702 1656 758 1686 pro
787 1643 865 1687 [ῥ-,Α
895 1647 988 1677 »dum
1017 1647 1160 1676 iurabat«
1189 1655 1304 1685 nempe
1330 1655 1400 1676 eam
1427 1645 1592 1685 pulchram
1619 1653 1706 1673 esse.
1759 1643 1841 1673 Sunt
1867 1641 1927 1671 de-

138 1719 243 1760 nique,
273 1720 327 1759 qui
347 1707 573 1758 Tparticulam
601 1720 736 1751 dolentis
764 1730 820 1761 pro
847 1710 877 1750 εἶ
898 1730 975 1751 esse
1001 1721 1205 1759 contendant,
1234 1725 1269 1751 ut
1295 1720 1435 1750 dolorem
1463 1720 1581 1750 amoris
1607 1719 1655 1748 sui
1685 1717 1884 1758 patefacerit.

138 1816 170 1845 7.
193 1815 459 1853 Quemadmodum
480 1820 573 1845 aulea
595 1817 741 1856 diaeeral7·
771 1819 829 1847 sed
849 1819 892 1847 ad
913 1818 1025 1854 aliam,
1059 1828 1151 1856 qaam
1175 1817 1312 1855 ,vlajjam
1342 1828 1411 1847 eum
1435 1817 1605 1854 repulisset
1626 1820 1682 1846 ant
1702 1826 1737 1845 se
1759 1817 1929 1845 consolans

861 1874 986 1900 omm'mt
1011 1873 1226 1902 abstinmsset.

240 1939 362 1969 Initium
387 1948 506 1968 versus
533 1948 602 1969 cum
630 1939 693 1969 fine
720 1949 838 1969 versus
869 1939 983 1978 prioris
1012 1936 1050 1974 5&
1074 1937 1115 1970 L.)
1137 1939 1291 1969 cohaeret
1315 1939 1334 1968 i.
1356 1949 1384 1970 e.
1412 1940 1439 1968 si
1467 1942 1537 1969 eius
1565 1939 1680 1970 nudum
1709 1948 1821 1978 corpus
1849 1948 1929 1969 con-

140 2001 317 2039 spexisset,
346 2011 407 2031 non
436 2002 510 2031 talia
540 2002 649 2039 verba,
675 2002 779 2040 qualia
805 2006 911 2042 autea,
940 2001 1124 2040 prolaturus
1152 2003 1251 2037 esset,
1279 1999 1335 2029 sed
1362 2004 1417 2029 aut
1444 2000 1482 2030 ad
1510 2001 1602 2030 aliam
1625 2001 1770 2030 seminam
1793 2009 1828 2030 se
1848 2009 1929 2030 con-

139 2062 259 2092 laturus
286 2068 342 2093 aut
369 2064 548 2094 mulieribus
575 2064 777 2094 abstenturus
804 2068 905 2095 esset.
959 2064 1039 2094 Pars
1066 2063 1180 2093 scholii
1207 2062 1247 2092 ad
1273 2063 1375 2093 verba
1402 2064 1516 2103 prioris
1543 2072 1661 2093 versus
1689 2066 1821 2102 spectat.

951 2172 1124 2205 Lxxv.

731 2237 1184 2279 Abu-I'Ahtahijah
1208 2236 1341 2270 dixit.

244 2307 344 2337 Poeta
372 2316 452 2337 auno
485 2307 550 2338 130
579 2310 609 2338 in
639 2308 788 2348 oppidulo
816 2308 1060 2340 Aihn-Altamr
1087 2309 1247 2349 adpellato
1277 2308 1379 2348 (quod
1409 2308 1459 2338 alii
1486 2310 1517 2338 in
1546 2308 1677 2348 regione
1703 2306 1817 2345 Hitljas
1847 2304 1930 2344 apud

141 2368 300 2399 Medinam
329 2371 422 2399 situm
450 2379 527 2399 esse
554 2369 680 2409 dicunt,
707 2370 778 2400 dum
807 2370 858 2400 alii
891 2371 1100 2410 dissentiunt)
1128 2376 1233 2409 natm,
1263 2370 1366 2400 Cufae
1393 2370 1558 2408 educatus,
1587 2367 1729 2407 Bagtladi
1757 2367 1929 2396 habitabat.

141 2430 207 2459 Aut
233 2439 314 2459 anuo
342 2429 407 2459 211
440 2434 494 2459 aut
522 2429 593 2460 213
622 2430 704 2460 diem
732 2433 808 2462 obiit
845 2433 947 2462 cons.
977 2433 1215 2463 Ebu-Challik
1247 2432 1311 2461 No.
1351 2430 1397 2460 93
1433 2435 1465 2459 et
1500 2428 1792 2469 Citab-Alaghani
1822 2427 1930 2458 Abull'.

142 2490 223 2520 Anu.
251 2492 292 2529 11,
321 2491 398 2521 148.
429 2491 510 2521 673.

240 2553 368 2583 Nomen
395 2554 561 2584 derivatur
588 2565 605 2585 a
634 2555 738 2585 radice
763 2559 854 2597 αὐ,
882 2557 933 2587 cui
961 2557 1153 2598 significatio
1181 2561 1371 2585 ornatum
1400 2564 1498 2584 esse
1525 2559 1586 2583 est.
1649 2555 1739 2583 Hanc
1766 2553 1932 2594 significa-

148 2612 261 2644 tionem
289 2615 483 2646 scholiastes
511 2619 540 2647 in
567 2616 694 2647 Rubahi
718 2627 817 2648 versu
847 2618 968 2649 invenit
994 2618 1104 2660 (metr.
1132 2614 1287 2660 Redjes):
1325 2617 1545 2654 Postquam
1574 2617 1611 2644 in
1640 2626 1687 2645 eo
1718 2624 1932 2655 perseve-

1454 2679 1500 2707 66
