2155 2892
902 135 1173 167 -428-

143 237 308 269 Ornuimah
336 247 407 267 cum
433 246 515 266 voce
543 232 637 274 „etms
666 235 841 266 connexuit
868 236 978 275 (metr.
994 232 1153 278 Thawil)z
1182 229 1408 266 Subsistel
1437 244 1456 264 o
1475 234 1691 266 Omaimah‘
1711 237 1873 276 cordis!
1901 242 1945 268 ut

141 302 322 332 salutem
350 299 568 340 dicamus,
596 305 636 330 et
664 309 842 330 amorem
870 309 1101 338 queramur.
1150 299 1243 329 Turn
1271 298 1341 328 fac
1368 298 1478 337 quod
1505 299 1586 329 tibi
1617 295 1830 331 videturtu
1872 301 1944 332 aliis

141 373 207 393 vox
233 362 399 403 nigrum
433 362 579 393 cordis
619 362 798 403 significat,
839 362 924 402 quod
961 362 1078 392 femina
1105 362 1208 393 locum
1236 364 1306 392 eius
1335 363 1364 391 in
1392 361 1542 392 cordibus
1570 367 1728 402 occupet,
1765 367 1800 393 ut
1826 372 1943 393 sensus

139 426 193 465 sit,
222 425 324 455 omnia
354 425 462 466 corda,
480 426 565 456 licet
593 425 724 456 diversa
748 426 826 465 sint,
853 426 891 456 ad
920 435 989 455 eam
1017 425 1170 456 inclinata
1188 434 1273 455 esse·
1303 424 1366 454 Alii
1392 425 1528 455 vocibus
1556 434 1688 454 sensum
1708 425 1858 464 tribuunt,
1873 435 1943 456 eam

138 487 204 517 duri
233 487 339 516 cordis
368 497 444 517 esse
472 492 504 517 et
532 493 658 527 poetam
687 488 838 527 pluralem
866 488 1052 518 adhibuisse
1079 497 1135 518 eor
1166 497 1236 517 cum
1265 487 1408 526 partibus
1438 487 1656 517 adiacentibus
1688 487 1942 529 significaturum

138 555 193 580 aut
222 554 390 589 propterea
418 550 501 589 quod
529 551 664 580 feminae
695 559 761 580 cum
790 550 931 589 quolibet
957 555 1084 581 amante
1111 560 1167 581 cor
1196 551 1250 590 sit,
1280 552 1373 591 quasi
1402 551 1432 580 ei
1462 545 1552 590 plura
1580 551 1675 581 corda
1703 551 1777 581 sint.
1832 552 1864 581 In
1892 552 1940 581 his

138 612 270 643 Saudaa
286 622 401 642 nomen
429 614 589 652 proprium
614 613 751 643 feminae
779 616 842 642 est.

140 712 173 740 2.
217 711 263 739 Et
282 721 340 748 per
364 709 488 739 Deum!
511 710 613 746 Quum
637 710 680 738 ad
700 719 767 738 eam
790 711 895 741 venio,
921 718 996 737 num
1019 711 1087 737 eins
1110 709 1249 737 morbum
1273 717 1382 737 sanem
1405 718 1446 736 tm
1469 719 1614 746 auyeam,
1637 712 1752 741 nescio.

237 780 342 818 Quum
371 780 469 809 morbi
497 788 625 809 causam
653 778 682 807 in
708 787 828 815 amore,
856 787 947 816 quem
977 787 1056 819 erga
1084 778 1184 816 ipsum
1213 777 1338 818 habeat,
1368 777 1518 815 inveniat,
1546 782 1641 817 poeta
1668 779 1706 808 ob
1735 780 1852 809 amoris
1879 790 1940 810 ve-

137 843 327 873 hementiam
358 842 495 872 laetatus
522 852 559 871 se
587 841 732 871 dubitare
761 841 847 883 dicit)
867 852 938 871 num
967 852 1107 871 amorem
1136 845 1230 870 sanet
1258 850 1297 869 an
1324 845 1454 881 augeat,
1481 841 1593 870 timere
1621 841 1701 871 enim
1730 842 1868 881 videtur,
1889 853 1941 883 ne,

137 907 164 936 si
193 906 334 935 morbum
362 911 466 943 sanet,
493 915 579 935 amor
608 904 819 934 deminuatur.
873 905 953 934 Post
980 914 1094 935 vocem
1125 900 1230 951 two—<295
1260 913 1325 933 vox
1355 902 1416 933 lxi..)
1441 904 1618 943 supplenda
1646 910 1707 935 est.
1737 905 1939 936 Scholiastes

136 968 335 1009 grammatici
350 968 513 997 Aldimarti
529 969 732 1005 sententiam,
750 976 810 1006 qua
828 977 931 997 voces
951 977 1069 997 versus
1099 967 1213 1006 prioris
1232 962 1337 1006 ῳ-,λόὶῖ
1362 969 1455 1005 stojan
1475 965 1543 995 duri
1570 966 1671 996 cordis
1700 966 1843 997 feminam
1870 968 1940 1008 sig-

135 1030 271 1068 nificent,
313 1040 331 1060 a
357 1030 562 1071 grammatico
590 1030 749 1060 Alnamari
777 1031 1003 1071 cognominato
1032 1030 1231 1068 reprobatam
1258 1028 1408 1057 adserens
1428 1028 1671 1069 grammaticum
1694 1028 1939 1059 Abu-Moham-

140 1092 263 1122 medem
292 1091 441 1122 Alahrabi
470 1092 652 1132 proverbi07
684 1097 718 1121 ut
745 1092 814 1122 eius
843 1101 928 1121 mors
955 1092 1018 1122 fert
1041 1092 1147 1131 (metr.
1177 1090 1340 1129 'l'hawil):
1379 1089 1477 1119 Rem
1515 1090 1625 1119 vitio
1664 1090 1816 1131 vertis,
1858 1096 1937 1121 tum

135 1154 318 1184 similem
358 1155 559 1196 peragis,
599 1155 676 1185 iam
722 1154 826 1194 apud
862 1160 899 1184 te
938 1155 1045 1185 hanc
1085 1163 1170 1183 rem
1209 1157 1413 1190 tanquam
1454 1151 1589 1181 cibum
1630 1151 1741 1181 Hais
1769 1151 1938 1190 quidam

135 1215 359 1258 miscuit¹)
401 1222 573 1258 utrumque
609 1217 897 1257 reprehendentem
937 1216 1065 1246 inducit.
1129 1216 1280 1246 Errorem
1323 1213 1488 1253 utriusque
1525 1212 1586 1242 viri
1612 1212 1685 1242 inde
1712 1217 1817 1243 ortum
1847 1223 1938 1255 esse,

135 1279 219 1319 quod
247 1289 329 1309 uuus
357 1284 389 1309 et
418 1281 498 1309 alter
524 1289 627 1319 neque
656 1280 804 1310 carminis
833 1284 998 1309 auctorem
1040 1289 1144 1319 neque
1171 1277 1336 1307 historiam
1364 1277 1501 1306 noverit.
1545 1276 1638 1305 Initio
1666 1284 1784 1305 versus
1812 1276 1860 1306 sic
1886 1275 1937 1306 le-

135 1342 274 1383 gendum
302 1352 394 1372 esse:
422 1346 519 1387 'ataugja
546 1340 645 1388 ...μ-μῦς
673 1340 767 1384 13³3*
781 1343 872 1380 ψῃ·
900 1346 933 1371 et
960 1341 1107 1371 feminam
1135 1341 1226 1370 Laila
1255 1339 1392 1379 nomine,
1420 1337 1742 1378 Sauda-Alghamim
1770 1338 1938 1378 cognomi-

135 1410 238 1435 natam
266 1406 305 1436 ad
332 1411 461 1446 gentem
489 1406 699 1436 Ahbd-Allah
725 1407 755 1436 b.
784 1405 969 1437 Ghathafan
997 1403 1202 1444 pertinuisse.
1239 1401 1422 1443 Algliamim
1450 1400 1509 1430 loci
1539 1409 1665 1440 nomen,
1693 1409 1784 1439 quem
1812 1400 1936 1430 incole-

135 1473 193 1504 ret,
222 1468 331 1498 fuisse.
399 1468 479 1498 Post
512 1473 631 1507 patrem
660 1468 797 1499 Ohkbah
823 1468 852 1498 b.
881 1467 970 1498 Cahb
1000 1468 1027 1497 b.
1057 1466 1184 1506 Sohair7
1214 1465 1264 1505 qui
1293 1464 1439 1494 seminam
1467 1462 1604 1493 carmine
1633 1461 1811 1502 laudasset,
1838 1461 1936 1492 filium

135 1530 338 1560 Alahwwam
369 1531 398 1560 b.
428 1530 542 1560 Ohkab
579 1532 617 1561 ab
645 1541 683 1561 ea
710 1537 845 1562 amatum
875 1531 1013 1561 feminae
1038 1530 1176 1559 deditum
1204 1529 1317 1558 fuisse.
1371 1525 1433 1564 Qui
1461 1534 1555 1564 quum
1590 1524 1619 1553 in
1645 1525 1834 1564 Aegyptum
1862 1533 1933 1554 cum

133 1595 307 1621 commeatu
333 1593 430 1621 misso
459 1593 624 1632 profectus
653 1594 692 1623 de
720 1595 828 1623 morbo
857 1594 992 1624 feminae
1021 1593 1164 1623 nuntium
1191 1593 1388 1630 accepisset,
1425 1595 1459 1620 ut
1477 1599 1546 1620 eam
1572 1590 1727 1626 visitaret,
1748 1588 1934 1619 redeuutem

133 1660 305 1693 sequentes
334 1664 452 1685 versus
482 1656 624 1685 dixisse:
651 1656 853 1686 Nuntium
881 1656 1042 1696 accepi,
1070 1652 1561 1694 Saudaam-Alghamimi
1590 1656 1807 1692 aegrotam
1835 1660 1934 1681 esse

133 1721 175 1746 et
205 1726 291 1746 eam
319 1717 589 1749 visitaturus
617 1729 663 1748 ex
692 1720 891 1759 Aegypto
920 1719 1031 1749 redii
1058 1723 1102 1750 et
1129 1718 1289 1748 utinam
1316 1717 1488 1752 scirem,
1516 1725 1605 1745 num
1634 1715 1758 1745 nobis
1785 1714 1932 1744 absen-

135 1778 256 1807 tibus
290 1780 525 1810 oculorum
556 1780 831 1820 pulchritudo
860 1780 1003 1810 matris
1030 1779 1188 1819 Jabjae
1215 1780 1396 1817 eiusque
1434 1778 1584 1808 collum
1619 1781 1814 1808 mutatum
1851 1776 1930 1816 sit,

133 1849 225 1870 num
259 1841 355 1870 eius
390 1847 542 1872 vestes
578 1843 616 1881 (i.
643 1852 671 1872 e.
702 1844 845 1881 corporis
875 1841 1014 1872 exterior
1042 1841 1136 1881 pars)
1171 1842 1351 1871 attritae
1386 1841 1492 1881 sint,
1523 1845 1751 1880 postquam
1787 1848 1932 1870 novae

134 1906 258 1932 erant
295 1907 335 1932 et
372 1912 389 1932 ο
429 1913 541 1942 quam
569 1909 726 1934 amatae
753 1904 847 1934 mihi
873 1901 976 1933 sunt
1002 1904 1094 1933 eius
1121 1909 1283 1934 vestes
1312 1910 1390 1934 tam
1421 1904 1612 1935 attritae
1639 1911 1749 1942 quam
1775 1897 1932 1933 novae!

133 1965 171 2002 (i.
187 1973 214 1996 e.
240 1964 391 1994 iuventus
408 1969 438 1995 et
455 1967 627 2005 senectus)
654 1967 702 1996 Et
730 1976 747 1995 o
774 1965 962 1997 Saudaa!
994 1976 1059 1996 res
1088 1966 1183 1995 mihi
1211 1972 1349 1997 amata
1377 1968 1581 2006 (praeter
1610 1965 1759 2003 teJuon
1779 1966 1931 2003 restat,

134 2030 179 2054 et
209 2026 245 2054 si
273 2032 440 2057 montes
468 2032 670 2058 terraeet
697 2028 879 2058 deserta
906 2033 1088 2058 restant.
1116 2029 1263 2069 Et7per
1280 2023 1421 2058 Deum!
1450 2037 1568 2067 quum
1597 2025 1644 2057 ad
1674 2035 1759 2055 eam
1787 2025 1929 2064 venio,

134 2088 308 2127 nescio,
337 2098 430 2118 num
458 2090 557 2119 eius
585 2092 771 2121 morbum
800 2092 949 2122 tollam
978 2101 1024 2120 an
1051 2087 1509 2131 augea1112Adspectu
1539 2088 1722 2129 (gaudii)
1752 2098 1840 2118 eam
1869 2088 1928 2116 in-

132 2149 269 2178 tuitus
297 2158 406 2189 sum,
434 2160 512 2189 quo
541 2160 674 2190 neque
703 2153 822 2182 rubri
859 2153 1006 2183 cameli
1032 2161 1173 2191 neque
1200 2152 1310 2192 nigri
1338 2151 1558 2191 regionem
1585 2149 1745 2191 gaudio
1774 2159 1832 2178 me
1859 2147 1926 2178 ad-

131 2212 298 2243 ficiunt.
329 2214 382 2243 Et
409 2214 481 2243 mei
508 2224 618 2254 parS‚
647 2224 762 2254 quam
794 2217 1032 2256 reliquisti,
1061 2216 1096 2245 si
1121 2225 1138 2245 e
1162 2215 1278 2256 ligno
1307 2214 1462 2243 herbae
1489 2214 1689 2243 'l'somam
1719 2219 1927 2250 suspensa

131 2279 277 2314 esset,
304 2274 396 2304 eius
425 2275 585 2316 liguum
613 2285 691 2304 nou
720 2276 1021 2306 inflecteretur
1039 2272 1076 2319 2).
1106 2275 1249 2306 Comiter
1276 2281 1383 2306 autem
1412 2278 1508 2316 (erga
1537 2274 1673 2305 feminae
1701 2273 1864 2311 familiam)
1890 2281 1928 2301 se

153 2403 180 2435 l)
199 2405 269 2428 {nter
288 2406 431 2434 proverbia
450 2413 466 2429 a
485 2413 523 2430 me
543 2407 660 2431 collecta
680 2408 743 2431 haec
763 2409 844 2431 verba
863 2408 950 2431 locum
971 2414 1022 2431 non
1042 2408 1192 2439 obtinuere,
1214 2416 1296 2440 neque
1317 2417 1380 2433 vero
1399 2417 1414 2434 a
1433 2410 1610 2441 grammatico
1629 2408 1770 2440 proverbia
1788 2408 1926 2437 appellata

198 2457 292 2474 revera
314 2452 457 2480 proverbia
488 2457 568 2482 suut3
596 2455 643 2476 sed
674 2461 768 2476 versus
792 2457 871 2483 suut,
895 2460 961 2483 quos
987 2455 1187 2485 proverbiorum
1212 2456 1273 2479 loco
1299 2460 1324 2480 et
1350 2457 1491 2486 proverbio
1518 2457 1648 2479 iuter-ium
1678 2453 1778 2477 inserto
1799 2453 1924 2485 adhibuit.

198 2496 255 2519 cibi
276 2496 348 2527 fiais,
368 2499 409 2527 qui
429 2499 516 2522 mixtis
536 2500 665 2529 dactylis,
687 2501 788 2529 butyro
801 2502 826 2523 et
845 2500 916 2523 lacte
935 2501 1033 2523 schisto
1053 2503 1173 2531 paratur,
1189 2503 1214 2524 in
1234 2503 1378 2531 proverbio
1395 2501 1488 2531 (Meid.
1502 2501 1530 2524 C.
1546 2500 1655 2530 1.302.)
1668 2499 1763 2522 mentio
1787 2499 1856 2522 fucta
1875 2501 1924 2522 est.

149 2541 183 2573 2)
202 2543 221 2566 l·
239 2550 261 2568 e.
281 2545 363 2567 Amor
382 2545 494 2570 feminac
511 2546 614 2577 poetam
627 2548 666 2571 sic
686 2547 837 2578 occupavit,
858 2551 885 2571 ut
903 2548 980 2572 nulla
999 2549 1055 2572 eius
1075 2556 1135 2579 pars
1155 2553 1245 2575 restet.
1265 2549 1497 2572 Planta'rsomam
1517 2547 1617 2571 infirma
1635 2549 1685 2575 est,
1700 2548 1728 2569 ut
1747 2545 1826 2570 tacite
1846 2546 1922 2569 frau—

196 2599 286 2625 gatur.
324 2597 382 2620 Vox
400 2599 460 2634 *³2⁵
487 2604 573 2622 autem
593 2601 625 2623 de
643 2600 719 2624 arida
737 2601 816 2624 herba.
834 2601 951 2625 adhibita
969 2605 1019 2628 est.
1057 2603 1076 2627 E
1096 2603 1143 2626 tali
1162 2605 1251 2626 autem
1270 2602 1352 2625 herba
1374 2600 1412 2624 nil
1432 2600 1558 2629 suspendi
1573 2601 1666 2630 potest.
