2155 2892
931 169 1199 202 —373—

172 269 270 316 ψῃ)
297 270 463 311 legendum
492 276 578 311 puto-
607 270 847 303 Grammaticus
877 271 979 301 Clialil
1008 280 1091 301 voco
1126 267 1216 307 &laga
1251 271 1291 300 nil
1324 271 1381 299 nisi
1408 275 1533 309 ternpus
1559 275 1614 300 aut
1641 271 1743 300 locum
1779 270 1953 309 significari

169 336 239 366 vult
276 335 487 375 (chnliarius
525 336 656 365 nominis
693 336 823 365 actionis
859 345 985 375 qnoque
1020 334 1281 376 significationem
1310 342 1422 362 vocem
1451 334 1567 363 habere
1593 334 1700 371 dixit).
1753 335 1954 365 Sclioliastes

170 399 332 429 adnotavit
361 398 473 429 Cliulili
499 397 658 427 sententia
686 397 829 436 probatu,
858 407 970 428 vocem
1005 396 1095 435 oluff»
1120 396 1295 426 subiectum
1323 406 1399 425 esse
1426 401 1459 425 et
1486 397 1584 427 verba
1613 402 1685 436 ,ῥῷ
1712 397 1750 442 Ol
1780 398 1951 437 praedicati

172 462 272 491 locuni
301 467 409 491 tenero
436 465 467 490 et
488 465 612 498 teinpus
641 459 739 488 slatus
767 459 958 499 significare,
986 465 1019 490 nt
1046 466 1242 499 postremum
1274 460 1405 498 primuni
1437 462 1495 497 sit,
1523 461 1581 489 nisi
1611 462 1691 499 qnod
1717 471 1826 491 nomen
1859 468 1950 491 ante-

171 523 288 553 cedens
315 524 466 552 omissum
496 526 635 560 putetur.
663 521 744 559 Quid
770 521 965 551 scholiastae
992 522 1090 550 verba
1118 524 1155 550 ut
1183 521 1286 559 prim
1298 530 1316 549 n
1328 530 1356 550 m
1386 526 1646 559 postremum
1674 524 1730 551 sit
1756 524 1953 562 significent,

169 595 230 615 non
262 586 366 625 liquet.
420 585 576 614 Fortasse
603 585 787 625 significare
815 585 895 626 vult,
924 584 1117 624 praedicato,
1146 593 1237 622 quum
1265 587 1338 614 aute
1365 584 1538 613 subiectum
1566 583 1700 624 negandi
1730 586 1882 623 particula
1901 587 1952 623 sit,

171 648 299 687 primurn
332 647 431 677 locuni
472 647 578 677 deberi
613 647 718 677 conf.
756 645 863 678 Grum.
898 648 952 677 Ar.
989 647 1025 676 T.
1060 647 1087 676 ΙΙ
1122 657 1150 686 p.
1186 646 1268 676 515.
1321 645 1429 675 voces
1460 646 1591 675 eaedem
1619 655 1712 685 quum
1741 647 1769 676 in
1797 647 1953 677 Mersnkii

167 709 277 738 codiee
306 709 463 750 leguntur,
490 709 626 739 vitiosas
654 709 738 739 haud
767 710 955 749 putaverim.
992 711 1025 739 ln
1053 708 1232 738 Abnll'cdae
1266 716 1383 746 opere,
1419 707 1503 737 Dara
1531 717 1641 737 nomen
1670 710 1760 747 parvi
1791 709 1895 748 oppidi
1923 711 1953 739 in

166 771 247 811 pede
276 772 391 803 montis
419 771 574 802 Maredini
601 772 653 802 siti
680 777 712 802 et
740 782 852 802 nomen
878 772 970 802 vallis
998 773 1027 801 in
1054 772 1185 813 regione
1211 772 1317 812 gentis
1345 770 1454 800 Ahmir
1481 780 1557 801 esse
1583 772 1667 812 lego,

168 871 200 899 2.
245 870 284 898 In
305 870 372 899 loco
395 872 484 900 Dara
508 880 614 899 eorum
637 873 830 899 consortium
852 871 931 899 milii
951 874 1016 909 est,
1047 880 1125 909 quos
1149 877 1211 897 non
1233 878 1320 903 amo,
1349 872 1380 897 el
1401 871 1434 897 ιίι
1456 878 1555 898 arena
1577 879 1613 898 ea
1635 866 1815 908 (persona)
1839 872 1956 898 remota

929 928 984 958 est,
1010 934 1103 962 quam
1127 934 1205 953 uma.

170 989 202 1018 3.
247 989 349 1026 Quum
374 994 484 1020 tentus
507 1001 522 1019 e
543 992 670 1028 reqione
691 990 872 1028 Alalalisjalz
896 992 1023 1019 veniens
1041 992 1109 1027 slat,
1131 991 1209 1018 milti
1229 990 1278 1019 illi
1298 993 1387 1019 rento
1410 993 1563 1027 coynalus
1587 991 1698 1019 videor.

268 1059 335 1089 Sibi
362 1068 431 1089 curn
460 1060 497 1089 iis
524 1059 699 1100 degendum
729 1069 817 1100 esse,
847 1069 926 1099 quos
954 1069 1015 1089 non
1046 1063 1141 1094 amet,
1169 1059 1322 1098 queritur,
1351 1059 1421 1089 (lum
1449 1060 1565 1089 femina
1591 1065 1697 1089 amata
1724 1060 1753 1088 in
1780 1060 1857 1089 locis
1883 1070 1957 1089 are-

170 1121 256 1151 nosis
286 1126 443 1151 versetur.
472 1123 535 1152 Ista
562 1122 633 1152 loca
660 1123 690 1152 in
717 1124 884 1162 superiore
912 1127 1002 1161 parte
1030 1121 1213 1161 provinciae
1241 1121 1348 1161 Nedjd
1375 1131 1461 1162 esse,
1491 1132 1508 1151 e
1536 1122 1714 1160 posteriore
1742 1132 1837 1152 versu
1859 1122 1953 1152 vide-

170 1193 251 1213 mus.
305 1183 408 1225 Regio
436 1180 540 1220 &stimi
576 1184 735 1224 appellata
767 1189 818 1214 est
852 1185 942 1225 regio
971 1184 1035 1214 alta
1063 1185 1246 1223 provinciae
1275 1184 1382 1225 Nedjd
1406 1185 1572 1215 imminens
1599 1195 1700 1224 usque
1727 1185 1765 1215 ad
1793 1185 1955 1225 regionem

169 1245 331 1276 Teliainah
359 1251 391 1276 et
418 1247 500 1276 ultra
525 1247 675 1277 Meccam
700 1247 794 1277 sitam
822 1247 986 1287 regionem
1013 1246 1173 1286 (Hidjas).
1201 1247 1310 1277 Verba
1337 1244 1417 1299 elffii
1446 1245 1535 1289 ὀμ
1561 1251 1636 1277 sunt
1662 1256 1718 1287 pro
1743 1245 1955 1299 xri-,lajlzagjh

169 1309 296 1339 ventus
322 1309 392 1340 inde
417 1310 550 1341 veniens
579 1311 647 1341 eius
675 1320 730 1341 cor
756 1314 922 1350 tantopere
952 1315 1072 1348 movet,
1102 1314 1135 1340 ut
1161 1315 1321 1352 cognatus
1339 1310 1501 1354 ‹videatun

969 1458 1162 1491 Lxxx.

910 1524 1051 1559 Alius
1075 1524 1207 1558 (lixit.

172 1595 199 1623 1.
245 1595 343 1624 Amor
365 1595 412 1623 m'l
431 1598 479 1624 est
500 1597 565 1624 m'si
585 1597 756 1632 suspirium
777 1598 850 1632 pos!
870 1596 1042 1631 saspiriwn
1066 1597 1096 1622 e!
1117 1594 1211 1622 ardor
1232 1595 1264 1621 in
1288 1593 1469 1628 visceribus,
1494 1593 1547 1620 cui
1568 1592 1765 1630 refrigeratio
1788 1600 1851 1619 non
1872 1595 1921 1619 est

172 1663 207 1690 2.
251 1661 297 1690 Et
318 1661 531 1699 lacrymarum
553 1663 664 1691 [Ite-tus
686 1662 868 1698 abundans,
893 1672 910 1689 ο
935 1660 1061 1698 ᾸΙη]“]ἰι.’
1088 1663 1332 1698 quotiescunque
1363 1662 1466 1688 terrae
1486 1661 1608 1687 vestrae
1629 1668 1719 1687 mons
1741 1661 1880 1694 apparel,
1905 1659 1961 1695 qm*

871 1718 963 1743 aulea
998 1724 1060 1743 mm
1082 1714 1260 1751 apparebat.

269 1784 421 1814 Feminae
448 1783 568 1823 Majjae
592 1784 773 1824 appellatae
795 1784 846 1814 sui
873 1784 1072 1814 vehementis
1099 1785 1214 1814 amoris
1242 1784 1369 1814 dolores
1398 1782 1557 1815 describit,
1584 1783 1618 1811 In
1646 1781 1824 1820 posteriore
1849 1785 1956 1810 autem

171 1855 270 1876 versu
299 1855 335 1875 se
363 1846 392 1875 in
423 1846 556 1876 feminae
590 1846 629 1876 ab
664 1847 733 1885 ipso
768 1851 892 1877 amatae
928 1849 1091 1887 regionem
1120 1846 1374 1886 proficiscentem
1403 1844 1513 1885 fingit,
1539 1854 1610 1874 nam
1637 1843 1809 1873 discedenti
1835 1848 1958 1872 montes

171 1917 346 1947 apparere,
384 1908 434 1947 qui
468 1913 563 1938 antea
598 1916 659 1937 non
697 1909 902 1949 apparebant,
937 1909 997 1939 dici
1033 1919 1094 1939 non
1122 1914 1241 1948 potest.
1293 1909 1375 1938 Tres
1403 1913 1508 1937 autem
1536 1916 1588 1936 res
1616 1911 1781 1944 memorat,
1809 1904 1957 1944 suspiria,

171 1970 314 2001 ardorem
348 1971 377 2001 in
412 1972 508 2002 corde
541 1976 573 2002 et
606 1972 763 2011 lacrymas
791 1972 947 2011 profusas.
1009 1971 1211 2002 Scholiastes
1239 1975 1341 2010 putat,
1369 1974 1494 2009 poetam
1522 1968 1678 2008 quendam
1704 1967 1847 1998 ardorem
1874 1967 1958 1998 haud

171 2037 257 2062 recte
284 2032 512 2064 describentem
546 2033 692 2064 refellere
717 2032 830 2064 videri.

956 2176 1174 2212 Lxxx1.

767 2257 876 2290 Ebn
890 2273 910 2283 -
925 2256 1192 2298 Majjadah
1228 2253 1360 2288 dixit.

281 2334 350 2364 Viri
379 2341 493 2362 nomeu
525 2333 705 2363 Alrammah
733 2334 761 2366 b.
791 2333 884 2364 Jasid
910 2338 965 2363 aut
992 2332 1178 2363 Alrammah
1207 2332 1235 2361 b.
1263 2330 1373 2361 Abrad
1401 2335 1461 2360 etc.
1494 2334 1571 2367 erat,
1601 2329 1840 2370 cognominatus
1869 2327 1956 2356 Ebu-

171 2394 371 2425 Scliorahbil.
424 2395 452 2424 A
480 2399 581 2425 matre
608 2397 654 2426 sic
681 2397 851 2437 appellata,
879 2395 962 2435 quod
988 2395 1147 2425 dormiens
1174 2395 1204 2424 in
1230 2394 1310 2424 sella
1336 2393 1547 2431 inclinaretur,
1574 2400 1684 2420 nomen
1711 2391 1844 2428 accepit.
1876 2388 1956 2417 Eam

175 2467 303 2488 servam
332 2458 390 2488 viri
407 2457 564 2497 Calbitae,
591 2461 719 2496 nuptam
746 2467 843 2488 servo
859 2458 986 2488 Nahbal
1012 2458 1137 2487 nomine
1163 2458 1264 2488 fuisse
1283 2456 1400 2486 dieunt.
1426 2452 1564 2484 Vendita
1583 2452 1670 2492 genti
1690 2450 1950 2480 Banu-Tsauban

170 2530 189 2550 e
214 2525 305 2560 patre
333 2526 446 2560 poetae
473 2519 610 2561 gravida
637 2519 721 2550 facta
747 2525 808 2550 est.
861 2520 911 2550 Ad
938 2520 1019 2551 hanc
1045 2530 1112 2550 rem
1141 2528 1258 2548 versus
1279 2517 1410 2557 satyrici
1438 2515 1623 2554 respiciunt,
1650 2514 1702 2554 qui
1732 2522 1825 2552 quum
1854 2513 1954 2542 manci

170 2587 204 2612 et
228 2583 370 2623 corrupti
396 2593 414 2613 e
440 2583 551 2614 codice
577 2583 729 2622 temporis
756 2591 841 2613 noxa
866 2582 951 2613 laeso
979 2582 1131 2621 descripti
1158 2582 1233 2619 siut,
1258 2578 1341 2609 haud
1370 2582 1533 2616 accurate,
1561 2575 1644 2606 verti
1671 2579 1808 2615 possunt
1841 2574 1953 2613 (metr.

171 2645 318 2684 CameD:
356 2645 384 2676 0
424 2645 494 2676 fili
533 2645 717 2676 feminae
758 2645 910 2686 turpis,
951 2654 970 2674 o
1008 2644 1077 2675 fili
1116 2642 1264 2674 uxoris
1291 2639 1528 2681 impudicae
1554 2636 1755 2670 Nahbali!
1785 2637 1955 2675 Nonne,
