2155 2892
906 115 1176 144 -446.,.

155 217 222 247 100
250 217 354 254 citavi,
383 216 503 246 seriore
531 220 670 253 tempore
697 215 848 244 viventes
876 219 1023 253 tanquam
1052 215 1220 253 proverbio
1248 217 1297 245 usi
1324 220 1410 248 sunt.
1437 216 1537 246 Simili
1565 217 1659 247 modo
1679 216 1756 262 50235
1783 221 1946 267 μω

145 284 226 324 55&
252 280 283 316 gl
319 279 443 309 dicitur.
508 278 650 317 Uterque
681 279 770 308 locus
803 287 897 316 quum
932 277 1067 316 dactylis
1094 277 1241 314 abundet,
1272 287 1335 307 rem
1364 279 1499 309 inutilem
1527 279 1554 308 is
1585 279 1681 319 facit,
1720 281 1771 319 qui
1800 281 1945 322 dactylos

150 345 188 374 ibi
219 338 546 385 vendeiidosj{niittit.
600 340 739 371 Cliaibar
765 350 878 370 nomen
906 340 1045 379 oppiduli
1073 344 1124 371 aut
1153 349 1213 369 sex
1242 345 1296 371 aut
1322 346 1456 380 quatuor
1482 341 1602 372 dierum
1630 343 1735 382 spatio
1764 345 1802 373 ab
1831 346 1945 384 oppido

150 407 279 436 Medina
306 406 436 448 remoti,
465 405 495 435 in
524 404 655 444 regione
691 404 834 433 orientali
870 408 902 433 et
929 404 1165 442 septentrionali
1192 405 1246 434 siti
1275 404 1400 443 (Abulf.
1428 404 1554 446 Geogr.
1580 415 1609 444 p.
1639 407 1689 445 tm)
1717 412 1778 436 est.
1832 408 1944 438 Febris

149 469 178 497 in
205 469 266 497 isto
295 468 365 497 loco
395 468 573 507 periculosa
599 472 669 496 erat
695 466 793 496 Meid.
822 466 859 496 C.
886 466 918 506 2,
936 466 991 496 36.
1017 465 1096 495 108.
1136 465 1257 505 Hadjar
1284 475 1395 495 nomen
1423 471 1484 503 est,
1514 467 1597 505 quod
1625 472 1722 497 totam
1750 469 1946 508 provinciam

151 531 288 561 Bahrain
315 530 353 560 ad
381 539 466 560 mare
493 531 679 569 Persicum,
717 530 748 559 in
782 537 842 568 quo
880 529 983 558 insula
1017 529 1162 559 eiusdem
1190 529 1324 558 nominis
1353 532 1421 568 est,
1449 531 1542 560 sitam
1569 531 1798 570 complectitur.
1864 533 1944 563 Pro-

149 594 253 623 vincia
280 593 480 633 dactylorum
511 592 709 622 feracissima
736 596 787 621 cst
829 591 932 621 conf.
965 591 1111 620 Abulfed.
1140 600 1254 632 geogr.
1287 601 1314 629 p.
1343 592 1381 621 ‘l‘l.
1443 592 1485 622 Ut
1519 597 1623 623 autem
1649 594 1694 623 illi
1719 595 1780 624 loci
1807 594 1943 635 dactylis

150 658 321 697 abundant,
350 660 398 689 sic
425 658 512 688 locus
542 657 646 686 Barek
674 656 743 685 sale
778 655 916 684 abundet
945 663 1083 684 necesse
1113 657 1184 693 est,
1213 658 1246 683 ut
1276 653 1304 681 in
1333 654 1492 692 proverbii
1519 654 1780 685 consuetudinem
1808 656 1943 686 venerit.

988 783 1098 817 vn.

706 850 962 885 (niman-ah
991 850 1029 883 h.
1065 827 1221 882 Amin
1250 848 1386 882 ‹lixit-

825 921 955 961 (conf.
982 923 1075 952 Ham.
1102 921 1156 952 fv?
1187 922 1274 961 infr.)

247 1001 478 1034 Grammaticus
504 995 703 1030 Abu-l’F'ath
730 1007 843 1028 nomeu
871 996 1032 1027 Obmarab
1059 996 1220 1026 inventum
1251 1001 1283 1026 et
1309 996 1394 1027 haud
1421 996 1599 1027 derivatum
1627 1005 1705 1026 esse
1724 996 1812 1028 dixit.
1842 997 1942 1027 Vocis

147 1066 413 1108 significationem
441 1073 514 1094 eum
543 1062 680 1102 nescire,
705 1071 747 1091 ex
773 1062 879 1091 verbis
909 1062 1109 1102 grammatici
1135 1061 1262 1100 Atlans,
1291 1071 1373 1101 quae
1401 1060 1529 1097 addidit,
1557 1060 1722 1091 concludo.
1767 1059 1941 1091 Gramma-

147 1130 228 1160 ticus
247 1126 541 1159 Abu-t'Dokaisch‚
560 1135 655 1166 quum
683 1125 722 1154 ab
747 1125 898 1164 Allattso,
926 1124 999 1163 quid
1026 1132 1124 1153 voces
1151 1125 1237 1164 0²²3>
1266 1128 1299 1153 et
1325 1124 1431 1164 &⁴³30
1456 1123 1685 1164 significarent,
1713 1123 1943 1165 interrogatus,

145 1201 179 1223 se
209 1193 345 1231 nescire,
375 1189 511 1221 dixisset
538 1194 570 1219 et
599 1188 679 1218 alter
709 1187 789 1226 qnod
821 1187 891 1226 quis
918 1187 1107 1227 cognomine
1134 1186 1314 1225 appellatus
1342 1186 1396 1227 sit,
1433 1187 1521 1216 cuius
1557 1185 1824 1226 significationem
1858 1185 1942 1215 haud

145 1259 270 1292 nosset,
297 1263 335 1283 se
361 1252 468 1284 mirari
493 1250 704 1289 ostendisset,
733 1249 960 1291 grammaticus
990 1258 1055 1279 rem
1082 1258 1120 1278 eo
1146 1250 1326 1286 excusavit,
1353 1249 1433 1289 quod
1461 1249 1651 1290 cognomina
1677 1248 1773 1290 signa
1799 1245 1943 1291 (signifi-

146 1316 273 1347 catione
303 1311 461 1356 carentia)
489 1318 602 1343 essent
620 1310 654 1355 ¹).

151 1413 179 1442 I.
224 1412 251 1442 0
270 1412 330 1450 filii
350 1409 535 1440 Illonlcidsi!
556 1419 596 1438 ne
620 1409 709 1439 Deus
726 1418 781 1437 vos
796 1419 815 1437 a
837 1411 920 1438 melu
942 1418 1073 1437 securos
1095 1419 1164 1438 esse
1185 1411 1289 1447 sinat;
1311 1408 1370 1438 sed
1388 1407 1538 1436 vilitatem
1557 1409 1691 1436 vestram
1714 1408 1943 1446 infirmitatem-

938 1473 998 1502 que
1020 1463 1158 1500 auqeall

144 1535 175 1563 2.
221 1533 266 1562 Et
287 1535 356 1571 quis
378 1535 450 1568 post
470 1530 618 1568 quelam
640 1533 673 1558 in
699 1530 782 1558 vobis
805 1540 892 1567 spem
920 1532 1083 1566 positurus
1105 1537 1162 1567 est,
1186 1540 1266 1568 quae
1289 1529 1365 1558 rae!
1399 1529 1551 1563 clamarit,
1576 1537 1672 1566 quum
1694 1527 1826 1558 Ghahbi
1846 1529 1941 1557 ultio—

921 1594 991 1613 nem
1024 1578 1176 1612 vidisset?

269 1657 302 1685 ln
331 1656 434 1695 priore
468 1664 566 1684 versu
593 1655 679 1696 genti
708 1654 859 1684 Monkids
887 1655 966 1684 male
995 1658 1144 1693 precatur
1172 1653 1200 1682 in
1228 1652 1407 1692 posteriore
1433 1660 1561 1681 causam
1593 1651 1724 1681 addens.
1778 1651 1941 1680 Feminam

147 1718 275 1758 Najilab
304 1718 494 1757 appellatam
523 1727 605 1758 gens
632 1717 798 1758 coegerat,
819 1722 852 1746 ut
881 1716 1018 1746 occisori
1047 1716 1145 1755 patris
1174 1719 1225 1745 aut
1255 1714 1307 1744 filii
1335 1715 1469 1743 nuberet
1495 1713 1637 1743 vindicta
1662 1713 1820 1754 neglecta.
1849 1712 1942 1743 Gen-

145 1786 205 1810 tem
234 1781 339 1821 igitur,
367 1780 427 1809 boc
455 1780 583 1809 ultionis
612 1780 715 1809 officio
748 1780 941 1819 intermisso,
971 1780 1066 1808 vilem
1103 1788 1139 1807 se
1167 1777 1363 1818 ostendisse,
1392 1782 1424 1807 ut
1452 1787 1545 1808 nemo
1572 1778 1602 1806 in
1629 1788 1668 1807 ea
1695 1777 1842 1807 fiduciam
1870 1786 1940 1807 am-

146 1843 228 1882 plius
263 1852 381 1881 ponere
416 1848 536 1881 posset.
604 1843 652 1872 De
688 1842 804 1871 ultione
831 1841 918 1872 necis
946 1841 981 1870 T.
1010 1841 1023 1869 I
1061 1851 1090 1879 p.
1120 1840 1186 1870 421
1219 1845 1250 1868 et
1280 1840 1324 1881 11,
1354 1840 1411 1880 46,
1444 1839 1511 1870 153
1539 1849 1644 1870 serino
1672 1840 1738 1870 suit.
1794 1838 1938 1869 Officium

145 1903 313 1934 ulciscendi
344 1903 557 1933 intermissum
586 1903 642 1933 fuit
670 1907 722 1933 aut
749 1903 830 1942 quod
856 1903 1098 1942 potentissimus
1126 1902 1251 1942 quidam
1281 1903 1455 1932 occisorem
1484 1906 1639 1939 tueretur,
1670 1906 1725 1931 aut
1756 1901 1837 1940 quod
1867 1901 1937 1930 sive

145 1968 248 2005 pretio
280 1967 350 1995 sive
378 1966 490 1996 timore
518 1966 735 1995 retinerentur.
790 1966 979 1995 Dubitantes
1012 1969 1114 1994 autem
1149 1965 1286 2005 Arabes,
1315 1964 1461 1994 officione
1487 1963 1716 1993 satisfacerent
1742 1972 1781 1992 an
1809 1962 1940 2001 pretium

145 2028 335 2068 acciperent,
352 2029 499 2068 sagittam
522 2029 551 2057 in
578 2038 684 2057 aerem
713 2029 838 2058 mittere
865 2028 1023 2066 solebant,
1043 2032 1088 2067 ut.
1115 2028 1140 2056 si
1169 2027 1252 2057 haud
1283 2029 1412 2055 cruenta
1440 2024 1567 2064 rediret,
1596 2026 1730 2063 pretium
1748 2024 1938 2063 acciperent,

144 2091 189 2120 sin
211 2095 354 2127 cruenta,
372 2100 481 2119 necem
499 2092 740 2120 ulciscerentur.
770 2089 1051 2120 Ebu-Alabrabius
1070 2088 1192 2118 dixisse
1212 2088 1319 2123 fertur,
1339 2086 1489 2127 sagittam
1515 2095 1643 2124 semper
1669 2084 1752 2115 haud
1779 2088 1938 2115 cruentam

144 2150 312 2181 decidisse.
379 2152 501 2180 Morem
531 2152 610 2181 bunc
638 2162 754 2182 versus
783 2152 982 2181 Hodsailitae
1010 2151 1139 2190 respicit
1163 2159 1302 2189 sequens
1330 2150 1435 2187 (metr.
1465 2150 1614 2188 CanieIJ:
1654 2149 1715 2186 ΛΞ
1744 2159 1852 2187 „ga-2>
1875 2147 1939 2188 lji:

144 2212 257 2260 &salt
290 2214 410 2255 2,st
437 2203 886 2260 3555253552313533'2‘0
915 2211 983 2253 5325.
1010 2213 1230 2253 Sagittam
1258 2213 1296 2241 in
1325 2212 1486 2241 coelum
1509 2212 1679 2251 jecere,
1707 2217 1789 2241 tum
1817 2211 1938 2241 dixe-

145 2280 261 2305 runt:
294 2275 442 2305 Pacem
473 2271 775 2314 componite!
804 2276 988 2306 [tinam
1020 2285 1099 2316 ego
1127 2276 1165 2304 in
1192 2279 1324 2315 gente
1353 2274 1579 2312 fuissem,
1606 2283 1731 2313 quum
1757 2273 1936 2303 barbam

144 2335 289 2365 abste
306 2345 484 2376 rgeren
501 2339 521 2365 t.
585 2337 739 2366 Solebant
776 2342 880 2366 autem
920 2338 1013 2377 signo
1039 2338 1127 2375 pacis
1156 2345 1245 2366 mauu
1273 2336 1400 2366 barbam
1427 2337 1628 2377 abstergere.
1683 2338 1755 2367 Vox
1783 2335 1856 2376 141,ῑέ
1885 2341 1936 2365 est

144 2397 210 2426 loco
239 2397 353 2426 obiecti
381 2398 469 2427 verbi
497 2407 551 2436 pro
579 2395 680 2437 ἱρὴ-ρ.
708 2398 911 2428 Scholiastes
939 2399 978 2428 ad
1005 2400 1094 2428 verbi
1123 2408 1212 2429 usum
1241 2399 1460 2438 explicandum
1501 2401 1598 2429 locum
1631 2398 1747 2429 Corani
1773 2399 1846 2430 Sur.
1880 2398 1934 2437 10,

148 2458 201 2489 11.
243 2458 435 2489 adnotavit:
473 2459 590 2490 Ultima
616 2466 728 2491 vestra
754 2461 922 2491 advocatio
952 2463 1016 2491 sit:
1048 2462 1134 2491 Laus
1164 2461 1244 2501 Deo,
1272 2461 1398 2492 domino
1426 2456 1637 2493 mundorum!

165 2589 192 2619 1)
213 2592 314 2615 Auctor
332 2592 440 2616 anmi-si
459 2594 662 2623 grammaticum
681 2594 763 2618 Inuus
781 2595 947 2624 appellatum
965 2595 1148 2625 interrogasse
1166 2595 1280 2625 scripsit.
