2155 2892
894 141 1164 171 —534—

135 240 166 268 2.
192 237 445 274 Quolsescunque
465 237 498 264 id
519 237 584 264 cibo
609 237 742 273 hospitis
767 238 947 273 implemus,
974 239 1075 267 cibum
1099 239 1257 275 hospitum
1281 238 1369 266 nobis
1398 240 1686 273 supervenientium
1712 243 1853 270 continet
1873 247 1931 272 aut

573 293 714 320 abundat
738 288 851 330 (elbo)
875 296 905 321 et
924 297 1047 330 partem
1071 295 1299 322 redundantem
1322 295 1479 333 relinquit.

235 360 338 390 Aheui
367 360 610 401 magnitudinem
640 361 781 399 pluribus
810 361 972 391 describit.
1027 362 1148 392 Carnes
1176 365 1206 392 iu
1235 372 1272 392 eo
1301 364 1424 402 positas
1460 363 1640 403 hospitibus
1678 368 1732 393 aut
1763 364 1926 406 sufficere,

135 436 196 466 etsi
223 436 312 464 multi
342 435 530 465 advenerint
556 439 609 465 aut
639 439 700 465 tam
730 436 842 465 multas
871 446 959 476 esse,
1001 442 1035 466 ut
1063 447 1137 476 pars
1171 437 1337 467 redundet.
1398 438 1488 468 Loco
1525 439 1615 468 vocis
1651 422 1760 476 &mitis
1794 439 1926 468 vocales

133 499 252 538 primae
281 498 399 527 formae
428 499 588 539 leguntur,
617 499 729 537 quibus
759 499 884 529 mutatis
912 510 1030 529 sensus
1067 500 1148 530 haud
1176 500 1313 531 ,multum
1351 500 1501 530 diversus
1540 505 1612 540 est3
1649 501 1704 530 sed
1742 501 1928 531 Mersukius

134 560 271 599 priorem
301 559 427 599 legendi
457 559 580 589 modum
611 560 852 598 praeferendum
882 566 982 599 putat.
1047 562 1090 592 Ut
1128 564 1294 593 verborum
1323 563 1437 601 prioris
1466 564 1564 602 partis
1593 563 1673 593 ratio
1702 563 1871 602 posteriori
1898 563 1928 592 in

134 623 243 652 verbis
273 625 339 669 &55
364 626 494 654 :adami
523 624 667 664 aequalis
695 625 750 663 sit,
778 635 889 654 vocem
919 625 990 669 [925
1020 634 1089 654 cum
1118 625 1216 654 verbo
1247 622 1352 668 &lagji
1379 625 1551 658 coniunxit.

980 718 1092 751 Vll.

607 782 750 817 Alius
773 782 894 817 «lixit
909 784 1149 823 (olan-wall
1174 784 1213 816 l».
1228 784 1462 825 Alward).

885 843 1021 881 (conf.
1049 853 1078 882 p.
1108 844 1178 879 ἣν).

232 916 317 946 Ante
348 925 459 945 vocem
488 920 553 959 {3552
582 916 842 955 aliquid'deesse
869 917 997 947 videtur
1013 921 1077 959 ,599
1115 923 1170 948 aut
1203 918 1307 953 simile
1347 922 1401 949 aut
1447 928 1546 950 voces
1587 924 1737 961 tauquam
1770 921 1850 951 alter
1877 923 1926 953 le-

132 978 231 1019 gendi
259 977 373 1007 modus
402 987 419 1007 a
450 978 553 1007 scriba
584 978 711 1008 additae
740 984 825 1009 sunt.

129 1074 157 1103 1.
203 1075 383 1112 Inlet'roya,
400 1083 416 1102 o
433 1077 532 1102 mater
552 1074 688 1103 Malici!
709 1079 804 1106 noctu
821 1077 1050 1116 advenientem,
1068 1079 1267 1114 indigentem,
1294 1080 1349 1116 qui
1360 1081 1466 1116 petere
1481 1087 1544 1106 mm
1561 1080 1663 1114 audet,
1689 1081 1771 1107 inter
1792 1079 1929 1109 ahenum

784 1140 885 1159 meum
909 1135 938 1160 el
962 1132 1062 1160 locum
1086 1133 1140 1161 ubi
1162 1136 1273 1165 macto,

228 1200 262 1228 In
288 1199 350 1228 hoc
379 1208 492 1238 versu,
521 1199 572 1237 qui
601 1208 668 1229 cum
696 1201 840 1238 proxime
868 1205 1024 1239 sequente
1052 1201 1160 1230 intime
1188 1201 1362 1238 cohaeret,
1398 1210 1531 1230 uxorem
1567 1205 1622 1231 aut
1649 1202 1742 1232 aliam
1770 1202 1928 1245 feminam,

131 1267 163 1292 ut
196 1262 312 1302 agendi
340 1262 493 1291 rationem
522 1263 676 1302 glorietur
700 1266 753 1291 aut
780 1267 889 1292 contra
925 1263 1193 1302 vituperationem
1229 1273 1266 1293 se
1302 1263 1470 1303 defendat,
1506 1263 1673 1302 alloquitur
1711 1264 1858 1305 hortans,
1895 1270 1930 1296 ut

132 1323 370 1364 interrogando,
399 1333 480 1362 quae
508 1323 608 1362 ipsius
635 1322 752 1363 agendi
779 1324 858 1352 ratio
887 1334 966 1364 erga
993 1324 1204 1354 advenientes
1232 1325 1286 1365 sit,
1315 1325 1501 1363 comperiat.
1566 1325 1768 1356 Scholiastes
1795 1327 1929 1358 formam

129 1387 187 1426 gua
214 1396 269 1425 pro
296 1383 370 1421 „tm
398 1386 442 1415 sic
469 1390 568 1414 ortam
598 1385 758 1414 describit.
812 1386 948 1415 Primum
976 1387 1080 1416 media
1116 1387 1223 1417 littera
1249 1386 1317 1416 Alit
1349 1386 1476 1416 abiecta
1511 1385 1646 1416 litteram
1687 1387 1745 1417 Sin
1780 1388 1928 1418 vocalem

130 1448 301 1487 accepisse
324 1452 354 1478 et
385 1457 478 1486 quum
507 1447 551 1476 ita
579 1447 660 1476 haec
687 1447 795 1477 littera
821 1449 925 1478 vocali
955 1450 1227 1489 pronunciaretur,
1256 1449 1405 1479 effectum
1434 1458 1532 1487 esse,
1559 1452 1592 1478 ut
1619 1449 1703 1488 prior
1730 1450 1836 1479 littera
1863 1449 1930 1480 Alit

131 1520 256 1551 qnoque
286 1511 486 1540 abiiceretur.
555 1510 678 1538 Littera
707 1509 781 1546 Alif,
811 1519 892 1548 quae
919 1516 993 1541 ante
1020 1512 1255 1550 imperativum,
1284 1512 1369 1552 quod
1396 1512 1494 1551 prima
1521 1511 1626 1541 littera
1653 1512 1798 1542 radicalis
1827 1513 1930 1543 vocali

130 1578 228 1613 caret,
258 1573 394 1613 ponitur,
423 1561 533 1610 Κᾼλκὲ]
561 1569 650 1619 ἰῧᾼῆἇῑ
679 1573 816 1610 (Ilamsa
843 1574 1011 1612 acquisita)
1040 1575 1225 1613 appellatur.
1274 1573 1400 1610 Locumj
1428 1574 1507 1603 inter
1543 1574 1678 1603 ahenum
1714 1579 1746 1603 et
1774 1576 1927 1604 camelum

129 1642 302 1667 mactatum
331 1637 524 1677 designasse
552 1636 691 1675 videtur,
721 1640 754 1665 ut
782 1636 993 1676 significaret,
1023 1636 1257 1676 advenientem,
1289 1644 1476 1674 quamquam
1505 1635 1546 1664 uil
1576 1640 1714 1676 peteret,
1743 1640 1849 1665 tamen
1874 1642 1929 1666 aut

131 1699 222 1729 unius
251 1703 306 1728 aut
334 1698 465 1728 alterius
494 1707 607 1727 carnes
635 1700 816 1737 accepisse.

129 1802 159 1830 2.
183 1802 269 1830 qum
289 1802 395 1830 vultus
417 1811 504 1830 meus
528 1803 637 1833 nileut,
664 1810 744 1838 quae
765 1803 868 1837 primu
891 1801 1116 1837 hosln'lalitalis
1138 1811 1216 1837 pars
1239 1804 1295 1838 est,
1320 1804 1350 1829 el
1368 1801 1550 1839 beneficium
1573 1810 1674 1830 meum
1696 1803 1730 1829 in
1752 1810 1821 1829 eum
1847 1805 1925 1825 6οη-

791 1855 895 1892 feram
915 1865 949 1882 re
975 1857 1103 1891 inqrcda
1126 1855 1269 1883 omissa?

230 1924 358 1954 Modum
386 1933 475 1954 sunm
505 1924 619 1965 agendi
647 1933 726 1964 erga
753 1923 898 1962 hospites
927 1923 1089 1952 describit.
1117 1923 1192 1952 'l'ria
1220 1928 1459 1960 commemorat,
1486 1933 1567 1962 quae
1594 1923 1653 1952 viri
1680 1922 1820 1953 liberalis
1839 1927 1925 1962 sunt,

130 1995 234 2023 unum,
247 1995 283 2014 se
299 1987 420 2015 vultum
437 1986 565 2015 hilarem
588 1985 773 2015 advenienti
795 1985 979 2024 ostendere,
997 1986 1046 2023 qui
1062 1984 1169 2025 gaudii
1186 1985 1333 2014 indicium
1354 1985 1407 2024 sit,
1419 1986 1564 2024 alterum,
1576 1994 1613 2013 se
1632 1985 1787 2014 beneficia
1802 1987 1830 2015 ei
1848 1985 1925 2015 dare

130 2051 162 2076 et
181 2048 317 2086 tertium,
337 2058 374 2077 se
394 2049 497 2078 omnia
526 2048 660 2087 evitare,
681 2057 762 2086 quae
789 2046 907 2085 hospiti
933 2047 1059 2086 ingrata
1086 2047 1159 2085 sint,
1179 2050 1272 2084 turpe
1293 2045 1374 2074 enim
1394 2045 1525 2075 habetur
1544 2045 1626 2084 apud
1647 2046 1784 2086 Arabes,
1812 2045 1925 2085 hospi-

131 2112 189 2138 tem
219 2108 459 2148 interrogandO,
488 2110 556 2147 quis
587 2110 629 2139 sit
658 2114 710 2139 aut
739 2109 790 2149 qui
815 2109 886 2138 [inis
915 2108 1037 2137 itineris
1065 2113 1128 2140 etc,
1158 2107 1305 2147 fatigare.
1336 2107 1459 2136 Initium
1487 2116 1604 2136 versus
1634 2116 1701 2135 cum
1723 2116 1806 2136 voce
1825 2109 1925 2145 prima

129 2178 243 2198 versus
273 2170 387 2208 prioris
414 2172 472 2208 ,gua
508 2166 722 2210 (interrogal)
760 2170 923 2199 cohaeret.
987 2169 1201 2209 Interrogatio
1238 2169 1339 2199 locum
1378 2168 1511 2198 secundi
1549 2169 1660 2198 obiecti
1698 2169 1788 2198 verbi
1824 2172 1922 2198 tenet.

131 2231 239 2261 Verba
263 2227 281 2258 ὅ
299 2229 324 2277 fi
354 2241 392 2260 an
420 2228 504 2260 non?
533 2242 653 2261 omissa
683 2237 769 2261 sunt.
823 2230 1065 2261 Grammaticus
1094 2230 1270 2260 Sibawaihi
1306 2230 1335 2259 in
1371 2229 1500 2259 scholiis
1537 2230 1705 2260 discrimen
1739 2232 1924 2270 interroga-

129 2292 263 2330 tionum,
293 2298 366 2332 post
395 2302 475 2332 quas
506 2293 556 2322 illa
583 2294 683 2323 verba
709 2293 809 2322 omitti
838 2292 982 2331 possint,
1020 2295 1074 2320 aut
1102 2291 1174 2330 poni
1201 2290 1348 2330 debeant,
1379 2292 1519 2330 exponit.
1581 2292 1758 2320 Pronomen
1785 2291 1814 2320 in
1844 2300 1925 2320 voce

129 2350 169 2381 adi
198 2353 237 2383 ad
265 2355 396 2383 verbum
416 2353 508 2397 ,Ql
539 2353 738 2383 referendum
768 2358 840 2392 est,
877 2356 911 2381 ut
938 2354 982 2380 sit
1013 2361 1068 2390 pro
1094 2349 1194 2395 ,kiza-«25¹
1223 2352 1281 2396 Οἵ,
1319 2355 1436 2393 quippe
1472 2355 1606 2384 verbum
1642 2363 1755 2383 nomen
1789 2354 1924 2383 actionis

130 2414 257 2443 indicet.
286 2415 427 2444 Eandem
452 2415 604 2444 rationem
622 2415 651 2443 in
672 2414 782 2443 verbis
801 2410 824 2440 ὦ
843 2411 892 2455 5762·
909 2411 974 2458 06
993 2406 1139 2450 &350⁴
1170 2413 1254 2451 »Qui
1282 2415 1443 2452 mentitur,
1472 2416 1500 2445 ei
1528 2416 1641 2445 malum
1672 2419 1743 2444 est«
1770 2415 1922 2456 inveniri3

130 2485 200 2504 nam
228 2485 246 2505 e
273 2477 371 2505 verbo
397 2471 499 2513 2206,
528 2477 706 2506 subiectum
735 2475 824 2505 verbi
852 2474 913 2520 Οἱς
946 2473 1027 2518 (vox
1051 2470 1180 2517 ψζυίἇῖ)
1208 2477 1359 2507 omissum
1388 2489 1476 2520 esse,
1496 2486 1695 2519 cognoscere
1720 2476 1803 2506 licet.
1832 2477 1923 2514 Quae

131 2547 183 2566 res
212 2538 358 2579 ingratae
386 2541 460 2577 sint,
489 2544 583 2568 autea
611 2539 809 2576 monuimus3
839 2537 897 2567 sed
920 2537 1257 2569 Abu-Mohannnedes
1278 2541 1426 2570 Alahrabi
1455 2549 1535 2570 voce
1555 2536 1633 2586 jhc
1657 2538 1791 2567 feminas
1819 2538 1924 2579 signi·

132 2598 217 2628 ficari
245 2605 360 2638 putans
388 2601 437 2630 sic
464 2610 595 2630 sensum
625 2601 781 2639 explicat:
810 2600 855 2630 Se
883 2609 991 2630 omnes
1019 2609 1091 2638 res,
1120 2609 1201 2639 quae
1227 2602 1257 2631 in
1286 2607 1445 2641 potestate
1472 2603 1555 2639 sint,
1591 2599 1708 2638 hospiti
1747 2600 1924 2630 concedere
