2155 2892
932 127 1201 158 -182—

171 225 200 256 b.
236 226 361 256 Minkar
399 228 498 254 metro
539 223 660 264 Redjes
701 230 795 256 utens
813 249 823 268 ,
865 227 917 257 cui
956 228 1123 268 sequentia
1160 227 1259 258 verba
1302 228 1478 258 tribuantur
1519 228 1628 266 (metr.
1663 228 1819 270 Redjes):
1864 233 1952 273 Ego

174 283 240 323 (p.
264 281 395 321 465.)
422 286 681 317 Alkolachus
710 288 740 318 b.
766 289 920 328 Djanab
950 288 980 319 b.
1007 289 1127 329 Djala
1152 299 1247 328 sum,
1275 290 1406 320 alterum
1433 289 1532 319 filium
1558 290 1646 320 Saidi
1673 301 1691 321 e
1718 297 1815 332 gente
1830 294 1951 324 Ahmru

173 352 201 380 b.
230 349 334 380 Maleo
363 348 521 379 dicentem
548 352 657 389 (metr.
686 350 848 390 ThawiU:
883 352 1099 392 Aequalia
1134 361 1211 382 non
1247 355 1361 393 sunt,
1397 361 1414 381 ο
1440 349 1585 382 Saide!
1613 361 1739 391 capsa
1765 353 1949 384 mulieris

170 412 509 451 thuribulumque
537 417 578 443 et
603 414 750 453 cuspis
779 415 954 444 lanceae
982 415 1172 446 inbellis
1202 421 1345 457 acuta,
1374 416 1734 455 tertiumAhnbafflam,
1762 417 1852 447 cuius
1869 417 1950 447 Dih-

171 475 251 504 bilus
278 474 360 504 inter
388 479 502 513 poetas
530 475 635 514 oppidi
661 476 768 505 Bazra
795 477 984 506 mentionem
1014 477 1137 508 fecerit.
1165 479 1296 508 Poetam
1325 482 1469 507 nostrum
1488 477 1583 507 filium
1598 478 1697 507 Hasni
1712 487 1799 507 esse.
1827 478 1952 507 Nomen

171 536 296 567 Kolach
321 537 482 569 inventum
508 541 541 567 et
567 546 629 567 non
657 538 844 568 translatum
871 541 928 568 est.
982 539 1123 569 Verbum
1152 539 1212 592 ἑὼ
1239 539 1376 569 barritus
1405 539 1514 569 cameli
1541 539 1665 570 modum
1692 540 1847 581 designat.

171 633 198 662 l.
226 634 408 670 Tumulum,
442 635 496 672 qui
520 633 652 663 Aribum
679 634 705 665 b.
735 633 869 663 Ahsalcs
897 636 1071 670 abscondit,
1102 633 1211 673 pluvia
1234 637 1327 665 nubis
1350 637 1477 673 irriqet,
1509 638 1601 666 euius
1623 638 1719 666 imber
1743 625 1815 666 mite
1837 638 1955 665 tonitru

995 688 1133 718 decidit!

266 762 308 793 Ut
336 762 488 801 tumulus,
516 762 567 801 qui
593 766 748 793 mortuum
776 763 961 804 abscondat,
989 763 1115 800 floreat,
1144 763 1265 804 largam
1293 762 1431 801 pluviam
1459 763 1486 792 ei
1514 766 1610 802 optat.
1662 763 1780 793 Similis
1808 764 1954 803 loquendi

171 825 283 855 modus
309 825 400 854 Ham.
430 835 459 864 p.
486 824 536 855 fvt
561 834 592 854 v.
624 825 655 854 2.
683 825 852 855 invenitur.
878 826 952 856 Vox
978 827 1062 862 Qs':
1090 825 1128 855 de
1156 826 1245 866 large
1275 825 1380 854 effusa
1406 825 1514 864 pluvia
1551 825 1692 855 adhiberi
1728 831 1855 868 putant3
1893 826 1952 856 sed

173 886 363 926 Djeuharius
391 886 464 915 voci
491 886 580 916 nubis
608 886 873 927 significationem
901 886 1018 916 tribuit.
1061 887 1173 922 Poeta,
1202 890 1234 916 ut
1260 886 1400 925 pluviam
1427 886 1547 926 largam
1575 895 1646 916 esse
1672 886 1846 928 significet,
1873 896 1953 916 voce

170 947 237 987 ῥῷ,
267 956 345 977 usus
374 951 426 977 est
451 952 483 976 et
511 946 733 977 vehementem
762 946 900 986 pluviam
929 952 1002 978 ante
1030 948 1146 978 tonitru
1175 950 1284 977 venire
1312 948 1407 987 dixit,
1447 958 1516 978 nam
1545 949 1575 977 in
1604 948 1741 988 pluviis,
1776 957 1856 986 quae
1884 958 1952 978 cum

171 1010 296 1051 fulgure
322 1014 355 1039 et
381 1009 497 1039 tonitru
524 1011 713 1039 coniunctae
741 1015 828 1051 sunt,
857 1010 965 1050 pluvia
993 1010 1111 1050 largius
1140 1009 1255 1039 effundi
1282 1010 1378 1050 solet,
1406 1010 1433 1039 si
1461 1014 1531 1040 ante
1559 1010 1675 1039 tonitru
1701 1009 1808 1039 audito
1836 1009 1953 1039 effundi

171 1073 286 1111 incipit.
327 1072 416 1102 Voce
442 1069 531 1117 02:23
560 1073 621 1102 hoc
649 1072 678 1102 in
703 1082 800 1104 versu
825 1075 905 1104 coeli
932 1075 1096 1116 regionem
1125 1074 1299 1115 significari
1327 1074 1452 1113 dicunt,
1481 1082 1560 1113 quae
1577 1073 1668 1109 ,inter
1694 1073 1804 1102 lracae
1831 1072 1955 1113 plagam

172 1134 409 1164 meridionalem
436 1139 467 1164 et
493 1135 594 1164 solem
621 1135 819 1166 occidentem
847 1139 898 1167 sit.
952 1137 1026 1167 Inde
1055 1138 1162 1177 pluvia
1197 1138 1333 1165 maxime
1373 1140 1603 1174 exspectatur,
1640 1144 1721 1174 quae
1758 1144 1813 1173 per
1849 1135 1955 1173 plures

171 1196 239 1226 dies
267 1196 371 1238 durat,
398 1201 434 1227 ut
460 1197 515 1227 vix
542 1207 633 1237 spem
663 1198 761 1228 fallat.
813 1198 847 1227 In
874 1198 1035 1237 Djeuharii
1064 1208 1160 1237 opere
1189 1199 1286 1239 lego:
1324 1194 1389 1233 &Uel
1414 1194 1516 1241 &ij-‘ll
1543 1195 1606 1234 ἐῷ
1632 1209 1712 1242 02⁴4,
1739 1208 1788 1242 σε
1817 1195 1840 1224 la
1865 1194 1954 1242 0....Δὶ

170 1258 236 1306 g—ffia
261 1256 282 1287 ἵ
308 1257 370 1295 seht
391 1257 455 1305 ’ῥεια
480 1258 585 1306 02⁸³&
614 1259 702 1307 &9251
729 1261 786 1299 ῥῷ
811 1276 853 1300 Ο».
878 1258 1021 1299 &gh-<tadi
1051 1260 1176 1289 nawa«
1217 1261 1291 1290 Vox
1321 1257 1410 1306 02:215
1438 1260 1534 1301 plaga
1562 1260 1591 1289 in
1617 1259 1717 1288 latere
1745 1258 1878 1288 dextera
1903 1268 1955 1288 re-

170 1322 273 1363 gionis
301 1323 449 1352 australis
479 1324 588 1353 Iracae
616 1328 675 1353 est.
728 1324 869 1356 Dicitur:
906 1324 1017 1354 Nubes
1055 1325 1093 1354 ab
1130 1326 1193 1354 ista
1231 1324 1361 1364 regione
1397 1327 1466 1353 orta
1494 1327 1554 1353 est.
1608 1322 1681 1352 Vox
1709 1319 1798 1367 02³-ss
1828 1331 1953 1361 quoque

170 1383 308 1423 pluviam
334 1394 390 1423 per
415 1384 521 1424 plures
549 1385 617 1414 dies
646 1384 808 1415 durantem
836 1385 1032 1427 significat«.
1088 1385 1323 1416 Grammaticus
1352 1385 1552 1415 Abu-sAhla
1578 1387 1609 1414 in
1628 1384 1813 1423 explicando
1833 1385 1953 1414 nomine

172 1446 293 1475 Arib
332 1456 412 1476 voce
451 1446 634 1485 prudentem
670 1446 831 1488 designari
870 1448 948 1477 dixit
986 1453 1019 1478 et
1051 1459 1183 1478 versum
1220 1450 1385 1479 Ahntarae
1422 1455 1608 1489 sequentem
1647 1449 1812 1478 adnotavit
1845 1449 1952 1487 (metr.

172 1505 311 1552 Wafir):
337 1508 422 1539 Una
448 1509 543 1539 vice
572 1509 657 1539 levi
680 1509 769 1539 ictu
796 1511 1061 1551 vulneravit,
1089 1512 1228 1541 altera
1254 1514 1346 1541 vice
1373 1511 1532 1541 occidit
1559 1516 1597 1542 et
1625 1512 1716 1542 odio
1744 1513 1952 1552 impletum

172 1581 243 1611 per
270 1571 516 1610 prudentem
548 1572 746 1613 adfligit3
784 1572 1048 1613 significationem
1076 1579 1180 1604 autem
1209 1575 1345 1620 sagittae
1373 1575 1401 1603 in
1428 1574 1500 1603 ludo
1528 1575 1626 1604 felicis
1655 1585 1710 1613 per
1737 1575 1952 1615 metaphoram

171 1642 189 1662 a
216 1633 284 1661 viro
311 1632 485 1663 desumtam
511 1643 609 1675 esse,
647 1634 737 1673 quasi
772 1635 909 1674 prudens
942 1639 975 1664 et
1009 1636 1174 1666 victoriam
1211 1642 1325 1676 petens
1361 1637 1411 1666 sit.
1472 1637 1603 1667 Poetam
1641 1638 1806 1668 Alalisclia
1833 1638 1953 1668 dixisse

171 1693 507 1733 (metr.Motakarib):
534 1694 576 1724 Si
603 1705 734 1724 senex
762 1705 856 1733 sum,
883 1695 946 1725 die
973 1705 1208 1727 consessus
1235 1708 1253 1728 a
1281 1699 1431 1737 poculo
1459 1699 1592 1737 amplo
1621 1700 1817 1730 auxilium
1845 1707 1949 1740 peto.

171 1757 297 1786 Nomen
318 1756 448 1786 Alisahs
476 1767 494 1786 a
520 1758 618 1786 verbo
639 1769 758 1798 Quam:
778 1757 996 1798 derivandum,
1024 1759 1103 1798 quod
1131 1762 1288 1791 contrario
1315 1761 1405 1791 modo
1433 1765 1496 1790 tam
1524 1762 1675 1791 advenire
1705 1764 1806 1793 noctis
1834 1764 1951 1793 obscu-

171 1818 295 1848 ritatem
323 1828 415 1858 quam
442 1818 528 1848 abire
555 1819 724 1860 significat.
778 1820 865 1849 Dixit
889 1825 984 1858 poeta
1014 1826 1110 1851 metro
1137 1822 1259 1862 Redjes
1287 1827 1398 1856 utens:
1426 1824 1571 1853 Donec
1599 1824 1754 1863 quando
1785 1825 1951 1854 Aurora

172 1880 262 1910 eius
291 1881 451 1910 illucet
478 1886 518 1910 et
546 1891 626 1911 nox
654 1882 700 1911 ab
731 1891 775 1911 ea
803 1882 986 1912 recessit
1016 1883 1219 1923 abiitque.

171 1978 202 2005 2.
225 1978 365 2011 Dumna,
391 1981 433 2012 ut,
458 1987 552 2016 quum
574 1980 606 2006 in
628 1981 731 2007 terrae
751 1981 907 2016 reqionem
929 1988 1025 2008 onera
1046 1990 1106 2009 sua
1127 1981 1240 2015 abiicit,
1265 1984 1333 2011 eius
1348 1984 1466 2021 fluctus
1487 1986 1590 2010 lert-ae
1614 1992 1739 2018 campos
1762 1986 1853 2020 teqat.

269 2046 409 2076 Pluviam
437 2051 581 2085 tanquam
609 2047 770 2077 durantem
799 2053 829 2078 et
856 2048 978 2089 largam
1004 2049 1161 2079 describit.
1212 2051 1262 2080 Ex
1290 2051 1427 2081 adhibita
1455 2060 1534 2080 voce
1555 2049 1632 2081 mh:
1651 2052 1849 2090 (subsistens
1866 2050 1950 2094 loco)

171 2107 309 2146 pluviam
336 2117 407 2138 cum
434 2109 554 2138 camelo
581 2111 735 2148 onerario,
770 2111 867 2151 cuius,
896 2114 926 2141 si
952 2111 1052 2151 aliquo
1080 2113 1150 2142 loco
1177 2113 1337 2153 subsistit,
1366 2122 1462 2142 onera
1488 2113 1705 2154 deponuntur,
1741 2120 1950 2153 comparatam

169 2178 256 2206 esse,
283 2172 517 2210 cognoscimus·
570 2170 707 2201 Similem
735 2172 882 2212 loquendi
908 2173 1031 2203 modum
1056 2174 1086 2203 in
1113 2175 1273 2205 Moallaka
1299 2170 1650 2206 An¹1·u-1'Kaisiv.77.
1678 2176 1847 2206 adhibitum
1875 2186 1950 2206 esse

169 2231 328 2263 videmus,
355 2232 461 2262 Verbo
475 2234 563 2262 &uid
578 2234 706 2273 tegendi
722 2235 986 2275 significationem
1004 2246 1089 2266 esse.
1125 2238 1200 2267 Inde
1217 2247 1329 2268 nomen
1346 2239 1452 2278 gentis
1470 2238 1607 2269 Ghamid
1625 2235 1647 2281 ¹)
1675 2239 1715 2269 ad
1734 2244 1861 2279 gentem
1882 2239 1950 2268 Asd

172 2294 358 2332 pertinentis
386 2281 562 2324 derivatuni
589 2305 676 2335 esse,
704 2306 785 2335 quae
813 2307 831 2327 a
858 2298 997 2339 tegendo
1024 2300 1218 2329 condonandi
1235 2306 1367 2339 peccata
1384 2301 1644 2341 significationem
1665 2303 1831 2342 acceperit,
1859 2307 1891 2331 ut
1921 2303 1950 2331 in

173 2360 326 2395 sequente
353 2367 450 2387 versu
479 2358 587 2397 (metr.
613 2358 772 2398 Thawil):
810 2360 996 2400 Crimen,
1032 2361 1135 2399 quod
1165 2361 1276 2390 inter
1303 2367 1467 2402 gentem
1495 2373 1618 2392 meam
1646 2367 1755 2402 erat,
1793 2364 1878 2393 texi
1907 2370 1949 2394 et

172 2426 242 2446 rex
274 2417 509 2448 Hadhurita
536 2429 593 2449 me
623 2419 797 2451 Ghamid
827 2421 1079 2460 appellavit.
1132 2423 1334 2461 Djeuharius,
1354 2427 1407 2464 qui
1426 2425 1482 2453 sub
1505 2425 1608 2455 radice
1620 2434 1703 2469 5⁴²>
1716 2434 1847 2454 versum
1868 2425 1948 2456 hunc

171 2477 343 2518 adnotavit,
371 2479 536 2510 Hodhur
564 2491 678 2512 nornen
705 2483 809 2522 oppidj
835 2483 865 2512 in
892 2483 1007 2512 Arabia
1035 2483 1126 2513 felice
1153 2493 1229 2513 esse
1256 2485 1345 2515 dixit.
1405 2487 1480 2515 Vox
1503 2487 1564 2524 &5⁵
1590 2486 1733 2526 regulum
1760 2486 1789 2516 in
1817 2487 1947 2528 regione

191 2559 217 2587 t)
236 2560 265 2583 In
285 2562 391 2585 Kamusi
411 2570 490 2593 opere
509 2565 633 2596 legimuS‚
653 2567 762 2591 Ghamid
781 2574 928 2599 cognomen
948 2569 999 2593 viri
1019 2570 1116 2593 Ohmar
1134 2571 1156 2593 b.
1179 2570 1348 2595 Anba-Anah
1368 2571 1496 2601 appellati
1509 2577 1575 2594 esse.
1609 2569 1684 2599 Eum,
1703 2568 1946 2599 quiauctornovae

237 2608 321 2636 gentis
341 2608 421 2632 ruisse
441 2611 542 2641 dicitur,
561 2618 708 2643 cognomen
727 2615 864 2644 accepisse
883 2615 986 2646 volunt,
1005 2618 1074 2646 quod
1093 2623 1135 2640 res
1154 2617 1222 2641 inter
1241 2621 1348 2648 gentem
1367 2617 1391 2641 in
1412 2618 1507 2641 bouum
1524 2618 1622 2640 statum
1641 2615 1781 2645 redigeret.
