<?xml version="1.0" encoding="UTF-8"?>
<!DOCTYPE html PUBLIC "-//W3C//DTD XHTML 1.0 Transitional//EN"
    "http://www.w3.org/TR/xhtml1/DTD/xhtml1-transitional.dtd">
<html xmlns="http://www.w3.org/1999/xhtml" xml:lang="en" lang="en">
 <head>
  <title>
</title>
<meta http-equiv="Content-Type" content="text/html;charset=utf-8" />
  <meta name='ocr-system' content='tesseract 3.04.00' />
  <meta name='ocr-capabilities' content='ocr_page ocr_carea ocr_par ocr_line ocrx_word'/>
</head>
<body>
  <div class='ocr_page' id='page_1' title='image "./p2hamassaecarmin02abbiuoft_0344.png"; bbox 0 0 2155 2892; ppageno 0'>
   <div class='ocr_carea' id='block_1_1' title="bbox 887 114 1154 146">
    <p class='ocr_par' dir='ltr' id='par_1_1' title="bbox 887 114 1154 146">
     <span class='ocr_line' id='line_1_1' title="bbox 887 114 1154 146; baseline -0.004 0"><span class='ocrx_word' id='word_1_1' title='bbox 887 114 1154 146; x_wconf 78' lang='lat'><strong>-332—</strong></span> 
     </span>
    </p>
   </div>
   <div class='ocr_carea' id='block_1_2' title="bbox 947 236 1126 270">
    <p class='ocr_par' dir='ltr' id='par_1_2' title="bbox 947 236 1126 270">
     <span class='ocr_line' id='line_1_2' title="bbox 947 236 1126 270; baseline -0.006 -1"><span class='ocrx_word' id='word_1_2' title='bbox 947 236 1126 270; x_wconf 68' lang='lat' dir='ltr'><strong>XXXI·</strong></span> 
     </span>
    </p>
   </div>
   <div class='ocr_carea' id='block_1_3' title="bbox 597 315 1447 428">
    <p class='ocr_par' dir='ltr' id='par_1_3' title="bbox 597 315 1447 428">
     <span class='ocr_line' id='line_1_3' title="bbox 597 315 1447 359; baseline 0 -9"><span class='ocrx_word' id='word_1_3' title='bbox 597 316 755 359; x_wconf 77' lang='lat' dir='ltr'>Bon-‹lj</span> <span class='ocrx_word' id='word_1_4' title='bbox 781 317 825 350; x_wconf 77' lang='lat' dir='ltr'>h.</span> <span class='ocrx_word' id='word_1_5' title='bbox 848 316 1041 349; x_wconf 69' lang='lat' dir='ltr'>Nloshh·</span> <span class='ocrx_word' id='word_1_6' title='bbox 1063 315 1289 357; x_wconf 76' lang='lat' dir='ltr'>Tnajjita</span> <span class='ocrx_word' id='word_1_7' title='bbox 1312 316 1447 350; x_wconf 75' lang='lat' dir='ltr'>dixit.</span> 
     </span>
     <span class='ocr_line' id='line_1_4' title="bbox 829 388 1218 428; baseline 0 -11"><span class='ocrx_word' id='word_1_8' title='bbox 829 388 931 427; x_wconf 86' lang='lat' dir='ltr'>(conf.</span> <span class='ocrx_word' id='word_1_9' title='bbox 958 389 1051 418; x_wconf 87' lang='lat' dir='ltr'>Ham.</span> <span class='ocrx_word' id='word_1_10' title='bbox 1079 398 1108 428; x_wconf 92' lang='lat' dir='ltr'>p.</span> <span class='ocrx_word' id='word_1_11' title='bbox 1137 389 1218 428; x_wconf 66' lang='grc' dir='ltr'>ἱνα).</span> 
     </span>
    </p>
   </div>
   <div class='ocr_carea' id='block_1_4' title="bbox 134 462 1922 693">
    <p class='ocr_par' dir='ltr' id='par_1_4' title="bbox 134 462 1922 693">
     <span class='ocr_line' id='line_1_5' title="bbox 232 462 1920 503; baseline -0.001 -7"><span class='ocrx_word' id='word_1_12' title='bbox 232 464 468 496; x_wconf 84' lang='lat' dir='ltr'><strong>Grammaticus</strong></span> <span class='ocrx_word' id='word_1_13' title='bbox 496 465 693 495; x_wconf 77' lang='lat' dir='ltr'>Abu—l&#39;Ahla</span> <span class='ocrx_word' id='word_1_14' title='bbox 720 474 832 494; x_wconf 91' lang='lat' dir='ltr'>nomen</span> <span class='ocrx_word' id='word_1_15' title='bbox 860 473 878 493; x_wconf 88' lang='lat' dir='ltr'>a</span> <span class='ocrx_word' id='word_1_16' title='bbox 905 463 981 492; x_wconf 82' lang='lat' dir='ltr'>turri</span> <span class='ocrx_word' id='word_1_17' title='bbox 1009 462 1189 493; x_wconf 88' lang='lat' dir='ltr'>desumtum</span> <span class='ocrx_word' id='word_1_18' title='bbox 1221 473 1297 493; x_wconf 88' lang='lat' dir='ltr'>esse</span> <span class='ocrx_word' id='word_1_19' title='bbox 1328 466 1448 492; x_wconf 87' lang='lat' dir='ltr'>censet.</span> <span class='ocrx_word' id='word_1_20' title='bbox 1501 462 1638 503; x_wconf 81' lang='lat' dir='ltr'>Antiquo</span> <span class='ocrx_word' id='word_1_21' title='bbox 1666 467 1805 502; x_wconf 89' lang='lat' dir='ltr'>tempore</span> <span class='ocrx_word' id='word_1_22' title='bbox 1834 463 1920 494; x_wconf 86' lang='lat' dir='ltr'>Ara-</span> 
     </span>
     <span class='ocr_line' id='line_1_6' title="bbox 134 525 1922 578; baseline -0.002 -20"><span class='ocrx_word' id='word_1_23' title='bbox 134 528 224 558; x_wconf 90' lang='lat' dir='ltr'>bibus</span> <span class='ocrx_word' id='word_1_24' title='bbox 252 528 345 569; x_wconf 86' lang='lat' dir='ltr'>signa</span> <span class='ocrx_word' id='word_1_25' title='bbox 371 528 469 568; x_wconf 78' lang='lat' dir='ltr'>coeli,</span> <span class='ocrx_word' id='word_1_26' title='bbox 500 537 631 567; x_wconf 88' lang='lat' dir='ltr'>qnorum</span> <span class='ocrx_word' id='word_1_27' title='bbox 658 527 768 557; x_wconf 88' lang='lat' dir='ltr'>notitia</span> <span class='ocrx_word' id='word_1_28' title='bbox 794 527 867 558; x_wconf 88' lang='lat' dir='ltr'>Sur.</span> <span class='ocrx_word' id='word_1_29' title='bbox 895 526 952 566; x_wconf 79' lang='lat'>25,</span> <span class='ocrx_word' id='word_1_30' title='bbox 981 525 1026 555; x_wconf 79' lang='lat'>62</span> <span class='ocrx_word' id='word_1_31' title='bbox 1055 530 1214 563; x_wconf 85' lang='lat' dir='ltr'>occurrat,</span> <span class='ocrx_word' id='word_1_32' title='bbox 1243 526 1353 566; x_wconf 87' lang='lat' dir='ltr'>ignota</span> <span class='ocrx_word' id='word_1_33' title='bbox 1378 525 1489 554; x_wconf 90' lang='lat' dir='ltr'>fuisse.</span> <span class='ocrx_word' id='word_1_34' title='bbox 1517 525 1637 555; x_wconf 84' lang='lat' dir='ltr'><strong>Vocem</strong></span> <span class='ocrx_word' id='word_1_35' title='bbox 1665 537 1721 578; x_wconf 59' lang='lat'>&lt;35³</span> <span class='ocrx_word' id='word_1_36' title='bbox 1753 525 1782 554; x_wconf 91' lang='lat' dir='ltr'>in</span> <span class='ocrx_word' id='word_1_37' title='bbox 1809 525 1922 565; x_wconf 86' lang='lat' dir='ltr'>ampli-</span> 
     </span>
     <span class='ocr_line' id='line_1_7' title="bbox 135 586 1920 642; baseline -0.001 -23"><span class='ocrx_word' id='word_1_38' title='bbox 135 589 241 620; x_wconf 83' lang='lat' dir='ltr'><strong>tudine</strong></span> <span class='ocrx_word' id='word_1_39' title='bbox 270 590 350 620; x_wconf 88' lang='lat' dir='ltr'>oculi</span> <span class='ocrx_word' id='word_1_40' title='bbox 377 594 409 619; x_wconf 90' lang='lat' dir='ltr'>et</span> <span class='ocrx_word' id='word_1_41' title='bbox 434 599 546 619; x_wconf 86' lang='lat' dir='ltr'>vocem</span> <span class='ocrx_word' id='word_1_42' title='bbox 573 586 629 642; x_wconf 58' lang='lat' dir='ltr'>&amp;La</span> <span class='ocrx_word' id='word_1_43' title='bbox 655 590 685 618; x_wconf 90' lang='lat' dir='ltr'>in</span> <span class='ocrx_word' id='word_1_44' title='bbox 712 590 814 628; x_wconf 87' lang='lat' dir='ltr'>ampla</span> <span class='ocrx_word' id='word_1_45' title='bbox 840 593 964 628; x_wconf 83' lang='lat' dir='ltr'>natura,</span> <span class='ocrx_word' id='word_1_46' title='bbox 992 588 1095 618; x_wconf 90' lang='lat' dir='ltr'>indole</span> <span class='ocrx_word' id='word_1_47' title='bbox 1121 588 1268 618; x_wconf 82' lang='lat' dir='ltr'><strong>adhiberi.</strong></span> <span class='ocrx_word' id='word_1_48' title='bbox 1331 587 1385 617; x_wconf 81' lang='lat' dir='ltr'>Sic</span> <span class='ocrx_word' id='word_1_49' title='bbox 1416 589 1447 617; x_wconf 87' lang='lat' dir='ltr'>iu</span> <span class='ocrx_word' id='word_1_50' title='bbox 1474 597 1572 617; x_wconf 90' lang='lat' dir='ltr'>versu</span> <span class='ocrx_word' id='word_1_51' title='bbox 1599 589 1690 618; x_wconf 87' lang='lat' dir='ltr'>metri</span> <span class='ocrx_word' id='word_1_52' title='bbox 1717 587 1838 628; x_wconf 86' lang='lat' dir='ltr'>Redjes</span> <span class='ocrx_word' id='word_1_53' title='bbox 1866 597 1920 618; x_wconf 90' lang='lat' dir='ltr'>re-</span> 
     </span>
     <span class='ocr_line' id='line_1_8' title="bbox 136 649 1922 693; baseline -0.001 -11"><span class='ocrx_word' id='word_1_54' title='bbox 136 652 231 692; x_wconf 84' lang='lat' dir='ltr'>periri</span> <span class='ocrx_word' id='word_1_55' title='bbox 258 657 433 692; x_wconf 88' lang='lat' dir='ltr'>sequente:</span> <span class='ocrx_word' id='word_1_56' title='bbox 468 652 634 682; x_wconf 87' lang='lat' dir='ltr'>Utinam</span> <span class='ocrx_word' id='word_1_57' title='bbox 673 660 751 693; x_wconf 85' lang='lat' dir='ltr'>ego</span> <span class='ocrx_word' id='word_1_58' title='bbox 792 651 914 681; x_wconf 91' lang='lat' dir='ltr'>domo</span> <span class='ocrx_word' id='word_1_59' title='bbox 943 660 1021 679; x_wconf 93' lang='lat' dir='ltr'>non</span> <span class='ocrx_word' id='word_1_60' title='bbox 1057 649 1265 689; x_wconf 80' lang='lat' dir='ltr'>prodiens</span> <span class='ocrx_word' id='word_1_61' title='bbox 1293 653 1406 678; x_wconf 85' lang='lat' dir='ltr'>ante</span> <span class='ocrx_word' id='word_1_62' title='bbox 1433 654 1614 689; x_wconf 83' lang='lat' dir='ltr'>tempus</span> <span class='ocrx_word' id='word_1_63' title='bbox 1642 650 1922 680; x_wconf 86' lang='lat' dir='ltr'>matutinum</span> 
     </span>
    </p>
   </div>
   <div class='ocr_carea' id='block_1_5' title="bbox 137 710 1924 817">
    <p class='ocr_par' dir='ltr' id='par_1_5' title="bbox 137 710 1924 817">
     <span class='ocr_line' id='line_1_9' title="bbox 137 710 1924 753; baseline -0.001 -10"><span class='ocrx_word' id='word_1_64' title='bbox 137 722 274 743; x_wconf 88' lang='lat' dir='ltr'>amore</span> <span class='ocrx_word' id='word_1_65' title='bbox 302 718 450 752; x_wconf 87' lang='lat' dir='ltr'>captus</span> <span class='ocrx_word' id='word_1_66' title='bbox 479 723 623 742; x_wconf 89' lang='lat' dir='ltr'>essem</span> <span class='ocrx_word' id='word_1_67' title='bbox 644 713 844 742; x_wconf 87' lang='lat' dir='ltr'>mulieris</span> <span class='ocrx_word' id='word_1_68' title='bbox 870 711 1005 750; x_wconf 88' lang='lat' dir='ltr'>ampla</span> <span class='ocrx_word' id='word_1_69' title='bbox 1033 710 1199 740; x_wconf 82' lang='lat' dir='ltr'>indole</span> <span class='ocrx_word' id='word_1_70' title='bbox 1222 711 1492 753; x_wconf 78' lang='lat' dir='ltr'>praeditae,</span> <span class='ocrx_word' id='word_1_71' title='bbox 1522 712 1670 742; x_wconf 88' lang='lat' dir='ltr'>matris</span> <span class='ocrx_word' id='word_1_72' title='bbox 1698 714 1817 752; x_wconf 88' lang='lat' dir='ltr'>pueri</span> <span class='ocrx_word' id='word_1_73' title='bbox 1846 717 1924 742; x_wconf 91' lang='lat' dir='ltr'>aut</span> 
     </span>
     <span class='ocr_line' id='line_1_10' title="bbox 137 775 754 817; baseline -0.002 -12"><span class='ocrx_word' id='word_1_74' title='bbox 137 777 338 815; x_wconf 87' lang='lat' dir='ltr'>repentis</span> <span class='ocrx_word' id='word_1_75' title='bbox 367 775 754 817; x_wconf 86' lang='lat' dir='ltr'>autgradientis.</span> 
     </span>
    </p>
   </div>
   <div class='ocr_carea' id='block_1_6' title="bbox 137 882 1933 1550">
    <p class='ocr_par' dir='ltr' id='par_1_6' title="bbox 137 882 1924 976">
     <span class='ocr_line' id='line_1_11' title="bbox 137 882 1924 926; baseline 0.002 -13"><span class='ocrx_word' id='word_1_76' title='bbox 137 885 165 914; x_wconf 88' lang='lat'>1.</span> <span class='ocrx_word' id='word_1_77' title='bbox 211 884 340 920; x_wconf 76' lang='lat' dir='ltr'><em>Quoties</em></span> <span class='ocrx_word' id='word_1_78' title='bbox 368 886 537 922; x_wconf 79' lang='lat' dir='ltr'>compotori</span> <span class='ocrx_word' id='word_1_79' title='bbox 553 884 661 922; x_wconf 67' lang='lat' dir='ltr'>poculi</span> <span class='ocrx_word' id='word_1_80' title='bbox 689 884 820 914; x_wconf 80' lang='lat' dir='ltr'>delicias</span> <span class='ocrx_word' id='word_1_81' title='bbox 850 888 980 923; x_wconf 74' lang='lat' dir='ltr'>auqenli</span> <span class='ocrx_word' id='word_1_82' title='bbox 1005 889 1112 923; x_wconf 81' lang='lat' dir='ltr'>potum</span> <span class='ocrx_word' id='word_1_83' title='bbox 1133 887 1266 923; x_wconf 78' lang='lat' dir='ltr'><em>praebui</em></span> <span class='ocrx_word' id='word_1_84' title='bbox 1284 886 1440 914; x_wconf 80' lang='lat' dir='ltr'><em>sideribus</em></span> <span class='ocrx_word' id='word_1_85' title='bbox 1462 886 1505 915; x_wconf 85' lang='lat' dir='ltr'>ad</span> <span class='ocrx_word' id='word_1_86' title='bbox 1524 895 1672 914; x_wconf 79' lang='lat' dir='ltr'>occasum</span> <span class='ocrx_word' id='word_1_87' title='bbox 1716 882 1924 926; x_wconf 67' lang='grc'><strong>(11.561.)</strong></span> 
     </span>
     <span class='ocr_line' id='line_1_12' title="bbox 922 938 1144 976; baseline -0.005 -8"><span class='ocrx_word' id='word_1_88' title='bbox 922 940 1122 976; x_wconf 71' lang='lat' dir='ltr'>rerqentibus</span> <span class='ocrx_word' id='word_1_89' title='bbox 1130 938 1144 967; x_wconf 77' lang='lat' dir='ltr'>l</span> 
     </span>
    </p>

    <p class='ocr_par' dir='ltr' id='par_1_7' title="bbox 140 1006 1933 1550">
     <span class='ocr_line' id='line_1_13' title="bbox 247 1006 1928 1048; baseline 0 -11"><span class='ocrx_word' id='word_1_90' title='bbox 247 1009 282 1037; x_wconf 92' lang='lat' dir='ltr'>In</span> <span class='ocrx_word' id='word_1_91' title='bbox 314 1006 402 1036; x_wconf 89' lang='lat' dir='ltr'>hisce</span> <span class='ocrx_word' id='word_1_92' title='bbox 438 1006 589 1035; x_wconf 86' lang='lat' dir='ltr'>versibus</span> <span class='ocrx_word' id='word_1_93' title='bbox 625 1012 720 1046; x_wconf 85' lang='lat' dir='ltr'>poeta</span> <span class='ocrx_word' id='word_1_94' title='bbox 755 1009 853 1037; x_wconf 84' lang='lat' dir='ltr'>vitam</span> <span class='ocrx_word' id='word_1_95' title='bbox 881 1017 972 1038; x_wconf 88' lang='lat' dir='ltr'>suam</span> <span class='ocrx_word' id='word_1_96' title='bbox 1001 1009 1140 1039; x_wconf 85' lang='lat' dir='ltr'>liberalis</span> <span class='ocrx_word' id='word_1_97' title='bbox 1167 1012 1199 1038; x_wconf 88' lang='lat' dir='ltr'>et</span> <span class='ocrx_word' id='word_1_98' title='bbox 1227 1007 1404 1048; x_wconf 81' lang='lat' dir='ltr'>prodigam,</span> <span class='ocrx_word' id='word_1_99' title='bbox 1433 1016 1493 1047; x_wconf 87' lang='lat' dir='ltr'>qua</span> <span class='ocrx_word' id='word_1_100' title='bbox 1521 1006 1740 1046; x_wconf 85' lang='lat' dir='ltr'>voluptatibus</span> <span class='ocrx_word' id='word_1_101' title='bbox 1765 1016 1803 1036; x_wconf 87' lang='lat' dir='ltr'>se</span> <span class='ocrx_word' id='word_1_102' title='bbox 1828 1006 1928 1046; x_wconf 85' lang='lat' dir='ltr'>daret,</span> 
     </span>
     <span class='ocr_line' id='line_1_14' title="bbox 140 1068 1929 1110; baseline -0.002 -9"><span class='ocrx_word' id='word_1_103' title='bbox 140 1071 315 1110; x_wconf 81' lang='lat' dir='ltr'>descripsit.</span> <span class='ocrx_word' id='word_1_104' title='bbox 369 1070 475 1100; x_wconf 88' lang='lat' dir='ltr'>Sensu</span> <span class='ocrx_word' id='word_1_105' title='bbox 502 1070 598 1110; x_wconf 84' lang='lat' dir='ltr'>igitur</span> <span class='ocrx_word' id='word_1_106' title='bbox 625 1070 663 1100; x_wconf 85' lang='lat' dir='ltr'>ad</span> <span class='ocrx_word' id='word_1_107' title='bbox 691 1075 787 1110; x_wconf 85' lang='lat' dir='ltr'>caput</span> <span class='ocrx_word' id='word_1_108' title='bbox 814 1069 942 1110; x_wconf 29' lang='lat' dir='ltr'>*qm-&#39;xli</span> <span class='ocrx_word' id='word_1_109' title='bbox 970 1070 1154 1110; x_wconf 86' lang='lat' dir='ltr'>inscriptum</span> <span class='ocrx_word' id='word_1_110' title='bbox 1184 1079 1245 1099; x_wconf 88' lang='lat' dir='ltr'>non</span> <span class='ocrx_word' id='word_1_111' title='bbox 1272 1069 1440 1108; x_wconf 79' lang='lat' dir='ltr'>pertinent.</span> <span class='ocrx_word' id='word_1_112' title='bbox 1469 1068 1514 1098; x_wconf 90' lang='lat' dir='ltr'>Se</span> <span class='ocrx_word' id='word_1_113' title='bbox 1540 1072 1667 1097; x_wconf 88' lang='lat' dir='ltr'>noctem</span> <span class='ocrx_word' id='word_1_114' title='bbox 1694 1068 1769 1097; x_wconf 89' lang='lat' dir='ltr'>vino</span> <span class='ocrx_word' id='word_1_115' title='bbox 1797 1068 1929 1098; x_wconf 87' lang='lat' dir='ltr'>bibendo</span> 
     </span>
     <span class='ocr_line' id='line_1_15' title="bbox 141 1129 1930 1178; baseline -0.003 -13"><span class='ocrx_word' id='word_1_116' title='bbox 141 1145 211 1165; x_wconf 90' lang='lat' dir='ltr'>cum</span> <span class='ocrx_word' id='word_1_117' title='bbox 228 1138 410 1172; x_wconf 87' lang='lat' dir='ltr'>compotore</span> <span class='ocrx_word' id='word_1_118' title='bbox 431 1132 565 1162; x_wconf 90' lang='lat' dir='ltr'>iucundo</span> <span class='ocrx_word' id='word_1_119' title='bbox 593 1133 718 1172; x_wconf 87' lang='lat' dir='ltr'>saepius</span> <span class='ocrx_word' id='word_1_120' title='bbox 746 1136 914 1175; x_wconf 78' lang='lat' dir='ltr'>peregisse</span> <span class='ocrx_word' id='word_1_121' title='bbox 941 1134 1024 1163; x_wconf 88' lang='lat' dir='ltr'>dicit.</span> <span class='ocrx_word' id='word_1_122' title='bbox 1077 1133 1186 1163; x_wconf 86' lang='lat' dir='ltr'>Verba</span> <span class='ocrx_word' id='word_1_123' title='bbox 1214 1129 1285 1169; x_wconf 51' lang='lat'>[4255</span> <span class='ocrx_word' id='word_1_124' title='bbox 1303 1129 1401 1172; x_wconf 46' lang='grc' dir='ltr'>ΘΛΚΗ</span> <span class='ocrx_word' id='word_1_125' title='bbox 1418 1136 1495 1178; x_wconf 50' lang='lat' dir='ltr'>Qfi</span> <span class='ocrx_word' id='word_1_126' title='bbox 1518 1135 1639 1172; x_wconf 79' lang='lat' dir='ltr'>»auget</span> <span class='ocrx_word' id='word_1_127' title='bbox 1665 1132 1811 1170; x_wconf 89' lang='lat' dir='ltr'>poculum</span> <span class='ocrx_word' id='word_1_128' title='bbox 1838 1130 1930 1160; x_wconf 86' lang='lat' dir='ltr'>boni-</span> 
     </span>
     <span class='ocr_line' id='line_1_16' title="bbox 147 1193 1929 1236; baseline -0.003 -8"><span class='ocrx_word' id='word_1_129' title='bbox 147 1202 234 1227; x_wconf 84' lang='lat' dir='ltr'>tate«</span> <span class='ocrx_word' id='word_1_130' title='bbox 265 1194 467 1236; x_wconf 77' lang='lat' dir='ltr'>significant,</span> <span class='ocrx_word' id='word_1_131' title='bbox 508 1200 720 1234; x_wconf 83' lang='lat' dir='ltr'>compotorem</span> <span class='ocrx_word' id='word_1_132' title='bbox 749 1205 896 1225; x_wconf 84' lang='lat' dir='ltr'>sermone</span> <span class='ocrx_word' id='word_1_133' title='bbox 923 1195 1055 1225; x_wconf 85' lang='lat' dir='ltr'>iucundo</span> <span class='ocrx_word' id='word_1_134' title='bbox 1085 1195 1247 1233; x_wconf 79' lang='lat' dir='ltr'>effecisse,</span> <span class='ocrx_word' id='word_1_135' title='bbox 1275 1199 1310 1225; x_wconf 91' lang='lat' dir='ltr'>ut</span> <span class='ocrx_word' id='word_1_136' title='bbox 1338 1196 1444 1225; x_wconf 89' lang='lat' dir='ltr'>vinum</span> <span class='ocrx_word' id='word_1_137' title='bbox 1471 1194 1650 1224; x_wconf 86' lang='lat' dir='ltr'>bibentibus</span> <span class='ocrx_word' id='word_1_138' title='bbox 1678 1193 1802 1235; x_wconf 86' lang='lat' dir='ltr'>gratius</span> <span class='ocrx_word' id='word_1_139' title='bbox 1829 1197 1929 1226; x_wconf 77' lang='lat' dir='ltr'>esset.</span> 
     </span>
     <span class='ocr_line' id='line_1_17' title="bbox 142 1256 1932 1296; baseline -0.002 -6"><span class='ocrx_word' id='word_1_140' title='bbox 142 1259 293 1290; x_wconf 86' lang='lat' dir='ltr'>Poculum</span> <span class='ocrx_word' id='word_1_141' title='bbox 318 1258 379 1287; x_wconf 86' lang='lat' dir='ltr'>hoc</span> <span class='ocrx_word' id='word_1_142' title='bbox 406 1259 437 1287; x_wconf 88' lang='lat' dir='ltr'>in</span> <span class='ocrx_word' id='word_1_143' title='bbox 466 1257 533 1286; x_wconf 83' lang='lat' dir='ltr'>loco</span> <span class='ocrx_word' id='word_1_144' title='bbox 562 1266 617 1296; x_wconf 92' lang='lat' dir='ltr'>pro</span> <span class='ocrx_word' id='word_1_145' title='bbox 645 1258 719 1286; x_wconf 93' lang='lat' dir='ltr'>vino</span> <span class='ocrx_word' id='word_1_146' title='bbox 747 1259 886 1296; x_wconf 88' lang='lat' dir='ltr'>positum</span> <span class='ocrx_word' id='word_1_147' title='bbox 925 1263 986 1287; x_wconf 88' lang='lat' dir='ltr'>est.</span> <span class='ocrx_word' id='word_1_148' title='bbox 1040 1259 1118 1288; x_wconf 86' lang='lat' dir='ltr'>Post</span> <span class='ocrx_word' id='word_1_149' title='bbox 1147 1258 1281 1288; x_wconf 87' lang='lat' dir='ltr'>verbum</span> <span class='ocrx_word' id='word_1_150' title='bbox 1309 1260 1415 1294; x_wconf 52' lang='lat' dir='ltr'>Qim</span> <span class='ocrx_word' id='word_1_151' title='bbox 1447 1256 1600 1287; x_wconf 85' lang='lat' dir='ltr'>suffixum</span> <span class='ocrx_word' id='word_1_152' title='bbox 1626 1268 1639 1284; x_wconf 66' lang='grc' dir='ltr'><strong>ν</strong></span> <span class='ocrx_word' id='word_1_153' title='bbox 1667 1266 1753 1286; x_wconf 89' lang='lat' dir='ltr'>eum</span> <span class='ocrx_word' id='word_1_154' title='bbox 1781 1256 1932 1286; x_wconf 87' lang='lat' dir='ltr'>omissum</span> 
     </span>
     <span class='ocr_line' id='line_1_18' title="bbox 142 1317 1932 1366; baseline -0.003 -13"><span class='ocrx_word' id='word_1_155' title='bbox 142 1328 201 1354; x_wconf 90' lang='lat' dir='ltr'>est.</span> <span class='ocrx_word' id='word_1_156' title='bbox 264 1322 353 1351; x_wconf 80' lang='lat' dir='ltr'>Loco</span> <span class='ocrx_word' id='word_1_157' title='bbox 393 1320 481 1349; x_wconf 85' lang='lat' dir='ltr'>verbi</span> <span class='ocrx_word' id='word_1_158' title='bbox 510 1322 618 1364; x_wconf 35' lang='grc' dir='ltr'>εὖγε-ἰ’</span> <span class='ocrx_word' id='word_1_159' title='bbox 644 1321 674 1349; x_wconf 90' lang='lat' dir='ltr'>in</span> <span class='ocrx_word' id='word_1_160' title='bbox 702 1320 860 1350; x_wconf 85' lang='lat' dir='ltr'>Mersukii</span> <span class='ocrx_word' id='word_1_161' title='bbox 888 1321 997 1351; x_wconf 87' lang='lat' dir='ltr'>codice</span> <span class='ocrx_word' id='word_1_162' title='bbox 1023 1325 1164 1366; x_wconf 41' lang='lat' dir='ltr'>&amp;tad-23,</span> <span class='ocrx_word' id='word_1_163' title='bbox 1192 1331 1272 1361; x_wconf 87' lang='lat' dir='ltr'>quae</span> <span class='ocrx_word' id='word_1_164' title='bbox 1299 1331 1365 1351; x_wconf 84' lang='lat' dir='ltr'>vox</span> <span class='ocrx_word' id='word_1_165' title='bbox 1390 1321 1420 1350; x_wconf 90' lang='lat' dir='ltr'>in</span> <span class='ocrx_word' id='word_1_166' title='bbox 1455 1320 1590 1350; x_wconf 72' lang='lat' dir='ltr'>&#39;l&#39;ebrisii</span> <span class='ocrx_word' id='word_1_167' title='bbox 1617 1318 1724 1349; x_wconf 87' lang='lat' dir='ltr'>codice</span> <span class='ocrx_word' id='word_1_168' title='bbox 1750 1317 1932 1357; x_wconf 86' lang='lat' dir='ltr'>subscripta</span> 
     </span>
     <span class='ocr_line' id='line_1_19' title="bbox 143 1380 1933 1426; baseline -0.004 -10"><span class='ocrx_word' id='word_1_169' title='bbox 143 1390 206 1426; x_wconf 74' lang='lat' dir='ltr'>est,</span> <span class='ocrx_word' id='word_1_170' title='bbox 233 1384 350 1425; x_wconf 87' lang='lat' dir='ltr'>legitur</span> <span class='ocrx_word' id='word_1_171' title='bbox 379 1387 412 1412; x_wconf 92' lang='lat' dir='ltr'>et</span> <span class='ocrx_word' id='word_1_172' title='bbox 438 1382 468 1411; x_wconf 90' lang='lat' dir='ltr'>in</span> <span class='ocrx_word' id='word_1_173' title='bbox 494 1381 624 1411; x_wconf 83' lang='lat' dir='ltr'>scholiis</span> <span class='ocrx_word' id='word_1_174' title='bbox 654 1382 831 1421; x_wconf 82' lang='lat' dir='ltr'>explicatur</span> <span class='ocrx_word' id='word_1_175' title='bbox 864 1383 883 1412; x_wconf 90' lang='lat' dir='ltr'>i.</span> <span class='ocrx_word' id='word_1_176' title='bbox 918 1392 945 1411; x_wconf 88' lang='lat' dir='ltr'>e.</span> <span class='ocrx_word' id='word_1_177' title='bbox 973 1382 1057 1412; x_wconf 88' lang='lat' dir='ltr'>latus</span> <span class='ocrx_word' id='word_1_178' title='bbox 1085 1392 1178 1413; x_wconf 85' lang='lat' dir='ltr'>suum</span> <span class='ocrx_word' id='word_1_179' title='bbox 1201 1384 1241 1413; x_wconf 89' lang='lat' dir='ltr'>ad</span> <span class='ocrx_word' id='word_1_180' title='bbox 1268 1393 1418 1414; x_wconf 87' lang='lat' dir='ltr'>occasum</span> <span class='ocrx_word' id='word_1_181' title='bbox 1444 1382 1612 1424; x_wconf 82' lang='lat' dir='ltr'>vergebat.</span> <span class='ocrx_word' id='word_1_182' title='bbox 1665 1380 1874 1420; x_wconf 73' lang='lat' dir='ltr'>Scholiastes7</span> <span class='ocrx_word' id='word_1_183' title='bbox 1898 1383 1933 1410; x_wconf 80' lang='lat' dir='ltr'>ut</span> 
     </span>
     <span class='ocr_line' id='line_1_20' title="bbox 143 1441 1933 1489; baseline -0.004 -12"><span class='ocrx_word' id='word_1_184' title='bbox 143 1447 407 1489; x_wconf 81' lang='lat' dir='ltr'>significationem</span> <span class='ocrx_word' id='word_1_185' title='bbox 434 1445 592 1484; x_wconf 77' lang='lat' dir='ltr'>probaret,</span> <span class='ocrx_word' id='word_1_186' title='bbox 620 1448 792 1484; x_wconf 85' lang='lat' dir='ltr'>sequentes</span> <span class='ocrx_word' id='word_1_187' title='bbox 819 1453 935 1474; x_wconf 86' lang='lat' dir='ltr'>versus</span> <span class='ocrx_word' id='word_1_188' title='bbox 960 1444 1073 1474; x_wconf 89' lang='lat' dir='ltr'>adtulit</span> <span class='ocrx_word' id='word_1_189' title='bbox 1102 1445 1208 1484; x_wconf 84' lang='lat' dir='ltr'>(metr.</span> <span class='ocrx_word' id='word_1_190' title='bbox 1237 1445 1371 1485; x_wconf 86' lang='lat' dir='ltr'>Sarih):</span> <span class='ocrx_word' id='word_1_191' title='bbox 1399 1446 1439 1474; x_wconf 88' lang='lat' dir='ltr'>lu</span> <span class='ocrx_word' id='word_1_192' title='bbox 1466 1444 1713 1474; x_wconf 86' lang='lat' dir='ltr'>dexteram</span> <span class='ocrx_word' id='word_1_193' title='bbox 1740 1446 1785 1472; x_wconf 88' lang='lat' dir='ltr'>et</span> <span class='ocrx_word' id='word_1_194' title='bbox 1823 1441 1933 1471; x_wconf 87' lang='lat' dir='ltr'>sini-</span> 
     </span>
     <span class='ocr_line' id='line_1_21' title="bbox 144 1503 1932 1550; baseline -0.006 -8"><span class='ocrx_word' id='word_1_195' title='bbox 144 1515 267 1542; x_wconf 88' lang='lat' dir='ltr'>stram</span> <span class='ocrx_word' id='word_1_196' title='bbox 302 1514 465 1549; x_wconf 87' lang='lat' dir='ltr'>partem</span> <span class='ocrx_word' id='word_1_197' title='bbox 492 1505 525 1550; x_wconf 91' lang='lat' dir='ltr'>(o</span> <span class='ocrx_word' id='word_1_198' title='bbox 554 1504 730 1549; x_wconf 85' lang='lat' dir='ltr'>camela)</span> <span class='ocrx_word' id='word_1_199' title='bbox 759 1506 796 1535; x_wconf 86' lang='lat' dir='ltr'>in</span> <span class='ocrx_word' id='word_1_200' title='bbox 823 1507 892 1536; x_wconf 89' lang='lat' dir='ltr'>via</span> <span class='ocrx_word' id='word_1_201' title='bbox 918 1507 1077 1536; x_wconf 90' lang='lat' dir='ltr'>incede</span> <span class='ocrx_word' id='word_1_202' title='bbox 1105 1512 1149 1537; x_wconf 90' lang='lat' dir='ltr'>et</span> <span class='ocrx_word' id='word_1_203' title='bbox 1185 1517 1387 1547; x_wconf 72' lang='lat' dir='ltr'>pascere,</span> <span class='ocrx_word' id='word_1_204' title='bbox 1424 1504 1773 1546; x_wconf 88' lang='lat' dir='ltr'>quemadmodum</span> <span class='ocrx_word' id='word_1_205' title='bbox 1807 1503 1932 1534; x_wconf 89' lang='lat' dir='ltr'>sidus</span> 
     </span>
    </p>
   </div>
   <div class='ocr_carea' id='block_1_7' title="bbox 148 1569 1933 1607">
    <p class='ocr_par' dir='ltr' id='par_1_8' title="bbox 148 1569 1933 1607">
     <span class='ocr_line' id='line_1_22' title="bbox 148 1569 1933 1607; baseline -0.004 -4"><span class='ocrx_word' id='word_1_206' title='bbox 148 1572 317 1604; x_wconf 87' lang='lat' dir='ltr'>Orionis</span> <span class='ocrx_word' id='word_1_207' title='bbox 356 1573 395 1601; x_wconf 90' lang='lat' dir='ltr'>in</span> <span class='ocrx_word' id='word_1_208' title='bbox 437 1570 590 1600; x_wconf 87' lang='lat' dir='ltr'>latere</span> <span class='ocrx_word' id='word_1_209' title='bbox 631 1569 825 1599; x_wconf 78' lang='lat' dir='ltr'>siderum</span> <span class='ocrx_word' id='word_1_210' title='bbox 852 1569 1050 1599; x_wconf 81' lang='lat' dir='ltr'>incedit.</span> <span class='ocrx_word' id='word_1_211' title='bbox 1103 1570 1185 1600; x_wconf 87' lang='lat' dir='ltr'>Hic</span> <span class='ocrx_word' id='word_1_212' title='bbox 1212 1569 1583 1599; x_wconf 64' lang='lat' dir='ltr'>Abu-FKasimus</span> <span class='ocrx_word' id='word_1_213' title='bbox 1624 1571 1715 1607; x_wconf 82' lang='lat' dir='ltr'>est3</span> <span class='ocrx_word' id='word_1_214' title='bbox 1743 1569 1933 1597; x_wconf 84' lang='lat' dir='ltr'>consiste</span> 
     </span>
    </p>
   </div>
   <div class='ocr_carea' id='block_1_8' title="bbox 147 1631 307 1676">
    <p class='ocr_par' dir='ltr' id='par_1_9' title="bbox 147 1631 307 1676">
     <span class='ocr_line' id='line_1_23' title="bbox 147 1631 307 1676; baseline -0.006 -12"><span class='ocrx_word' id='word_1_215' title='bbox 147 1631 307 1676; x_wconf 87' lang='lat' dir='ltr'>igitur!</span> 
     </span>
    </p>
   </div>
   <div class='ocr_carea' id='block_1_9' title="bbox 151 1725 1783 1787">
    <p class='ocr_par' dir='ltr' id='par_1_10' title="bbox 151 1725 1783 1787">
     <span class='ocr_line' id='line_1_24' title="bbox 151 1725 1783 1766; baseline -0.005 -6"><span class='ocrx_word' id='word_1_216' title='bbox 151 1733 183 1760; x_wconf 80' lang='lat'>2.</span> <span class='ocrx_word' id='word_1_217' title='bbox 227 1731 310 1759; x_wconf 76' lang='lat' dir='ltr'>Eius</span> <span class='ocrx_word' id='word_1_218' title='bbox 334 1732 429 1766; x_wconf 74' lang='lat' dir='ltr'>capul</span> <span class='ocrx_word' id='word_1_219' title='bbox 449 1727 567 1756; x_wconf 60' lang='lat' dir='ltr'>sustuli</span> <span class='ocrx_word' id='word_1_220' title='bbox 586 1730 617 1755; x_wconf 80' lang='lat' dir='ltr'>et</span> <span class='ocrx_word' id='word_1_221' title='bbox 635 1737 692 1764; x_wconf 83' lang='lat' dir='ltr'>per</span> <span class='ocrx_word' id='word_1_222' title='bbox 714 1736 831 1755; x_wconf 81' lang='lat' dir='ltr'>merum</span> <span class='ocrx_word' id='word_1_223' title='bbox 855 1729 960 1756; x_wconf 68' lang='lat' dir='ltr'>vinum</span> <span class='ocrx_word' id='word_1_224' title='bbox 985 1729 1225 1764; x_wconf 75' lang='lat' dir='ltr'>riluperanle&#39;emz</span> <span class='ocrx_word' id='word_1_225' title='bbox 1248 1727 1521 1763; x_wconf 77' lang='lat' dir='ltr'>reprehensionem</span> <span class='ocrx_word' id='word_1_226' title='bbox 1544 1725 1581 1754; x_wconf 83' lang='lat' dir='ltr'>ab</span> <span class='ocrx_word' id='word_1_227' title='bbox 1602 1734 1636 1753; x_wconf 82' lang='lat' dir='ltr'>eo</span> <span class='ocrx_word' id='word_1_228' title='bbox 1659 1725 1783 1753; x_wconf 80' lang='lat' dir='ltr'>removi.</span> 
     </span>
     <span class='ocr_line' id='line_1_25' title="bbox 727 1767 736 1787; baseline 0 0"><span class='ocrx_word' id='word_1_229' title='bbox 727 1767 736 1787; x_wconf 70' lang='grc'>’1</span> 
     </span>
    </p>
   </div>
   <div class='ocr_carea' id='block_1_10' title="bbox 151 1793 1939 2027">
    <p class='ocr_par' dir='ltr' id='par_1_11' title="bbox 151 1793 1939 2027">
     <span class='ocr_line' id='line_1_26' title="bbox 251 1793 1932 1837; baseline -0.005 -8"><span class='ocrx_word' id='word_1_230' title='bbox 251 1799 476 1837; x_wconf 87' lang='lat' dir='ltr'>Compotorem</span> <span class='ocrx_word' id='word_1_231' title='bbox 503 1806 537 1826; x_wconf 87' lang='lat' dir='ltr'>se</span> <span class='ocrx_word' id='word_1_232' title='bbox 562 1796 634 1825; x_wconf 86' lang='lat' dir='ltr'>vino</span> <span class='ocrx_word' id='word_1_233' title='bbox 663 1795 862 1825; x_wconf 85' lang='lat' dir='ltr'>exhilarasse</span> <span class='ocrx_word' id='word_1_234' title='bbox 892 1795 976 1826; x_wconf 89' lang='lat' dir='ltr'>dicit.</span> <span class='ocrx_word' id='word_1_235' title='bbox 1030 1797 1229 1827; x_wconf 86' lang='lat' dir='ltr'>Scholiastes</span> <span class='ocrx_word' id='word_1_236' title='bbox 1256 1797 1355 1826; x_wconf 82' lang='lat' dir='ltr'>verba</span> <span class='ocrx_word' id='word_1_237' title='bbox 1387 1796 1474 1825; x_wconf 86' lang='lat' dir='ltr'>»eius</span> <span class='ocrx_word' id='word_1_238' title='bbox 1502 1798 1598 1833; x_wconf 89' lang='lat' dir='ltr'>caput</span> <span class='ocrx_word' id='word_1_239' title='bbox 1625 1793 1759 1822; x_wconf 84' lang='lat' dir='ltr'>sustuli«</span> <span class='ocrx_word' id='word_1_240' title='bbox 1791 1800 1932 1821; x_wconf 87' lang='lat' dir='ltr'>somnum</span> 
     </span>
     <span class='ocr_line' id='line_1_27' title="bbox 151 1854 1933 1902; baseline -0.006 -9"><span class='ocrx_word' id='word_1_241' title='bbox 151 1866 299 1902; x_wconf 85' lang='lat' dir='ltr'>spectare</span> <span class='ocrx_word' id='word_1_242' title='bbox 326 1861 410 1899; x_wconf 84' lang='lat' dir='ltr'>dicit,</span> <span class='ocrx_word' id='word_1_243' title='bbox 438 1864 490 1899; x_wconf 86' lang='lat' dir='ltr'>ut,</span> <span class='ocrx_word' id='word_1_244' title='bbox 520 1869 590 1888; x_wconf 86' lang='lat' dir='ltr'>eum</span> <span class='ocrx_word' id='word_1_245' title='bbox 617 1869 634 1888; x_wconf 83' lang='lat' dir='ltr'>e</span> <span class='ocrx_word' id='word_1_246' title='bbox 662 1868 772 1887; x_wconf 87' lang='lat' dir='ltr'>somno</span> <span class='ocrx_word' id='word_1_247' title='bbox 801 1859 963 1888; x_wconf 75' lang='lat' dir='ltr'>excitasse</span> <span class='ocrx_word' id='word_1_248' title='bbox 990 1864 1217 1897; x_wconf 84' lang='lat' dir='ltr'>compotorem,</span> <span class='ocrx_word' id='word_1_249' title='bbox 1248 1858 1452 1899; x_wconf 81' lang='lat' dir='ltr'>significent3</span> <span class='ocrx_word' id='word_1_250' title='bbox 1480 1856 1538 1886; x_wconf 88' lang='lat' dir='ltr'>sed</span> <span class='ocrx_word' id='word_1_251' title='bbox 1565 1855 1670 1895; x_wconf 87' lang='lat' dir='ltr'>potius</span> <span class='ocrx_word' id='word_1_252' title='bbox 1699 1854 1856 1883; x_wconf 89' lang='lat' dir='ltr'>tristitiam</span> <span class='ocrx_word' id='word_1_253' title='bbox 1895 1862 1933 1882; x_wconf 90' lang='lat' dir='ltr'>se</span> 
     </span>
     <span class='ocr_line' id='line_1_28' title="bbox 151 1915 1939 1964; baseline -0.005 -11"><span class='ocrx_word' id='word_1_254' title='bbox 151 1924 308 1964; x_wconf 74' lang='lat' dir='ltr'>fugasse,</span> <span class='ocrx_word' id='word_1_255' title='bbox 348 1926 444 1961; x_wconf 88' lang='lat' dir='ltr'>poeta</span> <span class='ocrx_word' id='word_1_256' title='bbox 479 1921 571 1961; x_wconf 80' lang='lat' dir='ltr'>dicit,</span> <span class='ocrx_word' id='word_1_257' title='bbox 613 1925 647 1949; x_wconf 91' lang='lat' dir='ltr'>ut</span> <span class='ocrx_word' id='word_1_258' title='bbox 674 1921 732 1957; x_wconf 80' lang='lat' dir='ltr'>iis,</span> <span class='ocrx_word' id='word_1_259' title='bbox 761 1920 809 1958; x_wconf 86' lang='lat' dir='ltr'>qui</span> <span class='ocrx_word' id='word_1_260' title='bbox 836 1920 941 1949; x_wconf 86' lang='lat' dir='ltr'>viuum</span> <span class='ocrx_word' id='word_1_261' title='bbox 969 1921 1126 1950; x_wconf 86' lang='lat' dir='ltr'>bibentem</span> <span class='ocrx_word' id='word_1_262' title='bbox 1153 1923 1384 1961; x_wconf 68' lang='lat' dir='ltr'>vituperarent,</span> <span class='ocrx_word' id='word_1_263' title='bbox 1414 1919 1536 1949; x_wconf 88' lang='lat' dir='ltr'>omnino</span> <span class='ocrx_word' id='word_1_264' title='bbox 1564 1927 1625 1947; x_wconf 91' lang='lat' dir='ltr'>non</span> <span class='ocrx_word' id='word_1_265' title='bbox 1657 1915 1849 1946; x_wconf 85' lang='lat' dir='ltr'>credendum</span> <span class='ocrx_word' id='word_1_266' title='bbox 1884 1924 1939 1945; x_wconf 89' lang='lat' dir='ltr'>es-</span> 
     </span>
     <span class='ocr_line' id='line_1_29' title="bbox 153 1977 1936 2027; baseline -0.006 -11"><span class='ocrx_word' id='word_1_267' title='bbox 153 1991 211 2017; x_wconf 91' lang='lat' dir='ltr'>set.</span> <span class='ocrx_word' id='word_1_268' title='bbox 273 1986 307 2015; x_wconf 90' lang='lat' dir='ltr'>ln</span> <span class='ocrx_word' id='word_1_269' title='bbox 333 1984 423 2014; x_wconf 81' lang='lat' dir='ltr'>vocis</span> <span class='ocrx_word' id='word_1_270' title='bbox 450 1986 534 2027; x_wconf 45' lang='grc' dir='ltr'>ἔξω</span> <span class='ocrx_word' id='word_1_271' title='bbox 568 1982 799 2023; x_wconf 83' lang='lat' dir='ltr'>significatione</span> <span class='ocrx_word' id='word_1_272' title='bbox 826 1987 974 2012; x_wconf 78' lang='lat' dir='ltr'>accurate</span> <span class='ocrx_word' id='word_1_273' title='bbox 1009 1982 1186 2014; x_wconf 79' lang='lat' dir='ltr'>definienda</span> <span class='ocrx_word' id='word_1_274' title='bbox 1221 1982 1440 2023; x_wconf 82' lang='lat' dir='ltr'>lexicographi</span> <span class='ocrx_word' id='word_1_275' title='bbox 1467 1990 1528 2010; x_wconf 91' lang='lat' dir='ltr'>non</span> <span class='ocrx_word' id='word_1_276' title='bbox 1556 1980 1680 2009; x_wconf 90' lang='lat' dir='ltr'>omnino</span> <span class='ocrx_word' id='word_1_277' title='bbox 1725 1977 1936 2008; x_wconf 87' lang='lat' dir='ltr'>consentiunt.</span> 
     </span>
    </p>
   </div>
   <div class='ocr_carea' id='block_1_11' title="bbox 154 2044 1327 2087">
    <p class='ocr_par' dir='ltr' id='par_1_12' title="bbox 154 2044 1327 2087">
     <span class='ocr_line' id='line_1_30' title="bbox 154 2044 1327 2087; baseline -0.003 -9"><span class='ocrx_word' id='word_1_278' title='bbox 154 2049 217 2078; x_wconf 87' lang='lat' dir='ltr'>Alii</span> <span class='ocrx_word' id='word_1_279' title='bbox 245 2057 364 2077; x_wconf 87' lang='lat' dir='ltr'>merum</span> <span class='ocrx_word' id='word_1_280' title='bbox 394 2050 513 2084; x_wconf 89' lang='lat' dir='ltr'>vinum,</span> <span class='ocrx_word' id='word_1_281' title='bbox 540 2045 590 2075; x_wconf 88' lang='lat' dir='ltr'>alii</span> <span class='ocrx_word' id='word_1_282' title='bbox 617 2045 720 2084; x_wconf 59' lang='lat' dir='ltr'>pauc-82</span> <span class='ocrx_word' id='word_1_283' title='bbox 748 2045 832 2084; x_wconf 70' lang='lat' dir='ltr'>aquai</span> <span class='ocrx_word' id='word_1_284' title='bbox 860 2044 986 2074; x_wconf 79' lang='lat' dir='ltr'>mixtum</span> <span class='ocrx_word' id='word_1_285' title='bbox 1014 2046 1186 2087; x_wconf 82' lang='lat' dir='ltr'>significari</span> <span class='ocrx_word' id='word_1_286' title='bbox 1211 2046 1327 2076; x_wconf 90' lang='lat' dir='ltr'>dicunt.</span> 
     </span>
    </p>
   </div>
   <div class='ocr_carea' id='block_1_12' title="bbox 155 2148 1941 2566">
    <p class='ocr_par' dir='ltr' id='par_1_13' title="bbox 155 2148 1939 2247">
     <span class='ocr_line' id='line_1_31' title="bbox 155 2148 1939 2194; baseline -0.006 -10"><span class='ocrx_word' id='word_1_287' title='bbox 155 2158 186 2186; x_wconf 89' lang='lat'>3.</span> <span class='ocrx_word' id='word_1_288' title='bbox 230 2157 277 2185; x_wconf 80' lang='lat' dir='ltr'>Et</span> <span class='ocrx_word' id='word_1_289' title='bbox 297 2165 392 2194; x_wconf 81' lang='lat' dir='ltr'>quum</span> <span class='ocrx_word' id='word_1_290' title='bbox 415 2155 518 2183; x_wconf 77' lang='lat' dir='ltr'>ebrius</span> <span class='ocrx_word' id='word_1_291' title='bbox 537 2156 646 2192; x_wconf 79' lang='lat' dir='ltr'>factus</span> <span class='ocrx_word' id='word_1_292' title='bbox 667 2158 758 2191; x_wconf 82' lang='lat' dir='ltr'>esset,</span> <span class='ocrx_word' id='word_1_293' title='bbox 774 2157 822 2183; x_wconf 76' lang='lat' dir='ltr'>vir</span> <span class='ocrx_word' id='word_1_294' title='bbox 844 2155 982 2183; x_wconf 76' lang='lat' dir='ltr'>liberalis</span> <span class='ocrx_word' id='word_1_295' title='bbox 1003 2156 1084 2182; x_wconf 77' lang='lat' dir='ltr'>inter</span> <span class='ocrx_word' id='word_1_296' title='bbox 1106 2155 1201 2190; x_wconf 78' lang='lat' dir='ltr'>rit-os,</span> <span class='ocrx_word' id='word_1_297' title='bbox 1221 2153 1357 2191; x_wconf 71' lang='lat' dir='ltr'>perfecto</span> <span class='ocrx_word' id='word_1_298' title='bbox 1379 2161 1508 2189; x_wconf 83' lang='lat' dir='ltr'>corpore</span> <span class='ocrx_word' id='word_1_299' title='bbox 1527 2150 1702 2188; x_wconf 80' lang='lat' dir='ltr'>praeditus,</span> <span class='ocrx_word' id='word_1_300' title='bbox 1728 2148 1838 2176; x_wconf 72' lang='lat' dir='ltr'>hiemis</span> <span class='ocrx_word' id='word_1_301' title='bbox 1859 2148 1939 2174; x_wconf 82' lang='lat' dir='ltr'>tem-</span> 
     </span>
     <span class='ocr_line' id='line_1_32' title="bbox 795 2208 1293 2247; baseline -0.008 -9"><span class='ocrx_word' id='word_1_302' title='bbox 795 2219 872 2247; x_wconf 77' lang='lat' dir='ltr'>pore</span> <span class='ocrx_word' id='word_1_303' title='bbox 887 2218 960 2245; x_wconf 79' lang='lat' dir='ltr'>opes</span> <span class='ocrx_word' id='word_1_304' title='bbox 983 2216 1118 2244; x_wconf 73' lang='lat' dir='ltr'>eroqans</span> <span class='ocrx_word' id='word_1_305' title='bbox 1140 2208 1293 2236; x_wconf 60' lang='lat' dir='ltr'>surrexit.</span> 
     </span>
    </p>

    <p class='ocr_par' dir='ltr' id='par_1_14' title="bbox 159 2267 1941 2566">
     <span class='ocr_line' id='line_1_33' title="bbox 255 2267 1940 2318; baseline -0.008 -9"><span class='ocrx_word' id='word_1_306' title='bbox 255 2279 351 2309; x_wconf 90' lang='lat' dir='ltr'>Suam</span> <span class='ocrx_word' id='word_1_307' title='bbox 377 2278 595 2308; x_wconf 82' lang='lat' dir='ltr'>liberalitatem</span> <span class='ocrx_word' id='word_1_308' title='bbox 624 2278 804 2318; x_wconf 79' lang='lat' dir='ltr'>praedieat3</span> <span class='ocrx_word' id='word_1_309' title='bbox 835 2277 910 2315; x_wconf 86' lang='lat' dir='ltr'>sed,</span> <span class='ocrx_word' id='word_1_310' title='bbox 939 2282 973 2307; x_wconf 89' lang='lat' dir='ltr'>ut</span> <span class='ocrx_word' id='word_1_311' title='bbox 1002 2286 1156 2307; x_wconf 87' lang='lat' dir='ltr'>summam</span> <span class='ocrx_word' id='word_1_312' title='bbox 1183 2275 1399 2305; x_wconf 80' lang='lat' dir='ltr'>liberalitatem</span> <span class='ocrx_word' id='word_1_313' title='bbox 1431 2272 1598 2310; x_wconf 85' lang='lat' dir='ltr'>describat,</span> <span class='ocrx_word' id='word_1_314' title='bbox 1625 2280 1662 2300; x_wconf 90' lang='lat' dir='ltr'>se</span> <span class='ocrx_word' id='word_1_315' title='bbox 1691 2269 1811 2300; x_wconf 84' lang='lat' dir='ltr'>ebrium</span> <span class='ocrx_word' id='word_1_316' title='bbox 1838 2267 1940 2297; x_wconf 81' lang='lat' dir='ltr'>fuisse</span> 
     </span>
     <span class='ocr_line' id='line_1_34' title="bbox 159 2329 1941 2380; baseline -0.007 -9"><span class='ocrx_word' id='word_1_317' title='bbox 159 2341 244 2380; x_wconf 81' lang='lat' dir='ltr'>dicit,</span> <span class='ocrx_word' id='word_1_318' title='bbox 275 2345 306 2371; x_wconf 81' lang='lat' dir='ltr'>ut</span> <span class='ocrx_word' id='word_1_319' title='bbox 332 2341 447 2370; x_wconf 87' lang='lat' dir='ltr'>nullius</span> <span class='ocrx_word' id='word_1_320' title='bbox 474 2340 519 2369; x_wconf 89' lang='lat' dir='ltr'>rei</span> <span class='ocrx_word' id='word_1_321' title='bbox 545 2342 698 2369; x_wconf 86' lang='lat' dir='ltr'>rationem</span> <span class='ocrx_word' id='word_1_322' title='bbox 726 2339 873 2380; x_wconf 79' lang='lat' dir='ltr'>haberet3</span> <span class='ocrx_word' id='word_1_323' title='bbox 902 2339 979 2368; x_wconf 88' lang='lat' dir='ltr'>ebrii</span> <span class='ocrx_word' id='word_1_324' title='bbox 1006 2339 1098 2376; x_wconf 91' lang='lat' dir='ltr'>enim,</span> <span class='ocrx_word' id='word_1_325' title='bbox 1138 2338 1169 2367; x_wconf 90' lang='lat' dir='ltr'>id</span> <span class='ocrx_word' id='word_1_326' title='bbox 1197 2337 1279 2376; x_wconf 89' lang='lat' dir='ltr'>quod</span> <span class='ocrx_word' id='word_1_327' title='bbox 1312 2337 1437 2367; x_wconf 87' lang='lat' dir='ltr'>Arabes</span> <span class='ocrx_word' id='word_1_328' title='bbox 1465 2340 1539 2366; x_wconf 88' lang='lat' dir='ltr'>ante</span> <span class='ocrx_word' id='word_1_329' title='bbox 1572 2331 1826 2364; x_wconf 85' lang='lat' dir='ltr'>Mohammedem</span> <span class='ocrx_word' id='word_1_330' title='bbox 1858 2329 1941 2359; x_wconf 88' lang='lat' dir='ltr'>laudi</span> 
     </span>
     <span class='ocr_line' id='line_1_35' title="bbox 160 2393 1940 2441; baseline -0.006 -8"><span class='ocrx_word' id='word_1_331' title='bbox 160 2404 219 2433; x_wconf 88' lang='lat' dir='ltr'>sibi</span> <span class='ocrx_word' id='word_1_332' title='bbox 245 2403 415 2440; x_wconf 83' lang='lat' dir='ltr'>ducebant,</span> <span class='ocrx_word' id='word_1_333' title='bbox 457 2411 535 2441; x_wconf 83' lang='lat' dir='ltr'>opes</span> <span class='ocrx_word' id='word_1_334' title='bbox 563 2401 746 2440; x_wconf 87' lang='lat' dir='ltr'>perdebant.</span> <span class='ocrx_word' id='word_1_335' title='bbox 771 2400 837 2430; x_wconf 90' lang='lat' dir='ltr'>Sed</span> <span class='ocrx_word' id='word_1_336' title='bbox 863 2410 901 2430; x_wconf 91' lang='lat' dir='ltr'>ne</span> <span class='ocrx_word' id='word_1_337' title='bbox 929 2403 998 2440; x_wconf 89' lang='lat' dir='ltr'>quis</span> <span class='ocrx_word' id='word_1_338' title='bbox 1029 2405 1136 2441; x_wconf 77' lang='lat' dir='ltr'>putet,</span> <span class='ocrx_word' id='word_1_339' title='bbox 1172 2410 1244 2429; x_wconf 88' lang='lat' dir='ltr'>eum</span> <span class='ocrx_word' id='word_1_340' title='bbox 1272 2398 1395 2428; x_wconf 92' lang='lat' dir='ltr'>nonnisi</span> <span class='ocrx_word' id='word_1_341' title='bbox 1422 2398 1498 2428; x_wconf 85' lang='lat' dir='ltr'>ebrii</span> <span class='ocrx_word' id='word_1_342' title='bbox 1524 2401 1611 2428; x_wconf 84' lang='lat' dir='ltr'>statu</span> <span class='ocrx_word' id='word_1_343' title='bbox 1646 2395 1684 2425; x_wconf 89' lang='lat' dir='ltr'>ad</span> <span class='ocrx_word' id='word_1_344' title='bbox 1719 2393 1940 2423; x_wconf 80' lang='lat' dir='ltr'>liberalitatem</span> 
     </span>
     <span class='ocr_line' id='line_1_36' title="bbox 159 2454 1940 2508; baseline -0.007 -12"><span class='ocrx_word' id='word_1_345' title='bbox 159 2472 346 2496; x_wconf 84' lang='lat' dir='ltr'>commotum</span> <span class='ocrx_word' id='word_1_346' title='bbox 375 2474 473 2507; x_wconf 75' lang='lat' dir='ltr'>esse3</span> <span class='ocrx_word' id='word_1_347' title='bbox 501 2465 559 2495; x_wconf 86' lang='lat' dir='ltr'>sed</span> <span class='ocrx_word' id='word_1_348' title='bbox 587 2466 701 2495; x_wconf 72' lang='lat' dir='ltr'>natura</span> <span class='ocrx_word' id='word_1_349' title='bbox 728 2465 824 2494; x_wconf 87' lang='lat' dir='ltr'>talem</span> <span class='ocrx_word' id='word_1_350' title='bbox 851 2473 925 2493; x_wconf 89' lang='lat' dir='ltr'>esse</span> <span class='ocrx_word' id='word_1_351' title='bbox 941 2486 950 2502; x_wconf 84' lang='lat'>,</span> <span class='ocrx_word' id='word_1_352' title='bbox 976 2473 1013 2493; x_wconf 88' lang='lat' dir='ltr'>se</span> <span class='ocrx_word' id='word_1_353' title='bbox 1039 2464 1124 2506; x_wconf 41' lang='lat'>993&gt;</span> <span class='ocrx_word' id='word_1_354' title='bbox 1150 2466 1180 2492; x_wconf 88' lang='lat' dir='ltr'>et</span> <span class='ocrx_word' id='word_1_355' title='bbox 1208 2466 1295 2508; x_wconf 51' lang='lat'>&amp;⁸²²⁹</span> <span class='ocrx_word' id='word_1_356' title='bbox 1320 2460 1502 2501; x_wconf 84' lang='lat' dir='ltr'>appellavit.</span> <span class='ocrx_word' id='word_1_357' title='bbox 1555 2457 1717 2489; x_wconf 83' lang='lat' dir='ltr'>Posterior</span> <span class='ocrx_word' id='word_1_358' title='bbox 1744 2465 1809 2485; x_wconf 90' lang='lat' dir='ltr'>vox</span> <span class='ocrx_word' id='word_1_359' title='bbox 1836 2454 1940 2495; x_wconf 88' lang='lat' dir='ltr'>signi-</span> 
     </span>
     <span class='ocr_line' id='line_1_37' title="bbox 163 2517 1938 2566; baseline -0.007 -8"><span class='ocrx_word' id='word_1_360' title='bbox 163 2528 339 2558; x_wconf 84' lang='lat' dir='ltr'>ficationem</span> <span class='ocrx_word' id='word_1_361' title='bbox 367 2529 541 2558; x_wconf 87' lang='lat' dir='ltr'>obtinuisse</span> <span class='ocrx_word' id='word_1_362' title='bbox 576 2528 702 2558; x_wconf 90' lang='lat' dir='ltr'>videtur</span> <span class='ocrx_word' id='word_1_363' title='bbox 734 2532 790 2557; x_wconf 89' lang='lat' dir='ltr'>aut</span> <span class='ocrx_word' id='word_1_364' title='bbox 823 2526 905 2566; x_wconf 90' lang='lat' dir='ltr'>quod</span> <span class='ocrx_word' id='word_1_365' title='bbox 944 2526 1130 2555; x_wconf 83' lang='lat' dir='ltr'>liberalitate</span> <span class='ocrx_word' id='word_1_366' title='bbox 1156 2525 1270 2555; x_wconf 85' lang='lat' dir='ltr'>hiemis</span> <span class='ocrx_word' id='word_1_367' title='bbox 1297 2525 1358 2554; x_wconf 90' lang='lat' dir='ltr'>vim</span> <span class='ocrx_word' id='word_1_368' title='bbox 1385 2522 1502 2563; x_wconf 85' lang='lat' dir='ltr'>frangit</span> <span class='ocrx_word' id='word_1_369' title='bbox 1535 2520 1581 2559; x_wconf 90' lang='lat' dir='ltr'>(id</span> <span class='ocrx_word' id='word_1_370' title='bbox 1611 2518 1693 2558; x_wconf 89' lang='lat' dir='ltr'>quod</span> <span class='ocrx_word' id='word_1_371' title='bbox 1720 2518 1790 2548; x_wconf 85' lang='lat' dir='ltr'>mihi</span> <span class='ocrx_word' id='word_1_372' title='bbox 1817 2517 1938 2557; x_wconf 87' lang='lat' dir='ltr'>placet)</span> 
     </span>
    </p>
   </div>
   <div class='ocr_carea' id='block_1_13' title="bbox 163 2576 1937 2631">
    <p class='ocr_par' dir='ltr' id='par_1_15' title="bbox 163 2576 1937 2631">
     <span class='ocr_line' id='line_1_38' title="bbox 163 2576 1937 2631; baseline -0.008 -11"><span class='ocrx_word' id='word_1_373' title='bbox 163 2594 217 2619; x_wconf 86' lang='lat' dir='ltr'>aut</span> <span class='ocrx_word' id='word_1_374' title='bbox 243 2590 326 2629; x_wconf 91' lang='lat' dir='ltr'>quod</span> <span class='ocrx_word' id='word_1_375' title='bbox 352 2590 536 2621; x_wconf 85' lang='lat' dir='ltr'>liberalitate</span> <span class='ocrx_word' id='word_1_376' title='bbox 564 2600 642 2630; x_wconf 88' lang='lat' dir='ltr'>opes</span> <span class='ocrx_word' id='word_1_377' title='bbox 668 2589 781 2631; x_wconf 77' lang='lat' dir='ltr'>perdit,</span> <span class='ocrx_word' id='word_1_378' title='bbox 809 2599 901 2629; x_wconf 86' lang='lat' dir='ltr'>quem</span> <span class='ocrx_word' id='word_1_379' title='bbox 929 2587 1105 2628; x_wconf 89' lang='lat' dir='ltr'>explicandi</span> <span class='ocrx_word' id='word_1_380' title='bbox 1132 2587 1258 2618; x_wconf 91' lang='lat' dir='ltr'>modum</span> <span class='ocrx_word' id='word_1_381' title='bbox 1276 2586 1469 2617; x_wconf 84' lang='lat' dir='ltr'>scholiastes</span> <span class='ocrx_word' id='word_1_382' title='bbox 1498 2580 1672 2612; x_wconf 82' lang='lat' dir='ltr'>adnotavit.</span> <span class='ocrx_word' id='word_1_383' title='bbox 1705 2581 1778 2610; x_wconf 85' lang='lat' dir='ltr'>Vox</span> <span class='ocrx_word' id='word_1_384' title='bbox 1801 2576 1937 2609; x_wconf 44' lang='lat' dir='ltr'>uitas..</span> 
     </span>
    </p>
   </div>
  </div>
 </body>
</html>
