2155 2892
929 153 1191 183 -212—

163 256 308 287 stellis
337 264 413 284 non
439 253 734 293 proficiscens.
790 252 1003 293 Scholiastes,
1030 252 1082 292 qui
1103 254 1204 281 onmia
1230 262 1247 281 e
1277 252 1432 281 Mersukii
1459 262 1555 291 opere
1588 254 1806 292 excerpserit,
1845 263 1937 293 quum

163 320 284 347 nonnisi
319 320 480 355 postrema
514 315 625 344 scholii
653 316 751 344 verba
780 315 943 344 Mersukio
979 314 1199 354 adscripserit,
1235 313 1351 343 iniuste
1388 315 1472 355 egit,
1513 324 1623 344 vocem
1662 315 1783 344 seilicet
1810 314 1938 356 wtstlyo,

163 389 347 420 quamquam
375 378 475 408 dualis
505 378 636 407 formam
663 378 788 415 habeat,
816 386 875 406 non
902 377 981 407 duos
1012 377 1147 413 amimS,
1175 375 1232 405 sed
1259 377 1362 415 potius
1390 387 1480 407 unum
1509 386 1662 416 quemque
1691 377 1825 407 amicum
1852 377 1939 408 desi-

163 464 261 496 gnare
288 454 397 484 dicens
425 453 531 483 conf.
562 452 668 483 Gram.
700 452 753 480 Ar.
773 451 864 481 T.11.
885 461 912 491 p,
932 451 998 482 143
1012 460 1060 490 sq.
1087 450 1187 481 Simili
1215 450 1307 480 modo
1332 451 1433 481 verba
1458 449 1543 489 “5555
1574 456 1604 481 et
1630 450 1764 488 &flexam
1790 451 1938 482 adhiberi.

163 564 195 593 8.
218 563 386 603 Profecto!
411 563 489 592 milti
515 562 676 598 displicet,
711 562 795 598 quod
821 571 926 590 eorum
955 571 1073 590 utores
1104 562 1158 590 diu
1187 563 1337 599 inmcptae
1365 565 1553 590 manserunt
1581 566 1610 590 e!
1631 562 1715 600 quod
1733 572 1839 591 eorum
1862 565 1940 600 equi,

493 620 658 654 postquam
681 616 820 652 unqulas
844 616 947 644 laesas
972 616 1137 654 habebant,
1161 616 1248 643 sellis
1271 617 1419 643 inslructi
1439 624 1502 643 non
1524 619 1607 644 sunl.

291 687 453 725 Duplicem
482 686 632 715 moeroris
662 695 792 715 eausam
830 684 943 714 adfert.
1006 684 1158 722 Queritur
1191 692 1309 713 uxores
1346 692 1452 713 eorum
1488 683 1635 723 innuptas
1670 693 1833 714 mansuras
1868 694 1943 713 esse

165 752 195 778 et
221 758 321 788 equos
349 759 469 787 eorum,
498 750 535 779 iis
565 751 705 789 mortuis,
731 748 814 778 sellis
842 747 925 777 hand
953 748 1076 777 instrui.
1128 748 1161 776 ln
1190 752 1322 785 utroque
1353 751 1458 776 autem
1486 750 1673 777 mortuorum
1699 747 1769 777 laus
1797 749 1942 778 cernitur.

165 811 292 841 Uxores
320 812 388 841 aliis
416 811 493 840 viris
522 820 581 840 non
610 811 738 850 nubent,
767 809 850 849 quod
877 810 914 838 iis
943 809 1062 838 meritis
1090 809 1241 848 aequales
1270 819 1330 838 non
1357 809 1537 850 inveniant,
1563 814 1612 850 et,
1642 819 1735 849 quum
1763 810 1944 840 fortitudine

166 872 227 902 illis
254 873 403 911 aequales
431 881 491 901 non
520 872 728 909 inveniantur,
757 871 828 911 equi
858 870 896 900 ad
924 871 1119 901 incursiones
1147 871 1307 901 faciendas
1336 872 1422 902 sellis
1450 882 1509 901 non
1537 875 1745 902 instruuntur.
1781 874 1944 903 Laudatus

166 938 252 965 viros
280 936 308 965 in
337 935 447 964 hostes
474 935 603 974 saepius
632 936 829 965 incursiones
859 934 988 974 fecisse,
1018 944 1059 964 ex
1086 944 1124 963 eo
1144 933 1303 974 videmuS,
1332 933 1413 973 qnod
1434 934 1569 975 ungulas
1592 934 1698 964 laesas
1718 935 1809 974 equis
1829 935 1944 964 tribuit.

165 999 362 1029 Scholiastes
397 999 577 1038 adnotavit,
615 998 747 1027 verbum
780 1001 862 1038 &⁸⁸²²
898 1003 960 1028 tam
996 999 1025 1027 in
1054 998 1151 1037 prima
1179 1007 1270 1036 quam
1299 997 1328 1026 in
1355 996 1493 1026 secunda
1519 996 1618 1026 forma
1646 996 1778 1026 feminas
1807 1000 1945 1025 maturas

166 1062 216 1091 din
245 1071 371 1091 manere
398 1062 545 1100 innuptas
573 1060 771 1101 significans,
802 1060 841 1090 de
868 1060 945 1089 viris
973 1069 1097 1099 qnoque
1125 1059 1274 1089 adhiberi.
1337 1060 1393 1089 Sic
1421 1059 1450 1088 in
1476 1058 1595 1098 verbis,
1624 1067 1702 1097 quae
1729 1068 1803 1097 pars
1831 1067 1946 1087 versus

167 1124 254 1154 metri
281 1123 388 1153 tVafir
416 1133 490 1152 esse
518 1122 677 1163 videntur,
706 1122 853 1162 reperiri:
896 1123 945 1152 Et
972 1123 1100 1152 donee
1127 1123 1382 1152 semicanam
1411 1131 1561 1152 comam
1590 1120 1715 1151 habes
1743 1125 1783 1150 et
1812 1129 1947 1150 uxore

167 1196 303 1217 cares.
354 1185 555 1216 Scholiastes
589 1190 697 1225 putat,
732 1185 803 1214 illos
831 1185 919 1214 viros
951 1187 981 1214 in
1009 1186 1237 1215 matrimonium
1269 1186 1402 1215 duxisse
1431 1184 1510 1214 duas
1539 1193 1674 1225 uxores,
1709 1192 1788 1222 quas
1817 1181 1948 1212 nondum

167 1260 184 1279 e
211 1249 304 1280 domo
334 1249 435 1289 patria
460 1253 493 1277 et
519 1257 578 1277 sua
605 1247 782 1277 habitacula
807 1247 1008 1288 eduxissent,
1035 1252 1068 1277 ut
1095 1248 1184 1287 quasi
1212 1258 1327 1278 revera
1355 1249 1503 1287 innuptae
1536 1251 1710 1278 manerent.

166 1359 199 1390 9.
224 1359 267 1388 Et
289 1367 351 1387 non
370 1360 517 1395 poterant
538 1366 599 1385 non
620 1357 806 1386 thronorum
828 1358 969 1392 duorum,
997 1367 1129 1396 quorum
1153 1360 1286 1395 optimae
1308 1357 1471 1386 columnae
1491 1356 1617 1385 evulsae
1637 1360 1721 1388 sunl,
1747 1357 1906 1385 inclinari.

266 1428 425 1458 Familiam
446 1427 554 1457 horum
582 1427 720 1456 virorum
749 1436 819 1457 cum
846 1426 958 1456 throno
985 1432 1038 1457 aut
1065 1427 1255 1467 habitaculo,
1285 1426 1366 1466 quod
1394 1426 1549 1455 columnis
1577 1431 1789 1467 sustentatur,
1817 1435 1947 1465 compa-

169 1500 261 1522 rasse
288 1491 425 1521 videtur.
479 1491 584 1520 Morte
613 1490 708 1531 igitur
736 1490 895 1526 virorum,
936 1492 988 1530 qui
1015 1490 1082 1519 loco
1113 1491 1328 1520 columnarum
1357 1494 1467 1526 erant,
1501 1498 1560 1518 non
1588 1493 1693 1532 potest
1718 1498 1779 1518 non
1807 1488 1886 1529 fieri,
1914 1493 1949 1518 ut

169 1553 322 1584 columnis
350 1553 504 1582 submotis
531 1557 646 1582 tectum
674 1552 809 1582 decidat.
862 1551 1004 1582 Gloriam
1034 1552 1263 1590 potentiamque
1298 1561 1392 1591 quum
1426 1556 1541 1589 poetae
1578 1559 1647 1580 cum
1674 1549 1818 1580 aedificio
1846 1550 1947 1588 (conf.

171 1616 280 1646 Lebid.
309 1615 415 1645 Moall.
443 1625 474 1644 v.
503 1615 578 1653 58.)
608 1614 875 1654 comparaverint,
904 1615 1025 1654 poetria
1052 1613 1157 1643 dicere
1186 1600 1330 1644 voluisse
1359 1614 1497 1654 videtur,
1527 1614 1666 1643 virorum
1694 1616 1789 1642 morte
1816 1612 1948 1653 gloriam

170 1685 202 1710 et
228 1680 399 1719 potentiam
430 1681 537 1719 gentis
566 1678 756 1707 deminutam
785 1687 871 1708 esse.
924 1678 1021 1708 Vocis
1050 1682 1155 1707 autem
1176 1681 1252 1721 &je
1270 1677 1462 1718 significatio
1490 1677 1583 1706 latius
1612 1679 1710 1715 patet,
1739 1684 1830 1714 quam
1860 1680 1894 1704 ut
1921 1676 1948 1703 in

169 1740 228 1770 hoc
255 1750 353 1770 versu
381 1742 559 1770 accuratius
587 1739 760 1769 deliniatur.
813 1738 910 1768 'l'ecto
948 1739 1136 1769 instructum
1170 1739 1289 1779 fuisse,
1324 1739 1406 1778 quod
1435 1739 1586 1769 columnis
1613 1743 1872 1778 sustentaretur,
1909 1749 1950 1769 ex

170 1812 286 1833 versus
314 1803 418 1832 verbis
445 1802 598 1831 videmus.
651 1802 704 1831 Nil
733 1801 828 1841 igitur
857 1801 983 1840 obstat,
1020 1801 1093 1841 quin
1120 1801 1252 1831 thronus
1280 1807 1445 1840 vertatur,
1481 1802 1531 1842 qui
1567 1802 1621 1831 tali
1655 1801 1746 1831 modo
1776 1802 1948 1830 instructus

170 1867 338 1904 potentiam
367 1864 534 1905 designare
562 1870 679 1903 potest.
733 1865 766 1894 In
801 1865 967 1903 proverbio
1001 1865 1116 1903 (Meid.
1146 1865 1183 1895 C.
1210 1865 1242 1905 4,
1272 1865 1323 1901 8.)
1351 1867 1430 1909 &2³52
1456 1865 1498 1902 ΑΒ
1539 1864 1705 1893 »Thronus
1734 1863 1802 1892 eius
1830 1863 1948 1893 fractus

171 1939 248 1969 suit«
278 1940 297 1970 i.
325 1949 352 1969 e.
380 1940 448 1969 eius
475 1940 615 1978 potentia
640 1939 781 1979 evanuit,
809 1939 931 1969 dicitur.
998 1941 1118 1970 Vocem
1155 1926 1206 1970 [02.
1243 1950 1313 1970 cum
1349 1939 1452 1969 vocali
1486 1939 1587 1969 Fatha
1624 1938 1756 1967 dialecto
1793 1939 1948 1977 propriam

171 2001 357 2031 enunciandi
386 2001 507 2031 modum
532 2002 666 2042 habere,
695 2007 881 2031 consuetum
910 2007 1015 2031 autem
1044 2002 1229 2032 enunciandi
1259 2001 1382 2031 modum
1410 2011 1478 2031 cum
1508 2000 1611 2029 vocali
1641 1999 1745 2028 Kesra
1773 2003 1802 2029 et
1833 1999 1948 2029 Medda

171 2073 257 2105 esse,
284 2063 475 2093 scholiastes
501 2063 673 2093 adnotavit.
727 2064 840 2093 Finitis
867 2064 916 2102 iis,
945 2074 1026 2103 quae
1053 2074 1093 2094 ex
1123 2065 1276 2094 Mersukii
1306 2063 1412 2093 codice
1440 2063 1618 2102 excerpsit,
1646 2063 1806 2092 'l'ebrisius
1834 2063 1862 2091 in
1891 2062 1950 2091 fine

172 2129 270 2156 totius
297 2126 450 2166 quaedam
481 2126 698 2156 Abu-t'Ahlae
732 2126 814 2157 dicta
847 2127 1002 2157 interdum
1036 2127 1153 2157 addere
1187 2127 1280 2156 solet.
1343 2127 1434 2155 Hunc
1468 2135 1583 2155 morem
1620 2126 1649 2154 in
1683 2129 1791 2155 nostro
1827 2135 1949 2164 quoque

172 2189 309 2218 carmine
336 2193 471 2217 secutus
500 2192 561 2216 est.
613 2188 645 2216 ln
673 2188 771 2227 primo
799 2198 897 2217 versu
929 2187 980 2218 [49
1009 2185 1040 2217 bt,
1069 2188 1092 2228 l,
1123 2194 1248 2228 poetam
1283 2188 1404 2218 dixisse
1439 2187 1584 2218 vidimus.
1649 2188 1891 2217 Abu-l’Ahlam
1920 2189 1950 2216 in

172 2250 297 2280 dictatis
324 2250 391 2279 suis
419 2248 457 2279 ad
485 2248 565 2277 hunc
594 2249 694 2278 locum
722 2250 856 2288 dixisse,
885 2261 964 2280 voce
992 2252 1141 2280 rariorem
1172 2250 1316 2290 loquendi
1344 2250 1463 2280 modum
1492 2252 1643 2281 contineri
1663 2259 1694 2281 et
1714 2251 1794 2290 qnod
1815 2256 1951 2280 mutetur

173 2313 276 2343 littera
303 2313 336 2341 la
363 2311 477 2341 nomini
504 2310 623 2341 suffixa
650 2311 678 2340 in
710 2312 842 2341 litteram
871 2312 946 2352 Alis,
974 2312 1003 2341 id
1032 2313 1170 2353 eleganti
1198 2312 1336 2342 sermoni
1365 2313 1523 2352 proprium
1551 2323 1611 2343 non
1637 2323 1722 2342 esse.
1759 2312 1951 2342 Retulerunt

173 2375 381 2414 grammatici,
411 2373 536 2403 Arabes
564 2373 623 2403 hoc
653 2374 774 2403 nonnisi
801 2374 830 2403 in
859 2383 1007 2404 sermone
1034 2375 1159 2416 facere,
1185 2377 1234 2415 qni
1262 2375 1439 2406 invocando
1468 2386 1529 2405 non
1556 2376 1720 2405 inserviat.
1782 2374 1823 2403 Et
1855 2384 1950 2414 quum

174 2435 321 2475 loquendi
348 2435 457 2466 modus
482 2432 528 2475 ἐξ
555 2435 703 2474 frequens
730 2435 835 2465 factus
862 2440 953 2465 esset
982 2441 1013 2466 et
1039 2442 1112 2466 ante
1139 2447 1208 2467 eam
1236 2447 1347 2468 vocem
1375 2439 1530 2478 particula
1557 2438 1618 2478 (⁸9)
1646 2439 1832 2477 poneretur,
1860 2445 1951 2475 quam

175 2497 204 2526 in
231 2497 375 2527 deflendo
403 2503 526 2527 mortuo
555 2498 705 2528 interdum
730 2497 913 2527 adhiberent
939 2501 993 2527 aut
1022 2507 1040 2527 e
1066 2507 1196 2528 numero
1226 2500 1451 2538 particularum
1480 2501 1531 2539 (ut
1559 2496 1592 2539 la.)
1621 2502 1719 2536 esset,
1746 2507 1828 2537 quae
1856 2498 1950 2526 invo-

175 2559 273 2589 cando
301 2561 498 2600 inservirent,
527 2561 662 2590 litteram
689 2561 730 2590 la
761 2560 789 2590 in
817 2561 952 2590 litteram
983 2560 1068 2590 Alif
1092 2566 1315 2591 commutatam
1342 2571 1430 2603 esse,
1458 2563 1501 2592 ita
1529 2567 1562 2591 ut
1589 2561 1723 2590 vocibus
1751 2557 1861 2594 ἰαὶὶέζρ
1889 2559 1950 2587 iste

175 2622 318 2661 loquendi
346 2623 456 2653 modus
482 2625 593 2655 similis
622 2623 816 2654 redderetur.
869 2621 1140 2662 Praepositionem
1177 2627 1280 2654 autem
1317 2625 1388 2665 Ba,
1423 2633 1502 2663 quae
1529 2622 1701 2663 genitivum
1731 2626 1841 2662 regat,
1878 2621 1949 2649 loeo
