2155 2892
920 170 1191 201 -609—

964 329 1143 366 Lxxx.

813 396 1121 432 Alfarasdnk
1146 395 1279 430 cnut.

899 464 1034 510 (conf.
1065 477 1095 506 p.
1124 463 1202 508 W.)

155 569 183 597 1.
228 567 358 606 Quoties
379 576 498 596 vocans
520 576 594 596 rote
617 567 707 595 canis
731 565 865 601 vocabat,
889 565 963 593 dum
986 565 1046 594 duo
1068 564 1137 593 vela
1160 565 1258 592 noctis
1270 562 1421 592 obscurae
1444 566 1474 592 et
1496 565 1563 592 eius
1579 563 1677 592 nubes
1699 572 1767 591 eum
1783 562 1951 598 leyebanll

257 637 400 667 Pluribus
427 636 505 666 locis
532 646 582 666 ex.
611 646 659 676 gr.
689 636 781 664 llam.
808 633 854 663 vf·
879 634 982 664 virum
1007 634 1096 664 canis
1124 642 1239 663 vocem
1269 633 1461 672 imitantem,
1488 637 1522 662 ut
1557 631 1694 672 hospitio
1730 632 1943 673 exciperetur,

153 704 250 739 poeta
290 698 419 731 inducit.
485 699 650 728 Posterior
684 706 802 726 versus
843 706 917 736 pars
951 700 1070 725 statum
1110 695 1169 725 viri
1208 695 1362 735 depingit.
1424 695 1529 724 Nocte
1567 694 1700 723 obscura
1733 702 1803 722 cuin
1841 702 1858 722 a
1894 693 1946 722 via

152 762 320 792 aberrasse
347 760 434 791 dicit.
487 761 602 790 Noctis
629 760 832 800 obscuritas,
869 769 951 799 quae
977 758 1127 798 impedit,
1156 759 1322 797 quominus
1350 766 1416 786 rem
1444 756 1632 793 videamus,
1659 764 1726 784 curn
1754 755 1826 784 velo
1854 764 1945 784 com-

154 828 265 863 parata
292 827 353 853 est.
406 822 509 852 Unum
539 822 647 851 velum
674 821 701 850 si
730 826 826 851 tenue
853 825 915 861 cst,
943 830 1008 850 rem
1036 830 1097 849 non
1126 828 1256 859 prorsus
1282 820 1370 860 tegit.
1424 818 1513 848 llauc
1541 817 1579 846 ob
1607 826 1737 846 causam
1766 818 1850 846 nocti
1880 816 1941 845 dno

153 886 226 915 vela
255 885 374 925 tribuit,
404 889 439 914 ut
458 884 660 914 tenebrosam
680 884 828 925 designet
847 884 998 922 simulque
1017 883 1129 922 nubeS,
1157 882 1270 921 quibus
1296 883 1410 913 stellae
1428 878 1676 918 abscondantur,
1704 877 1801 907 addit.
1843 877 1943 907 Simili

152 948 244 978 modo
273 947 406 978 dicitur:
435 957 515 987 ιρις
541 949 613 988 §23⁵
638 944 733 986 Lea-m.)
757 942 873 976 camb.

150 1059 183 1087 2.
236 1057 369 1086 Vocat-it
390 1066 526 1094 sperans
545 1058 636 1095 fore,
668 1059 721 1090 ut,
758 1066 853 1095 quum
883 1059 1028 1092 vocaret,
1060 1059 1160 1086 virum
1190 1058 1292 1086 inslar
1317 1052 1554 1087 Ebu-Ladae,
1585 1052 1710 1090 quando
1734 1052 1802 1080 eius
1832 1049 1942 1080 slellae

802 1111 996 1148 occiderunt,
1018 1112 1289 1149 expergefacerel.

147 1179 179 1209 3.
223 1179 286 1210 Cui
307 1176 490 1219 (alienum)
510 1180 641 1218 fuscum
665 1179 811 1209 weitai-i,
834 1178 972 1207 camelae
994 1177 1147 1207 luciariae
1169 1177 1258 1207 haud
1277 1177 1386 1211 simile,
1414 1177 1498 1215 quod
1515 1175 1674 1207 ius-culum
1696 1175 1836 1211 effumlil,
1862 1182 1940 1213 quo-

369 1236 553 1271 tiescunque
574 1236 686 1262 tentus
708 1233 776 1261 eius
799 1232 887 1260 lmml
902 1232 1095 1270 secumlans,
1117 1232 1154 1260 ab
1176 1241 1293 1260 occasu
1315 1233 1460 1268 spirans,
1494 1231 1636 1270 sriyidus
1655 1230 1724 1268 (lul,

248 1303 282 1332 In
312 1305 418 1342 priore
444 1311 543 1332 versu
571 1311 699 1331 causam
728 1299 862 1330 vocandi
891 1299 1016 1330 indicat.
1054 1301 1165 1330 Virum
1195 1309 1400 1340 generosum,
1431 1299 1481 1337 qui
1510 1308 1579 1328 euin
1597 1297 1735 1335 hospitio
1764 1295 1939 1335 exciperet.

147 1376 164 1395 e
193 1374 304 1395 somno
333 1365 474 1395 excitare
508 1366 538 1394 in
565 1364 668 1394 animo
695 1368 775 1393 erat.
828 1363 886 1392 vir
912 1371 1091 1403 generosus
1123 1366 1238 1401 poetae
1271 1367 1362 1401 pater
1394 1367 1469 1400 est,
1498 1361 1547 1399 qui
1576 1358 1692 1390 Ghalib
1725 1358 1753 1386 b.
1783 1354 1938 1387 Zalizaah

147 1436 261 1457 nomen
288 1427 429 1466 gerebat.
492 1427 555 1456 Hic
589 1425 671 1455 filius
701 1425 812 1455 Lailae
847 1434 866 1454 a
898 1429 996 1454 matre
1024 1433 1203 1465 cognomen
1231 1424 1398 1463 accepisse
1426 1424 1539 1453 dieitur
1575 1420 1699 1460 (conf.
1731 1419 1877 1449 Mersuk.
1907 1421 1939 1448 et

146 1486 277 1517 Meidan
305 1487 334 1516 iu
362 1487 465 1526 app).
519 1486 680 1516 Suffixum
708 1486 737 1515 in
765 1495 848 1515 voce
875 1482 979 1525 [8³25
1005 1485 1044 1515 ad
1072 1490 1196 1515 noctem
1223 1485 1425 1515 referendum
1455 1490 1516 1515 est.
1571 1485 1697 1514 Versus
1725 1483 1837 1512 tertius
1864 1490 1934 1510 cum

146 1549 246 1589 primo
275 1548 436 1580 cohaeret.
489 1548 565 1578 Vox
592 1548 707 1589 xmo,
743 1549 945 1578 substantivo
974 1548 1104 1588 omisso,
1135 1547 1174 1577 de
1202 1547 1305 1578 aheno
1334 1547 1498 1578 adhibetur
1525 1546 1626 1577 conf.
1656 1546 1747 1574 llam.
1777 1545 1814 1572 vl⁴i
1843 1552 1874 1573 v.
1908 1542 1936 1574 1.

144 1610 291 1640 Alienum
320 1610 459 1640 camelae
485 1610 639 1640 lactariae
667 1611 770 1641 simile
797 1620 858 1640 nou
886 1620 962 1639 esse
986 1610 1073 1647 dicit,
1101 1610 1184 1649 quod
1214 1610 1356 1640 camelae
1384 1614 1528 1648 tempore
1556 1608 1685 1649 frigoris
1706 1608 1788 1637 lacte
1814 1610 1934 1636 carent.

143 1672 288 1702 Alienum
318 1672 415 1712 igitur
441 1673 583 1702 camelae
609 1674 770 1712 opposuit,
793 1671 876 1711 quod
903 1673 1038 1702 ahenum
1067 1672 1216 1702 iusculum
1235 1672 1358 1702 abunde
1380 1672 1559 1711 praeberet.
1588 1670 1774 1700 Mersukius
1801 1672 1932 1698 ventum

141 1735 380 1774 occidentalem,
409 1737 462 1774 qui
487 1736 624 1766 maxime
651 1741 746 1766 noctu
776 1735 835 1765 flat
863 1732 973 1783 (βψ),
1000 1733 1175 1776 significari
1200 1734 1289 1765 dixit.

138 1847 170 1875 4.
217 1845 319 1881 Quasi
338 1845 482 1874 vertebae
501 1846 590 1875 dorsi
609 1846 699 1875 albae
719 1849 753 1875 in
775 1849 843 1876 eius
865 1847 1016 1876 luteribus
1040 1848 1179 1882 riryines
1197 1847 1271 1881 situ,
1295 1853 1376 1883 quae
1394 1843 1549 1880 prodiere,
1573 1850 1668 1880 quum
1688 1840 1858 1877 propinque
1882 1838 1935 1866 sui

916 1903 1017 1930 occisi
1035 1903 1150 1933 essent,

253 1967 364 1998 Simile
400 1967 522 1998 initium
549 1967 642 1997 Ham.
668 1966 718 1996 ‘t'li2
743 1977 775 1996 v.
810 1969 839 1998 1.
867 1968 1058 1998 invenimus.
1111 1967 1235 1998 Carnes
1262 1967 1399 2006 pingues
1428 1966 1458 1994 in
1485 1964 1587 1995 alieno
1615 1961 1769 2003 slogulari
1796 1969 1929 2000 compa-

137 2030 260 2060 ratione
287 2039 383 2070 quum
411 2030 501 2059 albae
529 2029 612 2064 sint,
659 2030 698 2059 ab
725 2030 828 2060 aheno
855 2031 946 2070 nigro
974 2029 1189 2060 circumdatae
1223 2038 1290 2058 cum
1317 2027 1496 2068 virginibus
1525 2026 1624 2066 nigris
1651 2024 1800 2054 vestibus
1829 2023 1926 2053 tectis

136 2098 313 2132 comparat,
341 2101 422 2131 quae
449 2092 554 2122 occiso
582 2092 756 2132 propinquo
782 2102 800 2122 e
827 2093 969 2123 domibus
998 2092 1153 2132 prodeunt
1181 2092 1253 2122 velo
1273 2091 1357 2122 haud
1387 2094 1505 2128 tectae,
1521 2086 1783 2128 quemadmodum
1813 2094 1927 2115 carnes

136 2155 207 2186 illae
235 2155 385 2185 bulliente
412 2155 493 2194 aqua
521 2165 562 2184 ex
589 2154 684 2185 fundo
714 2155 875 2193 tolluntur,
903 2160 936 2185 ut
963 2155 992 2184 in
1020 2155 1164 2195 margine
1191 2164 1207 2184 a
1232 2158 1375 2193 pareant.
1428 2152 1582 2182 Mulieres
1610 2151 1638 2180 in
1667 2151 1754 2180 luctu
1781 2150 1927 2180 vestibus

133 2219 232 2261 nigris
259 2218 435 2248 utebantur.
496 2218 601 2247 Antea
631 2219 774 2248 vestibus
801 2219 956 2248 caeruleis
985 2223 1092 2247 tectae
1119 2222 1210 2247 erant
1237 2221 1269 2246 et
1295 2220 1408 2246 vestes
1436 2216 1547 2255 nigrae
1578 2215 1709 2253 primum
1738 2217 1812 2252 post
1839 2220 1925 2240 mor-

133 2288 195 2311 tem
222 2281 357 2310 Hosaini
392 2280 422 2309 b.
450 2278 523 2308 Abii
560 2280 590 2309 in
623 2290 715 2310 usum
754 2281 884 2310 venisse
917 2281 1062 2311 dicuntur
1096 2279 1205 2323 cons.x
1232 2278 1393 2309 Moteuab.
1421 2277 1544 2307 Bohlen
1573 2285 1601 2315 p.
1632 2275 1689 2306 84.
1724 2273 1801 2303 131.
1854 2272 1924 2301 Hae

131 2346 244 2385 nigrae
279 2347 391 2372 vestes
422 2339 512 2379 *abba
549 2343 798 2382 appellabantur.
860 2344 976 2374 Postea
1011 2341 1112 2382 (anno
1141 2342 1231 2381 616)
1260 2341 1423 2371 caeruleas
1454 2344 1568 2369 vestes
1596 2338 1775 2368 invenimus
1819 2335 1923 2364 cons.

132 2405 238 2436 Abulf.
268 2406 350 2435 Aun.
378 2405 414 2434 T.
444 2405 490 2435 lv
515 2414 545 2444 p.
575 2405 657 2435 282.
709 2405 755 2435 De
782 2405 866 2435 luctu
891 2405 1001 2434 conf.
1031 2405 1055 2446 Ι,
1083 2414 1112 2443 p.
1144 2403 1226 2433 430.
1254 2403 1292 2443 11,
1324 2402 1378 2431 16.
1410 2401 1489 2431 105.
1706 2395 1768 2442 (p.
1802 2393 1924 2437 211.)

129 2514 160 2542 5.
205 2514 415 2547 Iracundmn,
443 2517 565 2550 pectori
591 2514 843 2544 struthiocameli
861 2513 979 2548 simile,
1002 2516 1039 2542 ut
1057 2515 1200 2542 coactum
1222 2511 1346 2546 mamis-«1
1370 2509 1482 2546 Iiym's,
1507 2509 1634 2536 remotis
1653 2508 1762 2543 parvis
1785 2506 1922 2536 bulliret.

229 2583 374 2613 Alienum
402 2584 537 2613 bulliens
565 2583 749 2613 iracundum
776 2592 853 2612 esse
879 2582 954 2612 dicit
980 2580 1089 2612 conf.
1118 2581 1209 2610 Ham.
1239 2581 1302 2607 »⁴⁹¹5
1328 2588 1359 2608 v.
1393 2578 1423 2607 1.
1477 2576 1538 2614 Qui
1566 2581 1670 2606 autem
1697 2584 1807 2606 vocem
1834 2572 1922 2616 byn?-

130 2651 200 2673 cum
229 2645 390 2676 vertebris
418 2645 505 2675 dorsi
531 2647 775 2686 coniunxerunt,
801 2645 820 2676 ii
847 2650 1013 2684 errarunt,
1042 2654 1112 2674 nam
1141 2643 1311 2683 sequentia
1339 2642 1438 2672 verba
1465 2638 1574 2670 ’ὼὼιλὶὶ
1602 2629 1713 2687 fija-³(
1744 2640 1856 2670 melius
1884 2639 1923 2668 ad
