2155 2892
896 166 1165 197 -525—

131 269 163 299 3.
207 269 392 298 Riserunt:
423 267 619 304 Peregrinus
647 267 739 293 noctu
768 263 955 299 adveniens,
986 272 1076 301 quem
1105 262 1299 290 desertorum
1327 263 1450 289 tructus
1483 263 1513 288 et
1540 259 1683 298 pericula
1705 260 1861 296 abiyenliu
1891 260 1923 286 iu

849 326 987 345 errorem
1011 318 1214 345 induxerant.

248 392 357 423 Plures
380 395 453 422 sunt
486 390 515 420 iu
542 390 602 420 hoc
627 396 726 418 versu
756 386 882 428 legendi
910 385 1001 415 modi.
1053 386 1140 414 Loco
1168 385 1239 413 voci
1267 381 1394 425 φρ
1421 384 1538 425 legitur
1564 381 1684 428 ῳῖζ.)
1711 384 1740 413 in
1770 383 1923 412 Mersukii

133 455 251 487 codice.
318 454 406 484 Prior
443 462 509 483 vox
542 460 634 490 quum
671 450 742 480 loco
775 450 928 490 aptiorem
957 458 1087 479 sensum
1114 448 1238 488 offerat,
1269 446 1476 487 praeferenda
1504 446 1640 477 videtur.
1694 446 1773 475 voci
1804 442 1923 487 ‘9:²²

132 518 254 548 nonnisi
271 517 407 556 simplex
429 512 702 555 proiiciendi,
730 513 800 543 voci
819 508 1005 552 Q>7loin
1033 510 1254 550 regionem
1281 509 1538 548 incognitam
1565 513 1605 537 et
1634 507 1922 546 periculosam

131 580 315 621 proiiciendi
341 578 533 621 significatio
560 583 622 608 est.
691 578 725 606 In
753 576 814 605 fine
842 584 959 604 versus
987 574 1103 614 legitur
1130 581 1274 612 quoque:
1319 567 1458 622 &ij-xli.
1503 570 1577 600 vox
1604 575 1671 614 ΟΧ»
1698 575 1802 598 terrac
1830 570 1924 599 altam

133 650 166 675 et
193 654 338 684 asperam
366 643 528 684 regionem
557 641 714 680 designat.
778 638 846 667 Tali
875 638 903 666 in
929 641 1011 667 terra
1037 636 1177 677 vestigia
1206 635 1338 675 pedibus
1366 636 1434 663 solo
1463 634 1621 672 impressa
1648 638 1710 662 tam
1738 635 1840 661 minus
1865 631 1924 661 ad-

133 711 257 746 parent,
284 714 397 745 quam,
425 713 518 743 quum
546 702 652 731 ventis
680 700 830 739 exposita
857 699 919 737 sit,
949 698 1072 729 facilius
1100 698 1255 728 delentur.
1309 698 1348 727 Et
1374 707 1440 727 vox
1467 696 1546 732 2129
1573 697 1644 725 sive
1673 695 1837 734 aequabile
1865 694 1924 723 de-

133 772 265 809 sertum,
302 768 332 797 iu
359 776 419 806 qua
448 767 500 797 vin
529 768 632 795 miuus
659 763 876 805 cognoscitur,
904 763 976 791 sive
1003 762 1085 801 aquai
1112 771 1224 792 carens
1253 761 1305 801 sit,
1333 770 1415 798 (piae
1442 758 1552 788 incolis
1581 763 1682 797 caret,
1710 758 1842 787 viatoris
1871 767 1925 785 er-

134 839 236 860 rorem
265 835 296 860 et
324 830 499 869 periculum
521 837 642 869 augere
669 830 787 866 potest.
814 824 1033 864 Scholiastes,
1061 827 1174 863 poetae
1201 819 1355 863 &33:221
1383 809 1502 862 „25:233
1531 820 1700 851 dicendum
1729 819 1838 858 fuisse,
1867 818 1925 848 ad-

136 893 271 933 notavit,
300 892 415 933 quippe
443 891 515 921 voci
542 889 703 920 secundae
731 889 819 918 verbi
847 886 968 916 formae
987 886 1180 927 significatio
1202 884 1365 914 tribuenda
1384 885 1434 914 sil.
1464 884 1604 913 Similem
1633 881 1779 921 loquendi
1801 880 1926 910 modum

137 955 169 984 in
199 954 316 984 Corani
344 955 412 984 loco
440 951 528 996 (Sur.
558 953 613 990 15,
649 952 726 991 22.)
761 960 946 986 occurrere,
974 958 1067 988 quum
1092 948 1164 978 voci
1192 945 1280 998 ,3³13ss
1308 957 1327 976 a
1355 946 1519 986 participio
1549 946 1667 984 primae
1693 944 1814 974 formae
1841 943 1927 972 ‹leri-

138 1016 261 1046 vandae
288 1015 483 1057 significatio
509 1020 640 1055 quartae
667 1014 800 1054 formae,
828 1014 920 1053 quasi
948 1010 1085 1040 015&ae
1111 1015 1165 1040 aut
1192 1007 1287 1060 ζκόὼ
1314 1008 1440 1047 dixerit,
1469 1007 1650 1037 conveniat.

136 1089 169 1118 4.
213 1087 355 1118 Sur-rexi
375 1089 472 1126 iqilur
499 1091 530 1116 et
557 1087 624 1116 loco
656 1095 722 1115 meo
749 1086 838 1114 lmnd
863 1086 969 1113 nnmsi
992 1087 1022 1112 et
1050 1084 1155 1111 anima
1185 1083 1410 1110 excusationes
1439 1081 1529 1108 amn-i
1556 1079 1718 1116 opprobrio
1747 1079 1928 1115 adjicientes

920 1138 1009 1167 llam!
1026 1137 1167 1173 prolulit.

238 1211 340 1251 Quum
369 1211 408 1242 de
435 1210 576 1242 adventu
603 1209 740 1249 hospitis
767 1208 884 1239 certior
911 1207 1015 1238 factus
1042 1211 1144 1247 esset,
1173 1215 1210 1236 se
1237 1205 1345 1236 statim
1372 1210 1517 1244 paratum
1544 1205 1646 1235 fuisse
1673 1204 1713 1235 ad
1739 1213 1809 1234 eum
1837 1202 1928 1232 exci—

138 1274 286 1315 piendum
322 1277 352 1304 et
385 1273 636 1313 excusationes,
663 1271 772 1310 quibus
799 1279 919 1300 avarus
950 1269 993 1300 uti
1021 1270 1136 1307 soleat,
1163 1267 1247 1298 haud
1274 1267 1469 1298 adhibuisse.
1523 1268 1630 1298 Verbo
1669 1268 1751 1312 ῥῷ,
1780 1267 1863 1308 quod
1899 1266 1929 1295 in

138 1338 254 1367 avibus
282 1336 423 1375 ferisque
451 1335 690 1374 quiescentibus
718 1335 896 1374 adhibetur,
926 1343 1005 1364 usus
1033 1339 1097 1376 est,
1124 1340 1158 1363 ut
1185 1332 1398 1365 festinantiam
1427 1330 1591 1361 indicaret-

137 1410 169 1439 5.
213 1410 259 1438 Et
281 1409 417 1438 catulum
441 1410 539 1437 leonis
562 1419 657 1447 quum
681 1409 900 1442 advocassent,
935 1417 1121 1444 responsum
1151 1408 1234 1436 dedit
1255 1411 1286 1436 et
1306 1409 1434 1444 saepius
1456 1407 1606 1435 decimum
1629 1413 1722 1441 opum
1750 1405 1930 1430 nostrarum

176 1466 298 1500 partem
320 1465 353 1490 in
376 1472 410 1491 eo
433 1463 633 1499 ercipiemlo,
659 1464 714 1500 qm'
734 1462 895 1490 nobiscum
917 1463 1074 1490 mm'ciliue
1098 1462 1222 1490 vinculo
1245 1464 1432 1491 coniunctus
1455 1470 1518 1489 non
1539 1463 1616 1495 erut,
1638 1458 1889 1497 spospomlinms.

237 1531 340 1570 Quum
368 1531 458 1560 solus
485 1531 524 1561 ad
551 1530 708 1570 hospitem
738 1531 819 1560 bene
846 1530 1066 1570 excipiendum
1094 1532 1163 1572 ipse
1194 1532 1278 1562 haud
1305 1531 1484 1571 sufficeret,
1512 1530 1621 1570 fllium,
1641 1538 1731 1568 quem
1760 1528 1798 1557 ob
1826 1537 1930 1568 gene-

140 1605 246 1626 rosam
273 1594 408 1625 indolem
443 1594 573 1633 (conf.
610 1595 703 1624 Ham.
735 1596 788 1624 l⁴vl”
814 1604 844 1624 v.
875 1595 907 1624 4.
936 1596 990 1625 ΡΜ
1018 1605 1049 1624 v.
1079 1595 1130 1634 2.)
1158 1604 1225 1624 cum
1252 1593 1355 1624 catulo
1382 1592 1483 1622 leonis
1516 1596 1689 1630 comparat,
1717 1589 1755 1619 ad
1783 1588 1930 1618 auxilium

141 1659 282 1688 vocavit.
340 1657 464 1687 Vocem
494 1657 566 1700 ,Aa
603 1657 693 1686 vario
728 1656 821 1686 modo
855 1662 887 1687 et
924 1658 1166 1697 pronuntiarunt
1201 1663 1232 1687 et
1266 1655 1466 1695 interpretati
1493 1660 1578 1684 sunt.
1638 1654 1703 1684 Aut
1730 1661 1801 1682 cum
1828 1651 1931 1681 vocali

141 1719 298 1749 Dhamma
333 1723 389 1748 aut
425 1728 495 1748 cum
532 1719 639 1749 vocali
667 1718 771 1749 Fatha
806 1728 921 1749 vocem
947 1720 1198 1759 pronuntiarunt.
1259 1718 1319 1756 Qui
1346 1719 1481 1757 priorem
1512 1717 1636 1747 modum
1663 1719 1850 1755 sequuntur,
1878 1717 1933 1742 aut

141 1779 355 1809 decimam
388 1787 483 1818 opum
519 1783 639 1818 partem
670 1785 725 1811 aut
759 1790 875 1811 vocem
910 1790 929 1810 a
962 1780 1116 1822 singulari
1148 1780 1233 1823 :5³⁸²
1270 1779 1454 1809 derivantes
1483 1778 1732 1808 familiares
1759 1774 1932 1816 significari

141 1845 274 1882 putant,
301 1841 353 1879 qui
382 1844 486 1870 aulem
517 1842 727 1880 posteriorem
754 1842 940 1882 praeferunt
959 1847 1013 1873 aut
1043 1842 1116 1872 dec
1130 1853 1147 1872 e
1163 1853 1190 1872 m
1218 1847 1388 1879 noctes,
1419 1851 1500 1881 quae
1525 1839 1745 1870 Abu-l'Ahlae
1771 1835 1931 1866 sententia

141 1919 194 1945 est
221 1918 275 1945 aut
300 1914 407 1945 decem
436 1925 591 1954 personas
618 1916 791 1957 significari
817 1917 1022 1948 contendunt.
1057 1918 1262 1947 Inveniuntur
1289 1916 1434 1956 denique,
1462 1916 1513 1954 qui
1538 1898 1605 1959 5:⁸³²
1633 1912 1827 1953 (pauperes)
1856 1919 1932 1950 pro-

142 1978 308 2018 nuntient,
336 1982 370 2007 ut
397 1987 514 2008 sensus
543 1979 596 2015 sit,
627 1988 696 2017 cos,
726 1979 788 2009 etsi
815 1984 1005 2018 paupertate
1032 1980 1137 2018 pressi
1163 1984 1286 2018 essent,
1325 1983 1430 2008 tamen
1458 1979 1596 2017 hospitio
1623 1975 1796 2014 excepisse
1823 1974 1931 2004 conf.

143 2040 239 2071 Meid.
269 2040 306 2071 C.
334 2041 368 2081 2,
396 2041 450 2071 72.
508 2041 631 2071 Vocem
661 2039 739 2071 [ι’-ω
765 2040 951 2071 adhibuisse
978 2041 1116 2078 videtur,
1149 2046 1182 2071 ut
1209 2050 1244 2071 se
1272 2051 1333 2070 non
1362 2050 1438 2070 casu
1466 2040 1601 2080 quodam
1631 2043 1837 2075 commotum3
1875 2035 1934 2066 sed

143 2105 241 2134 libera
277 2105 462 2142 voluntate,
501 2108 535 2134 ut
565 2105 603 2134 iis
638 2109 734 2134 antea
769 2114 833 2134 rem
861 2103 1045 2144 sponderet,
1075 2114 1137 2134 rem
1165 2104 1282 2134 fecisse
1307 2103 1468 2133 indicaret.
1523 2103 1631 2132 Verbo
1659 2100 1750 2153 {xib-*e
1777 2100 1932 2140 duplicem

143 2165 411 2207 significationem
429 2167 495 2197 dari
511 2176 610 2207 posse
625 2173 844 2198 autmanum
873 2168 981 2196 inter
1009 2166 1276 2196 salutandum
1306 2164 1558 2207 porrigendi
1578 2169 1631 2194 aut
1661 2160 1932 2203 perquirendi

144 2227 343 2258 bominum
372 2229 666 2269 conditionem,
692 2229 885 2259 scholiastes
913 2228 1087 2258 adnotavit.
1115 2228 1270 2258 Liberalis
1301 2232 1405 2259 aulem
1425 2232 1486 2265 est,
1502 2228 1560 2265 eis,
1577 2227 1759 2265 quibuscum
1780 2224 1933 2254 amicitiae

143 2290 271 2320 vinculo
300 2291 487 2320 coniunctus
514 2300 576 2320 non
603 2300 638 2321 es
666 2297 720 2322 aut
746 2291 805 2330 eis,
834 2299 966 2331 quorum
995 2291 1205 2320 conditionem
1236 2290 1319 2320 haud
1345 2290 1473 2330 noscis,
1503 2289 1701 2320 benefacere.

142 2361 176 2391 6.
220 2363 318 2391 Pater
340 2362 474 2399 hospitis
497 2366 600 2391 aulem
625 2372 801 2400 yenerosus
830 2364 993 2397 surrexit,
1025 2365 1133 2401 quasi,
1168 2364 1241 2392 dum
1270 2365 1355 2392 seria
1377 2365 1493 2399 eqeral‚
1516 2361 1551 2389 ob
1574 2362 1703 2388 nimium
1723 2360 1823 2386 iocum
1847 2359 1932 2385 ioco-

950 2428 1008 2447 sus
1030 2421 1122 2451 esset,

265 2486 311 2516 Se
346 2487 470 2526 ipsum,
509 2494 601 2524 quem
636 2490 758 2524 patrem
791 2486 927 2526 hospitis
956 2487 1142 2526 appellavit,
1169 2487 1264 2516 talem
1291 2487 1452 2525 describit,
1481 2486 1532 2526 qui
1562 2483 1789 2523 hospitalilalis
1819 2482 1932 2512 officiis

141 2548 347 2579 satisfaciens
374 2558 498 2578 summo
529 2548 645 2589 gaudio
673 2548 856 2588 adficiatur,
897 2553 931 2578 ut
960 2550 1028 2579 eius
1057 2555 1169 2579 natura
1196 2550 1320 2578 omuino
1359 2554 1479 2578 mutata
1507 2548 1682 2580 videretur,
1710 2546 1826 2576 Arabis
1854 2546 1933 2575 euim

145 2620 206 2640 nou
234 2620 308 2641 esse
334 2612 418 2642 solet
445 2621 513 2641 cum
541 2611 611 2641 aliis
636 2612 731 2642 iocari
758 2612 865 2641 conf.
893 2612 991 2642 Meid.
1020 2612 1057 2642 C.
1086 2612 1120 2646 6,
1159 2612 1238 2642 115.
1269 2611 1326 2650 23,
1356 2611 1413 2641 25.
1442 2611 1499 2648 24,
1533 2610 1610 2640 166.
1644 2609 1722 2639 167.
1750 2608 1832 2638 477.
