2155 2892
946 122 1192 152 —91-

175 225 258 256 iecit.
298 225 388 256 Gens
420 231 482 255 turn
512 224 667 254 accedens
694 222 793 262 spolia
821 224 921 253 exuit„
950 225 1179 260 persecutores
1207 220 1276 249 dnm
1305 221 1444 251 timebat.
1500 223 1602 251 Nemo
1633 225 1758 261 praeter
1784 221 1878 260 bunc,
1907 222 1958 262 qui

171 291 234 318 tam
262 290 359 317 vivus
387 297 479 326 qnam
508 291 649 316 mortuus
678 284 827 313 mulieres
853 293 930 312 suas
966 282 1171 318 defenderet,
1212 283 1347 312 exstitit.
1411 283 1541 320 Quidam
1578 294 1617 313 ex
1655 284 1791 314 bostium
1828 294 1958 313 numero

171 351 241 381 eius
269 351 393 380 oculum
420 350 550 380 lanceae
576 347 708 386 cuspide
736 346 883 375 interiore
911 344 1094 374 confodiens
1123 344 1220 376 dixit:
1252 346 1340 375 Deus
1368 345 1527 375 dedecore
1549 352 1579 375 te
1599 346 1740 376 adliciat!
1772 346 1847 383 (sed
1876 346 1958 376 laudi

172 412 346 441 inserviunt
364 412 480 447 verba)
495 416 527 440 tn
547 411 625 439 enim
646 415 708 438 tum
728 408 824 437 vivus
840 417 933 446 qnam
957 412 1100 436 mortuus
1117 407 1262 437 mulieres
1282 408 1453 437 defendisti
1494 409 1647 438 Mulieres
1668 414 1773 438 nutem
1795 411 1822 439 in
1843 415 1958 440 terram

171 474 279 515 gentis
308 473 509 504 Banu-Viros
539 473 764 511 pervenientes
792 479 855 499 rem
883 475 1059 499 narrarunt.
1113 469 1162 500 Re
1189 471 1294 500 andita
1326 471 1504 500 Mnsalibus
1534 471 1561 499 b.
1591 471 1709 500 t'tnatas
1734 468 1802 509 (p.
1829 465 1956 509 ire.)

172 536 201 566 b.
230 535 440 575 Kawwaifflb,
473 535 650 564 avunculus
685 533 818 563 Rabiubi
853 542 922 562 cum
958 534 1098 573 equitum
1135 537 1233 563 turma
1269 533 1431 571 profectus
1459 532 1488 561 in
1526 532 1655 571 fastigio
1684 534 1774 562 collis
1803 541 1959 564 mortuum

171 598 340 638 spoliatum
369 599 495 628 invenit.
548 597 622 626 lnde
651 596 689 627 ud
717 596 839 626 bostem
868 595 1120 635 persequendum
1149 594 1283 634 profecti
1321 604 1416 633 quum
1451 604 1553 634 usque
1589 595 1627 624 nd
1665 601 1788 625 noctem
1816 606 1873 625 eos
1900 606 1960 626 non

172 661 315 691 assecuti
343 665 467 700 essent,
496 659 669 690 Rabialnnn
698 658 820 689 reversi
850 658 878 688 in
907 658 1037 698 fastigio
1065 657 1156 686 collis
1193 656 1314 687 Glrasal
1349 657 1531 696 sepelivere
1568 663 1599 687 ct
1635 658 1788 688 tumulum
1826 658 1961 697 lapidum

172 722 333 762 nigrorum
360 722 388 750 in
416 724 486 750 eins
514 721 684 760 sepulchro
722 725 893 749 erexerunt
930 720 957 748 in
994 720 1095 749 medio
1134 720 1255 750 silicem
1293 720 1393 750 albam
1429 721 1644 761 magnitudine
1680 722 1825 760 posticae
1863 722 1962 760 partis

171 783 278 814 cameli
306 786 433 813 mactati
461 790 625 822 ponentes,
679 783 796 813 Postea
823 783 951 822 quilibet
980 783 1083 812 Arabs
1111 782 1149 812 ad
1179 783 1261 812 istud
1290 783 1471 822 sepulcrum
1501 784 1657 812 transiens
1687 788 1739 812 aut
1768 783 1887 812 carnelo
1908 789 1962 813 ant

173 845 315 876 camelae
342 855 459 875 nervos
489 846 577 884 pedis
607 845 772 875 succidere
799 846 934 874 solebat.
988 844 1047 882 Qui
1076 845 1193 883 primus
1219 854 1334 874 morem
1361 845 1454 874 istum
1483 845 1685 883 relinqueret,
1715 847 1762 874 vir
1791 855 1831 874 ex
1852 846 1962 875 incolis

172 908 294 948 Taima,
322 909 370 938 cni
400 918 508 938 nomen
537 909 618 938 Cors
646 909 673 940 b.
704 908 837 948 chated,
865 908 903 938 ad
932 912 1060 947 gentem
1090 903 1330 937 Banu-l'llarits
1359 908 1385 937 b.
1415 908 1491 937 Fibr
1519 907 1681 946 pertinens
1708 907 1810 938 fuisse
1839 908 1960 939 dicitur.

173 970 236 1000 Atii
263 971 347 1000 illum
377 971 499 1009 virum,
541 971 590 1009 qui
618 970 822 1011 grandaevus
857 976 965 1007 esset,
1005 970 1041 1000 ad
1070 975 1198 1011 gentem
1226 970 1382 999 Koraiscb
1410 969 1604 1008 pertinuisse
1633 969 1748 999 dicunt..
1803 970 1864 999 Hic
1890 979 1962 1000 eum

173 1034 281 1072 potius
308 1034 447 1063 carmine
475 1034 596 1073 lugubri
624 1043 661 1063 se
688 1033 855 1072 deplorare
881 1032 963 1062 velle
991 1032 1080 1062 dixit.
1134 1032 1195 1061 Alii
1222 1033 1324 1061 virum
1355 1031 1527 1061 Abmruum
1556 1032 1583 1061 b.
1612 1032 1757 1061 Scbakik
1777 1032 1814 1062 ad
1834 1036 1962 1073 gentem

174 1094 250 1124 Fibr
282 1095 507 1134 pertinentem,
543 1094 594 1124 alii
628 1094 764 1124 llalzum
799 1094 825 1123 b.
856 1094 1006 1133 Alaclijas
1031 1094 1213 1124 Alnniritam
1250 1095 1420 1133 appellant.
1475 1094 1647 1124 Praeterea
1677 1104 1746 1123 enm
1774 1095 1963 1124 carminibus

172 1156 374 1196 deplorarunt
392 1157 570 1186 Mosalilms
599 1157 724 1197 aliique,
752 1166 883 1196 quorum
912 1157 971 1186 alia
999 1157 1027 1186 in
1055 1157 1145 1198 libro)
1174 1158 1224 1196 qui
1252 1158 1333 1196 loca,
1367 1158 1417 1187 ubi
1446 1157 1573 1196 equites
1590 1157 1685 1187 occisi
1713 1161 1796 1199 sunt7
1825 1163 1963 1197 enarrat,

175 1219 235 1249 alia
262 1222 292 1249 iu
319 1220 543 1249 commentario
570 1219 810 1260 Abu-Rijascbi
838 1220 1051 1250 inveniuntur.

980 1327 1154 1362 val.

811 1394 951 1429 ,llius
973 1394 1173 1437 quidam
1197 1394 1331 1428 dixit.

175 1476 203 1505 1.
227 1475 254 1506 0
276 1476 468 1514 Β]αι“ι]ιι1ιο.’
499 1477 581 1506 Dum
605 1479 636 1504 ιή
659 1487 707 1505 me
729 1477 915 1505 desiderium
939 1479 986 1505 lui
1007 1487 1129 1514 semper
1155 1480 1284 1514 crescit,
1309 1480 1343 1506 lu
1366 1488 1384 1506 a
1406 1488 1454 1506 me
1475 1481 1577 1516 massis
1599 1482 1763 1519 mayisque
1785 1485 1964 1512 removeris.

274 1558 382 1589 Virum
414 1559 558 1599 Djarijah
585 1561 777 1599 appellatum
805 1560 949 1599 deplorat
977 1564 1009 1589 et
1036 1568 1073 1589 eo
1107 1559 1224 1588 luctum
1261 1569 1417 1589 summum
1454 1561 1656 1599 manifestat,
1693 1563 1776 1602 quod
1811 1567 1964 1603 temporis

176 1619 312 1650 decursu
341 1631 429 1651 sunm
459 1625 572 1652 mortui
599 1622 790 1652 desiderium
818 1632 989 1663 crescere,
1027 1628 1184 1652 mortuum
1221 1627 1327 1651 autem
1363 1622 1401 1652 ab
1438 1623 1507 1662 ipso
1537 1624 1664 1665 longius
1693 1627 1849 1656 removeri
1878 1627 1962 1657 dicit.

175 1681 377 1712 Scholiastes
406 1684 580 1724 adnotavit,
611 1685 763 1724 particula
791 1682 798 1713 l
827 1690 980 1714 mortuum
1008 1694 1069 1714 non
1097 1684 1264 1724 deplorari,
1301 1687 1414 1726 quippe
1444 1687 1493 1717 cui
1521 1689 1564 1717 rei
1593 1689 1714 1719 nonnisi
1744 1690 1919 1728 particulae
1948 1687 1964 1725 ἒς

178 1746 209 1772 et
237 1742 259 1781 ἲ,
289 1744 462 1774 inserviant
492 1744 620 1782 (Gram.
648 1746 744 1775 Arab.
773 1746 808 1775 Τ.
838 1746 874 1775 11.
905 1756 932 1786 p.
962 1746 1050 1783 93.).
1114 1748 1147 1776 ln
1176 1749 1320 1778 vocando
1351 1756 1456 1779 autem
1486 1751 1612 1780 nomina
1641 1752 1786 1792 propria,
1820 1753 1964 1791 quibus

179 1805 324 1844 plures
351 1815 462 1844 quam
491 1813 578 1836 tres
605 1808 785 1838 litterae
813 1814 931 1849 sunt,
960 1810 1106 1840 breviora
1121 1810 1295 1840 redduntur
1312 1812 1435 1842 abiecta
1452 1812 1559 1842 littera
1587 1818 1599 1841 8
1627 1814 1727 1842 conf.
1757 1815 1827 1844 ibid.
1856 1825 1885 1854 p.
1906 1815 1962 1848 92.

179 1915 209 1943 2.
234 1913 260 1943 0
284 1916 473 1953 Djartjahe!
501 1919 530 1944 si
552 1919 655 1945 anima
679 1921 814 1947 animan
838 1923 953 1948 mot-tm·
972 1921 1106 1950 liberare
1130 1924 1251 1958 posset,
1287 1923 1392 1950 anima
1425 1932 1492 1950 mea
1520 1924 1690 1962 opibusque
1718 1926 1795 1953 meis
1825 1925 1965 1954 lubenter

951 1977 980 2001 le
1001 1975 1164 2003 liberarem
1174 1974 1189 2002 !

179 2037 210 2066 3.
236 2038 302 2066 Iam
324 2040 486 2075 sperabam
505 2040 589 2077 sure,
628 2042 662 2067 u!
688 2049 746 2075 per
776 2042 922 2076 temporis
949 2043 1084 2076 spatium
1113 2044 1142 2069 le
1168 2043 1239 2079 frui
1268 2043 1346 2071 milti
1373 2045 1616 2081 concedetel11r;
1648 2047 1706 2075 sed
1727 2048 1788 2076 Dei
1808 2049 1963 2078 decretum

893 2104 978 2130 spem
1002 2104 1100 2122 meum
1122 2098 1244 2132 ert'pm'l.

280 2161 414 2191 Luctum
443 2167 473 2191 et
505 2172 676 2192 moerorem
703 2173 795 2193 snum
825 2163 982 2203 ostendit,
1010 2163 1136 2204 dicens,
1164 2174 1220 2204 se,
1255 2171 1287 2195 ut
1315 2177 1384 2197 eum
1414 2169 1504 2198 morti
1533 2169 1684 2210 eriperet,
1711 2171 1854 2202 lubenter
1885 2183 1962 2212 opes

181 2224 341 2262 vitamque
369 2223 510 2253 daturum
538 2224 648 2256 fuisse.
678 2226 756 2255 Cum
787 2225 845 2255 boc
873 2226 1035 2267 coniungit
1053 2235 1155 2267 spem,
1172 2236 1263 2265 quam
1279 2229 1442 2269 babuerit3
1471 2240 1563 2269 qnam
1580 2237 1685 2261 antem
1702 2234 1826 2262 omnino
1845 2235 1960 2266 irritam

182 2283 283 2314 tuisse
311 2285 461 2315 declarat.
517 2286 590 2314 Vox
616 2289 698 2314 isi-a>
725 2291 845 2326 ternpus
868 2287 949 2317 band
968 2287 1149 2327 definitnn¹3
1187 2289 1241 2319 sed
1268 2291 1393 2330 longum
1412 2292 1572 2333 designat.
1608 2293 1712 2331 Quum
1730 2297 1759 2324 in
1780 2295 1839 2324 boc
1861 2306 1962 2327 versu

181 2347 287 2377 verbis
315 2344 356 2375 ,ut
384 2346 462 2375 sb&
489 2357 567 2376 usus
597 2348 648 2387 sit,
675 2353 706 2379 et
733 2350 761 2378 in
788 2354 943 2388 sequente
970 2347 1072 2393 jodssll
1095 2351 1250 2381 coniicere
1283 2353 1370 2391 licet,
1398 2360 1525 2393 poetam
1554 2360 1625 2394 post
1651 2357 1795 2386 lstamum
1824 2358 1959 2391 vixisse.

182 2458 214 2486 4.
238 2456 356 2486 Eheu!
373 2460 402 2486 te
423 2461 544 2486 mortno
566 2459 666 2495 quiuis
688 2461 847 2492 moriatur,
874 2469 947 2489 nam
965 2464 1095 2498 propter
1117 2464 1146 2491 te
1167 2462 1268 2491 solum
1287 2464 1358 2501 fala
1380 2463 1545 2493 timebam!

277 2539 412 2569 Tantum
448 2549 539 2569 suum
575 2548 649 2568 esse
684 2548 879 2582 moerorem,
915 2547 950 2572 ut
986 2542 1100 2572 nullius
1136 2549 1269 2574 mortem
1303 2545 1436 2583 amplius
1476 2548 1593 2576 timeat.
1658 2547 1801 2579 Similem
1827 2559 1958 2582 sensum

181 2606 276 2639 poeta
301 2601 394 2631 Ham.
421 2611 450 2640 p.
479 2601 535 2631 W?
564 2612 595 2631 v.
625 2603 654 2631 4.
683 2603 819 2641 protulit.
