2155 2892
880 136 1149 166 —530—

123 239 175 268 10.
220 238 354 268 Carnem
378 236 415 264 ab
437 245 473 264 ea
496 242 674 266 removens,
700 232 774 261 dum
795 235 828 261 in
848 242 954 270 yenua
972 232 1194 269 procubuerat,
1218 232 1314 260 sicuti
1333 240 1448 260 manus
1465 232 1578 268 funem
1601 231 1774 267 torquentis
1803 229 1915 259 librum

935 289 1102 314 removent.

219 360 253 388 In
281 356 490 388 describendo
518 365 659 396 pergens
687 355 824 396 modum,
854 364 915 394 quo
943 364 1055 385 carnes
1083 365 1100 384 e
1127 364 1262 394 corpore
1290 358 1506 394 removentur,
1533 362 1604 383 cum
1631 354 1732 390 modo,
1758 362 1818 391 quo
1837 353 1914 383 liber

120 430 138 450 a
172 421 241 450 viro
270 420 372 450 funem
412 423 580 457 torquente
608 418 645 447 ab
671 418 782 447 arbore
807 422 1001 455 removetur,
1031 422 1204 456 comparat.
1241 417 1275 445 In
1307 425 1390 445 voce
1424 414 1505 454 eflu-
1529 416 1706 445 accuratius
1736 413 1913 444 definienda

118 485 312 521 interpretes
339 481 423 511 haud
452 481 662 510 consentiunt.
689 480 782 519 Sunt,
800 481 851 519 qui
878 481 1000 510 arboris
1027 489 1142 509 nomen
1169 480 1198 509 in
1221 479 1340 508 Arabia
1356 478 1445 508 felice
1472 478 1657 516 crescentis,
1678 479 1768 506 euius
1789 480 1912 512 cortex,

119 544 202 574 unde
230 544 306 573 liber
333 544 421 573 albus
457 543 646 583 proveniat,
681 542 807 572 funibus
841 543 1043 572 conficiendis
1070 542 1244 582 inserviat,
1274 550 1350 570 esse
1377 539 1500 579 dicant,
1528 539 1599 569 dum
1629 539 1681 568 alii
1708 538 1834 577 plantae
1860 541 1916 567 aut

119 605 289 636 arundinis.
318 605 394 634 Inde
422 607 572 634 corticem
600 610 656 634 aut
683 605 804 634 arboris
832 609 887 634 aut
915 604 1074 634 arundinis
1103 604 1261 644 designat.
1292 603 1381 641 Mihi,
1409 602 1437 631 si
1463 602 1588 641 legendi
1616 601 1727 631 modus
1755 603 1786 630 in
1814 609 1914 629 versu

118 674 226 698 rectus
254 673 318 705 est,
346 668 540 706 comparatio
568 677 587 696 a
613 667 690 696 libro
719 667 841 696 arboris
869 666 1015 695 desumta
1041 665 1144 703 aptior
1163 664 1299 703 videtur,
1320 673 1412 702 qnam
1432 673 1450 693 a
1466 664 1582 693 cortice
1608 663 1779 693 arundinis.
1808 661 1915 691 Scho-

117 730 238 767 nastes,
267 730 337 759 aliis
368 730 517 768 plantam,
552 729 622 757 aliis
657 728 799 757 arborem
824 726 961 772 (Ῑᾷκίει),
996 737 1076 766 quae
1103 731 1236 756 contusa
1266 725 1472 756 conficiendis
1500 725 1622 755 funibus
1650 726 1815 765 inserviat,
1843 732 1915 754 esse

118 792 215 830 dicit3
243 791 300 820 sed
330 790 449 820 rectius
477 790 539 826 ,μεθ’
570 789 739 829 legendum
767 798 854 828 esse,
884 793 918 817 ut
944 798 1014 818 cum
1044 789 1148 829 modo,
1176 798 1236 827 quo
1265 791 1367 818 victor
1395 789 1492 818 occisi
1519 789 1655 817 exuvias
1677 788 1832 828 detrahat,
1861 796 1914 817 res

117 858 301 892 comparata
327 852 379 881 sit.
432 852 466 880 In
494 856 584 881 textu
611 851 745 880 'l'ebrisii
772 860 837 880 vox
863 850 925 887 &3⁵3
953 851 1080 891 legitur.
1134 850 1473 881 Abu-Moliammedes
1502 849 1653 879 Alahrabi
1680 858 1829 888 causam,
1858 858 1915 879 cur

118 920 214 954 poeta
240 914 394 944 camelam
424 917 589 943 mactatam
617 913 647 942 in
676 923 783 953 genua
810 914 1067 951 procumbentem
1096 913 1315 952 descripserit,
1345 913 1440 942 talem
1469 911 1585 951 fuisse,
1616 911 1734 941 retulit.
1791 911 1915 941 Arabes

118 978 286 1015 camelum,
314 987 353 1007 ne
381 981 540 1007 mactatus
568 977 597 1006 in
626 977 710 1006 latus
738 976 877 1013 decidat,
907 976 1067 1011 timenteS‚
1096 975 1133 1004 ab
1162 979 1293 1013 utroque
1319 975 1420 1004 latere
1447 974 1570 1013 fulcire,
1590 973 1690 1002 donec
1716 973 1744 1001 in
1771 973 1915 1013 genubus

117 1042 236 1071 cubans
265 1044 405 1070 mortuus
433 1042 493 1076 sit,
522 1040 638 1078 quippe
665 1040 709 1069 ita
736 1039 848 1069 melius
878 1048 972 1078 quam
998 1038 1028 1066 in
1056 1038 1155 1067 latere
1182 1036 1333 1067 decidens
1362 1036 1491 1065 mactari
1519 1037 1632 1074 possit.
1669 1036 1783 1065 Solere
1810 1040 1917 1064 autem

118 1106 293 1133 mactantes
323 1102 435 1132 mortui
463 1102 572 1131 cameli
601 1102 715 1131 collum
744 1102 824 1131 inter
852 1102 1003 1131 humeros
1032 1100 1155 1129 nonnisi
1183 1099 1331 1136 incidere,
1360 1099 1401 1127 ita
1428 1103 1462 1128 ut
1489 1098 1594 1128 laxum
1618 1098 1670 1128 sit.
1698 1099 1779 1127 Tum
1807 1106 1916 1127 came-

117 1165 176 1195 lum
203 1165 233 1193 in
261 1164 361 1194 latere
388 1174 406 1194 a
435 1163 513 1193 viris
540 1164 746 1200 circumdari,
782 1169 815 1193 ut
852 1163 913 1193 duo
947 1164 1009 1191 viri
1037 1162 1162 1202 gibbum
1190 1161 1356 1202 detegant.
1385 1161 1487 1191 Unum
1517 1166 1622 1191 autem
1650 1162 1752 1190 virum
1780 1161 1818 1190 ab
1854 1169 1916 1190 uno

117 1228 227 1263 latere,
255 1226 388 1255 alterum
417 1225 455 1254 ab
482 1225 583 1254 altero
611 1229 717 1265 stare,
755 1226 835 1255 duos
864 1226 944 1255 alios
974 1230 1062 1254 stare
1090 1224 1128 1253 ad
1156 1224 1330 1262 scapulas,
1359 1223 1439 1253 duos
1468 1223 1507 1253 ad
1535 1223 1687 1263 podicem,
1716 1224 1759 1253 ita
1787 1228 1820 1253 nt
1848 1228 1915 1252 tres

117 1288 156 1317 ab
183 1297 243 1318 uno
273 1288 392 1327 latere,
429 1292 492 1317 tres
530 1288 566 1317 ab
597 1288 696 1317 altero
725 1288 787 1317 sint
815 1297 945 1326 operam
972 1287 1097 1326 dantes,
1125 1292 1159 1316 ut
1187 1287 1278 1326 pellis
1308 1297 1369 1316 una
1396 1287 1480 1325 vice,
1509 1286 1581 1316 dnm
1610 1286 1724 1315 animal
1752 1286 1780 1314 in
1809 1295 1915 1326 genua

117 1350 334 1391 procubuerit,
360 1349 552 1380 detrahatur.
583 1350 617 1380 In
634 1351 774 1390 margine
790 1349 926 1380 'l'ebrisii
952 1351 1032 1379 alter
1062 1349 1188 1391 legendi
1216 1349 1346 1379 modus:
1375 1338 1460 1384 0435
1488 1349 1617 1390 ώληκλο
1647 1348 1826 1387 adscriptus
1853 1352 1913 1379 est.

118 1446 165 1474 ll.
209 1446 255 1474 Et
275 1446 352 1479 elisi,
380 1455 475 1484 quum
499 1455 590 1473 mane
619 1447 785 1479 adessent,
824 1448 897 1475 dum
928 1450 1025 1475 uxori
1053 1457 1139 1476 meae
1168 1448 1317 1475 mundata
1346 1447 1473 1476 dabam:
1506 1445 1606 1474 Filios
1634 1448 1703 1474 tuos
1731 1442 1915 1484 (hospites)

509 1501 668 1537 prandere
689 1501 767 1535 iube,
794 1510 866 1529 nam
886 1511 944 1537 per
963 1501 1074 1537 plures
1095 1511 1195 1530 annos
1218 1503 1258 1530 iis
1280 1511 1342 1529 mm.
1364 1500 1533 1530 occurres!

218 1568 378 1606 Quantam
406 1569 567 1608 hospitum
593 1579 701 1599 curam
728 1568 857 1610 habeat,
886 1575 1079 1599 ostensurus
1109 1570 1190 1600 filios
1223 1580 1279 1600 eos
1308 1571 1457 1609 appellat.
1485 1570 1637 1599 Summae
1666 1574 1773 1598 autem
1801 1568 1914 1608 hospi-

117 1630 248 1660 talitatis
275 1631 423 1660 indicium
450 1632 479 1660 in
507 1640 545 1660 eo
573 1631 711 1671 invenio,
740 1632 823 1671 quod
851 1642 908 1661 eos
936 1642 998 1661 non
1026 1632 1164 1671 dimittit,
1192 1637 1359 1670 autequam
1392 1632 1554 1671 prandium
1581 1631 1832 1661 commederunt.
1872 1630 1915 1661 Ut

118 1701 155 1730 rs,
182 1695 234 1730 qni
262 1691 419 1730 hospitem
449 1693 577 1731 excipit,
595 1698 685 1732 pater
714 1693 853 1732 hospitii,
881 1697 928 1723 sic
954 1703 1034 1723 uxor
1062 1699 1162 1723 mater
1189 1695 1319 1733 hospitii
1346 1695 1533 1733 appellatur.

116 1775 170 1803 122.
215 1775 335 1803 Eorum
357 1778 450 1810 paler
471 1776 628 1813 appellor,-
663 1777 720 1804 sed
746 1786 850 1811 nemo,
883 1787 931 1805 me
954 1787 1021 1805 cnm
1054 1787 1160 1806 eorum
1189 1781 1288 1806 matre
1312 1788 1376 1807 rem
1408 1779 1575 1813 habuisse,
1598 1781 1781 1815 suspicatus
1813 1782 1861 1807 est
1889 1782 1919 1807 et

119 1827 180 1867 (1).
217 1828 356 1868 (ἰθθ.)
543 1841 733 1869 quamquam
757 1832 809 1859 diu
832 1834 908 1863 risi,
937 1836 1039 1860 lamen
1062 1842 1168 1860 eornm
1190 1841 1294 1868 glenus
1317 1832 1405 1861 ltaml
1426 1835 1505 1861 nori.

118 1884 170 1913 13.
217 1885 285 1922 Eyo
305 1886 392 1923 filius
413 1885 574 1914 Mam-ant
595 1896 686 1923 sum5
707 1887 856 1914 aram-uli
879 1889 940 1914 mei
959 1896 1038 1923 qens
1062 1885 1316 1914 Bmm-Matlaar
1337 1890 1428 1921 sunl,
1454 1897 1470 1915 e
1484 1896 1546 1925 qua
1568 1889 1719 1924 originem
1740 1887 1829 1922 duca,
1842 1887 1916 1915 dum

792 1943 815 1970 ii
837 1945 943 1970 coelus
964 1951 1140 1978 (senet-osus
1162 1944 1245 1969 sunl.

235 2010 319 2039 Sese
347 2011 438 2040 talem
466 2021 544 2051 erga
574 2020 631 2040 eos
659 2011 818 2052 gessisse,
847 2020 907 2040 non
936 2010 1018 2050 qnod
1047 2011 1249 2051 cognationis
1276 2010 1402 2039 vinculo
1429 2019 1498 2040 cum
1524 2010 1561 2038 iis
1590 2011 1776 2040 coniunctus
1805 2017 1914 2050 esset3

117 2071 176 2100 sed
201 2073 324 2101 nonnisi
353 2073 471 2104 liberali
497 2074 597 2103 animo
625 2077 822 2103 commotum.
877 2072 938 2110 Qui
966 2083 1043 2112 erga
1071 2073 1213 2102 homines
1240 2073 1300 2110 ipsi
1327 2072 1453 2109 ignotos
1481 2071 1668 2110 hospitalem
1696 2082 1734 2102 se
1761 2073 1913 2113 ostendit,

116 2135 144 2163 is
172 2135 290 2161 maiore
317 2133 543 2172 hospitalitatis
571 2134 664 2164 lande
694 2134 809 2175 dignus
838 2140 899 2163 est.
946 2135 979 2163 In
1007 2134 1117 2163 codice
1144 2135 1279 2163 'l'ebrisii
1307 2135 1386 2162 alter
1415 2133 1544 2174 legendi
1570 2133 1682 2163 modus
1708 2139 1783 2161 &mm
1809 2132 1913 2175 (prin-

118 2194 225 2233 cipes)
248 2195 317 2224 voci
338 2194 431 2238 (sitan
446 2196 647 2234 subscriptus
675 2202 736 2226 est.
766 2197 903 2227 Gentem
919 2196 1158 2226 Banu-Mathai·
1176 2196 1202 2224 h.
1230 2196 1390 2225 Schaiban
1418 2195 1563 2225 familiam
1591 2195 1699 2225 Matini
1727 2196 1755 2224 b.
1782 2195 1914 2234 Sajidah

116 2257 185 2296 (qui
214 2267 294 2286 anno
322 2258 384 2287 151
415 2257 557 2287 aut152
585 2263 639 2287 aut
672 2259 748 2288 158.
779 2260 960 2298 praefectus
990 2258 1183 2297 Sidjistanae
1203 2257 1282 2288 diem
1305 2258 1425 2287 obierat
1454 2256 1581 2300 (conf.
1609 2258 1747 2288 Meidan.
1782 2267 1853 2296 app.
1880 2261 1912 2287 et

116 2323 149 2347 et
177 2318 406 2350 Ebu-Challik.
435 2318 513 2347 Nro.
545 2318 645 2358 742.)
674 2319 786 2358 tuisse,
813 2320 1006 2350 scholiastes
1035 2320 1210 2350 adnotavit.

974 2414 1076 2447 ΙΙΙ.

758 2478 985 2513 Alius
1033 2480 1259 2515 «lixit.

116 2545 143 2572 1.
188 2544 316 2580 Quoties
340 2547 413 2579 viro,
439 2548 494 2583 qui
514 2556 610 2575 canes
635 2548 677 2576 ad
703 2548 885 2576 latrandum
919 2551 1094 2585 ear-cimbra,
1128 2551 1201 2578 dnm
1231 2551 1308 2579 ecleo
1331 2551 1411 2580 idem
1433 2553 1588 2588 repetivit,
1614 2552 1725 2586 iynem,
1753 2552 1806 2578 [ια’
1827 2551 1914 2588 liqna

799 2612 915 2639 magna
938 2607 1040 2642 erant,
1065 2607 1224 2633 suscmwi.
