2155 2892
881 136 1145 169 —335-

236 235 450 267 odoramenta
484 245 546 268 non
578 236 681 266 solum
717 235 842 267 tenniuis
868 236 995 274 (cons.
1032 237 1123 269 flatu.
1153 246 1181 275 p.
1207 247 1258 267 000
1285 246 1315 265 v.
1345 236 1422 275 2.);
1449 246 1558 267 vorum
1585 237 1679 268 ctiam
1708 238 1786 269 viris
1814 242 1904 278 grata

128 297 230 330 fuisse
262 298 416 329 videmus.
475 298 631 331 Moschus
659 298 688 328 in
724 308 844 330 summo
873 298 992 330 honore
1018 303 1097 329 orat.
1158 299 1263 329 Vitnin
1289 304 1395 329 autem
1423 300 1474 329 tuli
1507 300 1598 332 inodo
1626 305 1784 340 peractam
1813 300 1906 332 laude

127 365 160 391 et
186 358 394 393 admiratione
421 361 546 403 dignam
572 370 648 392 esso
675 360 760 397 dicit,
787 363 815 390 si
843 361 979 393 duraret.
1031 362 1140 393 'l'alom
1168 362 1262 404 igitur
1290 365 1389 392 vitam
1418 373 1477 392 non
1506 364 1618 394 dirrare
1641 367 1781 403 queritur
1798 369 1905 404 optat-

127 432 188 462 que
213 424 317 461 simul,
343 429 375 455 ut
402 423 502 455 duret.
531 423 589 453 llic
615 432 733 454 sensus
761 432 820 454 usu
847 424 1017 463 particulae
1035 421 1070 464 ,J
1098 432 1134 455 se
1168 424 1240 455 milu'
1271 425 1386 455 oll'crre
1415 426 1562 465 videtur;
1583 427 1677 456 vitum
1704 428 1785 457 enim
1812 427 1905 458 talem

129 485 211 516 haud
249 486 362 516 dirrare
397 485 555 526 significat
595 486 722 524 (cons.
761 485 870 517 Grani.
910 487 966 515 Ar.
1007 487 1042 516 T.
1080 488 1092 515 1
1129 496 1157 526 p.
1186 488 1268 518 561.
1296 488 1422 519 Antbol.
1451 498 1551 529 gram.
1581 498 1610 527 p.
1643 488 1708 520 173
1736 496 1767 520 ct
1799 486 1905 532 175.)

129 548 206 578 Post
234 549 414 588 particulam
443 545 478 586 b,
513 556 594 585 quae
630 552 690 576 tum
719 546 894 578 invocando
921 559 1012 589 quam
1040 549 1221 580 admirando
1249 551 1381 581 inservit
1407 551 1642 581 substantivum
1672 551 1906 582 Nunnutionem

129 613 237 642 uitiittit
264 611 391 650 (Grnm.
422 611 476 640 Ar.
505 611 540 639 'l'.
569 611 595 639 ll
624 620 652 649 p.
680 610 725 640 9²
753 611 831 650 sq.).

130 722 181 751 12.
225 721 270 750 E!
291 722 372 748 inter
393 728 450 748 nos
483 722 637 748 cantrices
668 721 755 757 apud
779 722 915 751 bibentes
944 727 1037 752 erant
1067 727 1097 754 et
1125 725 1274 755 dorcades
1303 722 1447 762 (puellae
1476 721 1662 764 pulchrae),
1687 724 1798 762 quibua
1822 734 1903 761 aqua

886 776 989 804 calida
1008 782 1153 812 paratur.

228 857 276 888 Ad
306 859 403 889 vitam
430 859 593 890 iucundam
620 858 858 889 describendam
875 859 964 890 redit.
993 860 1231 898 ,antiquissimis
1257 861 1451 900 temporibus
1480 864 1576 890 cantu
1596 858 1768 898 puellarum
1787 858 1909 888 Arabes

127 929 165 949 se
192 920 393 962 (intonasse,
421 932 460 951 ex
503 923 572 952 loco
600 922 750 952 Meidunii
783 922 819 952 C.
850 921 915 952 23›
944 922 1015 952 517
1042 922 1205 961 videmus,
1230 924 1260 953 in
1287 933 1347 963 quo
1375 924 1505 954 duarum
1532 923 1706 953 cantricum
1733 910 1908 968 (Obolfssl)

129 982 198 1012 sine
225 982 317 1013 dubio
353 985 392 1013 ob
418 984 540 1015 dulcem
570 994 682 1015 vocem
711 994 779 1014 cum
807 984 938 1014 locustis
968 991 1218 1023 comparatarum
1252 987 1368 1018 montio
1402 986 1437 1017 fit
1467 992 1609 1025 tempore
1638 985 1828 1016 Abditarum
1857 986 1908 1015 vi-

132 1047 281 1076 ventium.
335 1046 464 1077 Pactam
492 1047 731 1077 celeberrimum
759 1047 1129 1087 Aiuru-ffiaisum,ante
1156 1047 1412 1078 Mohammedem
1439 1050 1600 1078 viventem
1629 1048 1783 1078 cantrices
1803 1056 1909 1079 secum

131 1106 294 1147 babuisse,
310 1109 421 1146 quibus
446 1109 476 1138 in
503 1110 604 1149 epulis
633 1113 786 1150 uteretur,
806 1120 846 1140 ex
873 1110 939 1140 vita
965 1110 1034 1140 eius
1064 1110 1180 1148 (cons.
1208 1110 1568 1140 DiwanAmru-l'Kaisi
1596 1120 1624 1149 p.
1654 1111 1685 1140 9.
1713 1111 1731 1140 l.
1760 1111 1800 1149 8)
1828 1120 1911 1151 cog-

131 1174 302 1202 noscimus.
354 1173 449 1202 Tales
476 1174 633 1204 cantrices
653 1174 786 1204 maxime
814 1173 962 1203 Persicos
988 1173 1097 1203 modos
1125 1173 1254 1203 vocibus
1281 1172 1426 1202 Arabicis
1454 1177 1596 1211 aptasse,
1623 1173 1765 1208 coniicio,
1796 1173 1911 1212 quippe

131 1239 205 1265 ante
227 1233 479 1265 Mobammedem
509 1238 586 1265 artis
615 1236 754 1266 musicae
782 1235 994 1276 cognitionem
1030 1246 1049 1266 a
1084 1236 1194 1266 Persis
1220 1235 1260 1266 ad
1287 1236 1410 1268 Arabes
1437 1237 1579 1276 venisse,
1606 1236 1739 1267 dubitari
1764 1246 1825 1267 non
1852 1246 1912 1277 po-

133 1301 209 1326 test.
272 1295 445 1327 Praeterea
481 1297 602 1337 puellas
638 1298 784 1338 pulchras
812 1298 970 1328 Arabibus
1007 1298 1036 1328 in
1069 1298 1191 1329 deliciis
1218 1298 1328 1339 fuisse,
1356 1308 1447 1331 nemo
1475 1308 1535 1330 non
1556 1309 1598 1329 ex
1624 1299 1812 1330 carminibus
1838 1302 1912 1330 scit.

132 1358 262 1388 Puellae
286 1357 433 1398 pulchrae
467 1360 555 1390 vario
589 1359 678 1389 modo
713 1369 781 1390 cuin
820 1358 1010 1390 dorcadibus
1037 1365 1279 1401 comparantur,
1319 1369 1398 1399 qnae
1436 1369 1485 1391 res
1513 1370 1612 1391 cansa
1646 1365 1708 1399 est,
1733 1371 1790 1391 cur
1817 1367 1912 1401 poeta

130 1419 252 1460 puellas
283 1420 370 1459 ipsas
405 1420 561 1451 dorcades
588 1421 806 1461 appellaverit.
870 1422 1011 1452 Maxime
1042 1426 1146 1452 autem
1173 1422 1285 1453 collum
1312 1422 1457 1461 oculique
1486 1422 1657 1454 dorcadum
1689 1430 1911 1463 comparantur

131 1482 351 1513 Ebu-Doraid.
381 1483 490 1513 Makz.
518 1494 549 1513 v.
582 1484 611 1514 1.
663 1484 895 1514 Amru-1·Kaisi
926 1484 1034 1515 Moall.
1064 1495 1095 1514 v.
1126 1483 1183 1516 32.
1209 1484 1319 1515 Lebid.
1346 1486 1453 1515 Moall.
1488 1486 1540 1516 14.
1570 1486 1652 1516 Diw.
1681 1486 1913 1517 Amru-l'Kaisi

132 1555 162 1585 p.
189 1544 219 1574 Η
246 1555 278 1575 v.
309 1545 340 1575 6.
393 1545 519 1575 Halitus
545 1555 669 1586 quoque
699 1546 823 1586 puellae
851 1556 920 1577 cum
948 1548 1046 1578 halitu
1074 1546 1218 1577 dorcadis
1246 1547 1404 1577 confertur
1428 1549 1521 1578 Ham.
1549 1558 1578 1588 p.
1606 1551 1649 1578 r⁴1⁶1
1677 1559 1708 1578 v.
1738 1549 1768 1579 2.
1800 1548 1913 1580 Gene-

133 1608 207 1638 ralis
234 1608 427 1647 comparatio
454 1609 644 1648 saepissime
672 1609 807 1638 occurrit
835 1609 955 1639 Caahb.
986 1610 1014 1640 b.
1044 1610 1159 1639 Sohair
1187 1620 1216 1638 v.
1247 1610 1278 1640 2.
1304 1610 1411 1640 Taraf.
1440 1611 1548 1640 Moall.
1575 1621 1607 1640 v.
1639 1611 1660 1641 6
1687 1620 1753 1652 sqq.
1795 1613 1914 1643 Amara

133 1671 239 1700 Moall.
267 1680 298 1699 v.
328 1671 372 1700 57
401 1676 433 1700 et
460 1672 552 1702 Ham.
581 1682 609 1712 p.
638 1671 681 1701 tm*
707 1681 738 1702 v.
767 1671 788 1701 2
817 1670 859 1701 0¹²!
887 1681 917 1700 v.
948 1672 967 1700 4
997 1672 1162 1711 multisque
1192 1672 1280 1702 locis.
1336 1672 1529 1712 Comparant
1557 1682 1678 1712 quoque
1698 1674 1818 1713 puellas
1845 1684 1914 1706 cum

133 1731 320 1762 dorcadibus
356 1733 384 1761 in
421 1733 523 1763 arenis
558 1734 741 1764 viventibus
777 1735 878 1772 (Diw.
908 1734 1157 1764 Amru-l'Kaisi
1192 1744 1220 1773 p.
1247 1737 1266 1764 rt
1296 1744 1326 1764 v.
1360 1735 1432 1773 18.)
1463 1739 1495 1763 et
1521 1744 1591 1765 cum
1619 1735 1808 1766 dorcadibus
1837 1737 1915 1766 albis

134 1794 244 1831 (Ham.
285 1804 313 1834 p.
349 1795 406 1823 ΡΜ
445 1804 476 1823 ν,
516 1796 576 1835 5,).
637 1796 763 1826 Puellae
806 1803 911 1827 autem
947 1798 1016 1827 illae
1059 1797 1194 1826 delicate
1229 1797 1381 1829 coluntur.
1445 1796 1494 1828 Ad
1522 1806 1628 1826 earum
1655 1806 1744 1825 usum
1774 1802 1916 1836 tempore

133 1855 246 1885 hiemis
284 1866 362 1894 aqua
401 1856 521 1897 calida,
561 1861 593 1887 ut
629 1860 709 1887 cutis
753 1864 861 1889 tenera
895 1864 1150 1897 conservaretur,
1178 1859 1355 1899 parabatur.
1424 1857 1500 1888 Vita
1535 1858 1636 1888 mollis
1664 1862 1695 1888 et
1721 1858 1861 1889 delicata
1886 1859 1914 1887 in

135 1918 258 1948 feminis
287 1919 429 1949 laudatur
454 1921 546 1951 Ham.
572 1922 629 1950 ov‘l.

138 2029 191 2058 13.
234 2029 422 2066 Aliyratnus,
448 2031 596 2068 quamdin
619 2033 755 2068 miyrare
777 2032 893 2061 licitum
912 2035 968 2066 esl,
993 2035 1056 2060 lum
1078 2034 1140 2059 Ιιιιη
1164 2031 1330 2067 opulentus
1353 2040 1369 2059 e
1391 2030 1478 2059 nobis
1500 2039 1592 2068 qnam
1613 2039 1730 2066 eqeuus
1751 2031 1919 2059 devertitur

139 2082 191 2112 14.
237 2083 290 2111 Ad
302 2084 420 2121 soc-eas,
446 2093 579 2121 quarum
603 2086 768 2122 inferiores
788 2090 896 2122 ραι-[ες
919 2096 1014 2114 cavae
1036 2087 1111 2113 sunl
1131 2087 1160 2112 el
1183 2086 1361 2120 superiores
1384 2084 1465 2119 lupis
1490 2086 1622 2112 erectus.

241 2164 282 2193 Hi
310 2173 426 2193 versus
452 2173 521 2194 cum
549 2165 611 2195 line
638 2176 755 2196 versus
784 2166 936 2197 undecimi
965 2167 1062 2206 magis
1092 2166 1276 2196 cohaerent.
1306 2165 1443 2194 Mortem
1471 2173 1574 2202 neque
1602 2164 1692 2195 diviti
1719 2174 1819 2204 neque
1839 2174 1918 2203 pau-

139 2224 204 2263 peri
232 2232 373 2262 parcere.
427 2223 515 2254 Prior
541 2235 657 2256 versus
685 2237 754 2258 cum
784 2229 961 2266 posteriore
988 2228 1031 2257 ita
1056 2228 1244 2258 coniunctus
1273 2231 1336 2266 est,
1365 2231 1399 2255 ut
1425 2225 1537 2265 prioris
1562 2235 1680 2255 sensus
1709 2227 1831 2256 nonnisi
1858 2225 1918 2256 ad-

140 2286 204 2316 dito
232 2286 409 2324 posteriore
437 2287 558 2327 integer
585 2289 751 2327 reddatur,
787 2300 879 2329 quam
914 2299 979 2319 rem
1007 2288 1090 2319 haud
1119 2289 1280 2328 probatam
1317 2297 1335 2317 a
1363 2289 1409 2317 rei
1437 2288 1588 2317 metricae
1616 2287 1724 2326 peritis
1752 2290 1840 2330 μ
1867 2290 1918 2318 ant

139 2351 247 2387 ossan&
273 2348 448 2387 appellatur
475 2348 597 2386 (conf.
625 2351 832 2392 Darstellnng
858 2351 886 2381 d.
916 2352 1012 2382 Arab.
1043 2352 1226 2382 Verskunst
1253 2354 1311 2381 etc.
1340 2360 1368 2390 p.
1397 2349 1467 2380 332
1495 2350 1571 2388 sq.).
1625 2349 1765 2378 Verbum
1784 2344 1863 2380 Qua
1880 2348 1919 2378 ab

141 2420 202 2440 uno
230 2411 299 2440 loco
326 2411 354 2440 in
382 2410 513 2443 alterum
539 2413 763 2453 transmigrare
790 2414 959 2456 siguificat.
1010 2415 1045 2444 In
1071 2415 1140 2445 loco
1168 2416 1258 2445 Ham.
1286 2424 1314 2453 p.
1341 2412 1389 2442 fn*
1415 2413 1454 2443 de
1481 2422 1531 2451 ee,
1560 2414 1610 2450 qui
1639 2412 1740 2441 locum
1761 2411 1918 2451 relinquit,

141 2476 174 2504 ut
200 2473 337 2512 pericula
364 2473 490 2504 evitans
523 2479 652 2507 mortem
680 2474 824 2516 effugiat,
843 2476 1011 2507 adhibitum
1038 2482 1099 2507 est.
1152 2477 1231 2508 Cum
1259 2477 1317 2506 hac
1343 2479 1450 2506 nostro
1478 2474 1548 2504 loco
1573 2478 1647 2512 apta
1672 2472 1919 2513 significatione,

141 2535 231 2565 vocis
263 2532 335 2575 ἐφ
371 2545 449 2567 usus
485 2535 641 2566 cohaeret.
708 2536 913 2575 comparavit
950 2539 1046 2580 igitur
1079 2543 1174 2577 poeta
1201 2539 1294 2568 vitain
1321 2546 1392 2566 cum
1423 2536 1552 2573 itinere,
1580 2544 1621 2565 ex
1648 2543 1708 2574 quo
1736 2533 1862 2565 tandem
1888 2536 1920 2565 in

142 2597 336 2635 sepulcrum,
365 2597 466 2628 locum
500 2598 614 2637 quietis
649 2598 741 2627 homo
777 2598 924 2630 devertit.
989 2600 1029 2630 Ut
1059 2609 1168 2630 omnes
1195 2599 1336 2628 homines
1365 2597 1558 2637 designaret,
1585 2596 1701 2629 divites
1729 2596 1918 2636 pauperibus

1523 2658 1568 2688 43
