2155 2892
910 103 1151 134 -88-

139 214 206 235 vox
231 205 348 253 {5535
376 202 472 232 futuri
499 202 637 232 Nasbati
663 202 794 232 formam
822 211 884 231 non
910 202 1047 244 habeat,
1084 206 1179 242 poeta
1214 201 1295 232 hanc
1321 211 1436 232 vocem
1465 210 1537 231 cum
1575 203 1837 234 antecedentibus
1865 213 1926 234 non

138 268 334 307 coniungens
361 265 400 295 de
428 274 513 294 novo
541 265 658 304 incepit
685 261 800 307 (conf.
829 264 940 295 Gram.
967 265 1065 296 Arab.
1093 265 1129 294 Τ.
1158 265 1196 293 11.
1224 274 1255 303 p.
1281 262 1391 306 294).
1444 263 1531 293 Idem
1567 262 1713 302 loquendi
1747 266 1860 296 modus
1895 266 1925 295 in

138 329 255 360 Coi-ani
287 328 357 357 loco
378 327 451 357 Sur.
473 327 509 364 2,
529 326 609 356 284.
637 328 667 355 in
694 336 777 356 voce
798 328 886 370 52:155
912 326 1082 355 invenitur.
1134 325 1177 354 Ut
1203 324 1233 354 in
1261 324 1386 354 Corano
1412 324 1461 354 sic
1489 325 1518 353 in
1546 325 1696 355 versibus
1723 325 1785 355 iste
1811 327 1925 357 modus

137 391 288 429 frequens
318 393 378 420 est.
431 389 515 419 Idem
546 389 660 419 modus
687 389 717 418 in
744 398 844 418 versu
879 393 1036 427 sequente
1071 389 1147 417 voci
1181 381 1277 425 :af-21¹3
1313 391 1365 416 est
1393 387 1501 424 (metr.
1530 387 1690 426 'I'hawiDz
1732 387 1925 425 Quoties—

135 461 295 490 cunque
321 461 409 481 eam
436 451 579 481 subito
606 450 844 489 conspicio,
872 450 1092 480 attonitus
1120 449 1193 479 vix
1219 448 1485 488 respondere
1511 459 1691 489 possum.

133 562 200 603 (ι).
211 561 342 602 410.)
365 563 395 593 5.
409 559 597 600 Dulce‘erqa
619 564 719 599 ipsam
743 561 860 597 arsendi
874 562 1026 588 rationem
1038 562 1124 588 luam
1141 561 1287 587 amittens
1296 569 1354 595 per
1369 563 1490 589 noctem
1502 560 1660 599 familiam
1671 570 1763 589 suam
1782 570 1927 591 somnum

821 616 957 650 eripiens
980 613 1084 641 dolore
1107 613 1235 650 adslzffl'l.

234 689 360 720 Statum
387 687 511 727 puellae
539 691 613 726 post
640 690 769 714 mortem
798 683 905 713 matris
933 682 1095 711 describit.
1140 682 1246 711 Mater
1275 681 1392 710 vivens
1420 681 1556 720 puellam
1583 683 1719 725 benigne
1748 689 1927 722 curaverat,

135 751 218 793 quod
246 761 338 791 quum
366 760 427 780 non
443 750 575 789 amplius
590 748 690 785 fieret,
719 747 822 787 puella
837 756 893 785 per
913 749 1012 774 totam
1027 747 1149 773 noctem
1167 744 1295 782 plorans
1309 743 1444 773 familiae
1464 745 1600 783 quietem
1615 747 1743 786 eripuit.
1783 747 1817 776 In
1836 748 1928 777 Mer-

135 815 218 846 sukii
245 814 355 844 codice
382 822 438 852 pro
466 821 548 841 voce
569 814 655 855 stam]
684 810 799 850 legitur
825 811 926 848 &sq-mli
954 817 1025 837 oum
1054 805 1161 836 eadem
1188 806 1432 846 significatione.
1469 807 1550 837 Voci
1577 804 1658 842 &Lu-&⁴
1684 809 1794 839 indolis
1822 810 1927 850 signi..

141 878 318 908 ficationem
346 885 434 916 esse,
463 885 503 905 ex
531 879 686 913 sequente
712 882 812 902 versu
839 874 974 910 apparet
1000 867 1107 913 (metr.
1134 865 1276 910 Wafir):
1315 869 1347 898 Ii
1375 878 1476 909 gens
1504 880 1591 900 mea
1618 876 1715 901 sunt
1742 876 1783 902 et
1808 871 1927 902 indo-

136 941 200 971 les
228 949 371 970 eorum
399 937 509 968 haud
536 936 654 976 novi,
683 944 784 975 quas
812 933 1008 977 mihibpro
1036 941 1122 961 mea
1148 932 1286 961 indole
1312 931 1522 963 dederunt.

135 1052 168 1081 6.
192 1050 296 1087 Quum
317 1051 385 1078 eius
409 1049 549 1086 suspiria
570 1050 665 1075 noclu
687 1041 871 1086 audsshall
895 1047 941 1073 br
962 1046 991 1071 te
1008 1043 1136 1081 fistulae
1156 1042 1240 1071 oculi
1260 1043 1320 1070 mei
1342 1042 1492 1079 lucrymis
1514 1048 1655 1073 manant.

234 1120 352 1151 Status
388 1118 440 1148 ille
474 1116 599 1156 puellae
635 1116 782 1155 relictae,
819 1113 893 1142 dum
927 1112 1008 1142 illam
1043 1112 1258 1152 suspirantem
1296 1111 1402 1150 audit,
1439 1112 1580 1143 dolorem
1616 1113 1720 1143 mariti
1755 1114 1793 1144 ob
1821 1117 1928 1145 matris

138 1187 272 1214 mortem
298 1182 337 1212 de
364 1190 449 1211 novo
478 1180 609 1210 excitat.

956 1269 1103 1303 XLV.

593 1338 733 1372 Dixit
756 1336 892 1371 Hafz
916 1337 955 1370 l».
981 1333 1209 1370 Alannar
1226 1333 1469 1368 cinanita.

139 1400 204 1446 (De
222 1406 358 1442 mortuo,
380 1410 471 1442 quem
483 1399 663 1440 deploravit
677 1402 784 1439 poeta,
808 1397 890 1427 conf.
905 1396 1002 1426 Meid.
1016 1395 1053 1426 C.
1069 1396 1102 1434 6,
1117 1396 1196 1427 169.
1211 1400 1244 1425 et
1259 1396 1343 1425 libr.:
1365 1395 1637 1436 Citab-Alaghani
1649 1395 1707 1425 sub
1717 1394 1838 1426 Rabiah
1849 1393 1929 1439 etc.)

236 1477 328 1518 Sunt,
357 1478 409 1515 qui
436 1484 554 1505 versus
583 1474 733 1504 Hassano
761 1472 907 1503 tribuant.
960 1471 1022 1500 Pro
1050 1479 1130 1500 voce
1156 1467 1283 1502 &2:955
1318 1470 1436 1511 legitur
1467 1467 1618 1512 will,
1653 1471 1737 1511 quod
1769 1472 1926 1501 nonnullis

138 1542 259 1572 rectius
285 1539 422 1569 videtur.
484 1537 720 1568 Grammaticus
748 1532 958 1564 Abu-l‘Fath
994 1538 1026 1562 et
1061 1542 1172 1562 nomen
1198 1535 1296 1571 02³²>
1323 1537 1356 1562 et
1382 1542 1560 1573 cognomen
1585 1531 1714 1570 &54:535
1741 1534 1927 1574 explicavit.

136 1603 180 1633 Ut
206 1603 373 1643 probaret,
403 1611 519 1631 vocem
547 1597 662 1636 cjhffbi
694 1599 725 1628 in
755 1597 932 1627 hominibus
959 1596 1098 1626 diversis
1126 1596 1284 1636 adhiberi,
1311 1605 1441 1626 versum
1468 1596 1580 1625 citavit
1606 1601 1789 1635 sequentem
1816 1597 1926 1635 (metr.

136 1664 295 1705 Redjes):
332 1664 532 1694 Homines
570 1662 738 1692 diversi
775 1664 874 1690 sunt
899 1658 1093 1697 variique
1120 1658 1336 1688 indolibus
1366 1664 1405 1688 et
1432 1668 1573 1689 omnes
1600 1669 1669 1689 eos
1697 1665 1817 1690 terra
1841 1661 1927 1690 col-

137 1727 239 1768 ligit
277 1726 333 1766 (de
369 1726 429 1755 hoc
464 1734 563 1755 versu
599 1723 706 1754 conf.
733 1722 831 1752 Meid.
859 1722 896 1754 C.
926 1722 959 1759 2,
989 1722 1076 1760 41.).
1137 1721 1371 1752 Grammaticus
1403 1717 1616 1752 Abu-l’Ahla
1650 1733 1764 1753 nomen
1798 1723 1927 1754 diverso

136 1790 226 1820 modo
262 1789 445 1829 explicavit.
507 1788 693 1827 Cognomen
731 1784 916 1815 Alahuaf
951 1794 970 1814 a
1005 1784 1094 1814 modo
1131 1783 1246 1822 pedum
1285 1787 1381 1815 Qu>
1415 1785 1576 1823 appellato
1606 1767 1755 1815 derivans
1795 1796 1923 1816 versum

138 1855 226 1893 citat,
253 1862 343 1891 quem
369 1857 470 1881 mater
497 1849 645 1880 Alaliuafi
672 1848 847 1887 beu—Kais9
874 1856 968 1885 quum
996 1856 1126 1885 puerum
1156 1846 1303 1886 brachiis7
1331 1850 1364 1875 ut
1390 1847 1543 1887 saltaret,
1568 1848 1754 1888 extolleret,
1783 1858 1924 1887 pronun·

139 1914 241 1944 tiasse
261 1914 359 1944 fertur
376 1914 483 1952 (metr.
501 1912 662 1952 Redjes):
692 1911 768 1940 Per
794 1904 942 1940 Deum!
969 1909 1052 1937 nisi
1078 1908 1212 1947 pedes
1241 1908 1333 1937 eius
1361 1908 1478 1936 curvi
1505 1911 1666 1946 essent,
1695 1908 1803 1939 inter
1830 1919 1925 1948 pue-

137 1985 208 2005 ros
236 1980 419 2005 vestros
444 1975 480 2004 ei
507 1973 709 2014 aequalis
738 1982 815 2002 non
844 1966 1104 2002 exsisteret!
1159 1970 1346 2011 Cognomen
1375 1979 1502 2010 quoque
1529 1974 1562 2000 et
1586 1968 1714 2001 ..22:³35
1735 1976 1767 2000 et
1784 1969 1924 2011 μὶᾳδὶ,

137 2038 249 2078 quibus
276 2038 384 2067 verbis
411 2037 519 2067 varius
546 2045 664 2066 sensus
691 2039 754 2072 est,
782 2035 923 2065 effertur.

138 2136 167 2166 1.
189 2135 240 2165 Ne
263 2134 427 2164 Rabialms
449 2135 475 2163 b.
498 2134 690 2163 lllocaddam
712 2135 855 2161 mortuus
878 2130 942 2160 sit!
961 2131 1071 2160 qubee
1093 2133 1264 2159 malulimte
1275 2132 1343 2159 eius
1359 2130 1540 2167 sepulcrum
1553 2130 1758 2167 sisuldplend
1771 2130 1926 2166 irrigent!

236 2205 373 2236 Carmen
401 2203 494 2233 modo
522 2203 647 2242 incipit,
684 2212 776 2241 quem
801 2202 893 2230 llam.
921 2210 952 2239 p.
979 2199 1014 2229 ἢ)
1041 2209 1072 2229 v.
1101 2200 1132 2229 6.
1162 2200 1349 2229 invenimus.
1402 2200 1436 2228 In
1472 2200 1649 2238 posteriore
1681 2208 1798 2228 versus
1833 2202 1921 2237 parte

136 2278 274 2309 morem,
305 2268 357 2307 qui
384 2266 487 2306 poetis
516 2268 594 2305 erat,
622 2270 656 2294 ut
682 2264 829 2304 sepulcra
856 2263 965 2303 pluvia
992 2263 1097 2304 rigata
1123 2263 1222 2293 velint
1250 2262 1376 2300 (conf.
1404 2263 1497 2292 Ham.
1525 2272 1555 2301 p.
1582 2263 1626 2292 &it
1653 2271 1685 2291 v.
1713 2262 1744 2291 2.
1774 2260 1837 2301 3.),
1864 2271 1922 2291 se·-

137 2336 231 2362 cutus
259 2335 321 2361 est.
373 2330 434 2360 Hic
461 2328 584 2358 Rabiah
610 2328 639 2360 b.
668 2328 858 2357 Mocaddam
896 2332 1041 2365 tempore
1077 2325 1208 2355 Ahmmi
1243 2325 1272 2354 b.
1308 2324 1416 2354 Mahdi
1445 2325 1539 2355 Carib
1567 2325 1683 2354 vivens
1710 2323 1760 2354 die
1788 2324 1921 2354 Alcadid

139 2394 263 2423 occisus
291 2397 340 2423 est
367 2391 469 2422 conf.
497 2390 636 2420 Meidan.
663 2383 818 2428 append(
850 2390 976 2419 Nomen
1004 2386 1110 2421 Λμλίιο
1136 2398 1154 2418 a
1185 2389 1284 2417 verbo
1311 2386 1400 2420 Λιλς
1429 2387 1630 2426 (momordit)
1658 2385 1832 2416 derivatum
1860 2391 1920 2416 est.

138 2456 214 2486 Vox
236 2454 321 2487 loo-5
337 2456 367 2485 in
385 2454 593 2493 sequentibus
620 2452 729 2482 verbis
756 2451 1003 2480 homoioteleuto
1032 2450 1185 2490 praeditis
1213 2450 1351 2480 adhibita
1377 2456 1450 2483 est:
1480 2449 1604 2487 »Quum
1630 2449 1718 2479 sidus
1742 2447 1920 2495 (Plejades)

138 2518 248 2555 oritur,
276 2522 308 2547 et
333 2517 450 2547 herbae
477 2511 628 2559 (aridae)
644 2514 831 2555 franguntur
847 2509 1006 2555 (tempore
1022 2513 1131 2542 summi
1152 2508 1279 2554 aestus)
1296 2515 1328 2542 et
1341 2512 1451 2541 asinae
1469 2509 1523 2553 (ab
1538 2506 1681 2552 onagris)
1701 2509 1918 2539 mordentur«.

138 2579 282 2610 Nominis
311 2579 479 2619 articulus,
519 2580 569 2617 qui
599 2578 775 2607 nominibus
811 2577 848 2607 ab
887 2574 1056 2605 adiectivis
1090 2574 1243 2604 derivatis
1277 2573 1424 2613 proprius
1461 2577 1532 2613 est,
1568 2573 1712 2603 abiectus
1739 2577 1808 2613 est3
1844 2572 1918 2603 talia
